<!DOCTYPE html>
<meta charset="utf-8" />
<!-- version 1 -->
<title>RU replay: Rawketz vs. acetrainer98</title>
<style>
html,body {font-family:Verdana, sans-serif;font-size:10pt;margin:0;padding:0;}body{padding:12px 0;} .battle-log {font-family:Verdana, sans-serif;font-size:10pt;} .battle-log-inline {border:1px solid #AAAAAA;background:#EEF2F5;color:black;max-width:640px;margin:0 auto 80px;padding-bottom:5px;} .battle-log .inner {padding:4px 8px 0px 8px;} .battle-log .inner-preempt {padding:0 8px 4px 8px;} .battle-log .inner-after {margin-top:0.5em;} .battle-log h2 {margin:0.5em -8px;padding:4px 8px;border:1px solid #AAAAAA;background:#E0E7EA;border-left:0;border-right:0;font-family:Verdana, sans-serif;font-size:13pt;} .battle-log .chat {vertical-align:middle;padding:3px 0 3px 0;font-size:8pt;} .battle-log .chat strong {color:#40576A;} .battle-log .chat em {padding:1px 4px 1px 3px;color:#000000;font-style:normal;} .chat.mine {background:rgba(0,0,0,0.05);margin-left:-8px;margin-right:-8px;padding-left:8px;padding-right:8px;} .spoiler {color:#BBBBBB;background:#BBBBBB;padding:0px 3px;} .spoiler:hover, .spoiler:active, .spoiler-shown {color:#000000;background:#E2E2E2;padding:0px 3px;} .spoiler a {color:#BBBBBB;} .spoiler:hover a, .spoiler:active a, .spoiler-shown a {color:#2288CC;} .chat code, .chat .spoiler:hover code, .chat .spoiler:active code, .chat .spoiler-shown code {border:1px solid #C0C0C0;background:#EEEEEE;color:black;padding:0 2px;} .chat .spoiler code {border:1px solid #CCCCCC;background:#CCCCCC;color:#CCCCCC;} .battle-log .rated {padding:3px 4px;} .battle-log .rated strong {color:white;background:#89A;padding:1px 4px;border-radius:4px;} .spacer {margin-top:0.5em;} .message-announce {background:#6688AA;color:white;padding:1px 4px 2px;} .message-announce a, .broadcast-green a, .broadcast-blue a, .broadcast-red a {color:#DDEEFF;} .broadcast-green {background-color:#559955;color:white;padding:2px 4px;} .broadcast-blue {background-color:#6688AA;color:white;padding:2px 4px;} .infobox {border:1px solid #6688AA;padding:2px 4px;} .infobox-limited {max-height:200px;overflow:auto;overflow-x:hidden;} .broadcast-red {background-color:#AA5544;color:white;padding:2px 4px;} .message-learn-canlearn {font-weight:bold;color:#228822;text-decoration:underline;} .message-learn-cannotlearn {font-weight:bold;color:#CC2222;text-decoration:underline;} .message-effect-weak {font-weight:bold;color:#CC2222;} .message-effect-resist {font-weight:bold;color:#6688AA;} .message-effect-immune {font-weight:bold;color:#666666;} .message-learn-list {margin-top:0;margin-bottom:0;} .message-throttle-notice, .message-error {color:#992222;} .message-overflow, .chat small.message-overflow {font-size:0pt;} .message-overflow::before {font-size:9pt;content:'...';} .subtle {color:#3A4A66;}
</style>
<div class="wrapper replay-wrapper" style="max-width:1180px;margin:0 auto">
<input type="hidden" name="replayid" value="ru-498085278" />
<div class="battle"></div><div class="battle-log"></div><div class="replay-controls"></div><div class="replay-controls-2"></div>
<h1 style="font-weight:normal;text-align:center"><strong>RU</strong><br /><a href="http://pokemonshowdown.com/users/rawketz" class="subtle" target="_blank">Rawketz</a> vs. <a href="http://pokemonshowdown.com/users/acetrainer98" class="subtle" target="_blank">acetrainer98</a></h1>
<script type="text/plain" class="battle-log-data">|j|Rawketz
|j|acetrainer98
|player|p1|Rawketz|101
|player|p2|acetrainer98|163
|gametype|singles
|gen|6
|tier|RU
|rated
|seed|21494,11324,22089,24191
|rule|Sleep Clause Mod: Limit one foe put to sleep
|rule|Species Clause: Limit one of each Pokémon
|rule|OHKO Clause: OHKO moves are banned
|rule|Moody Clause: Moody is banned
|rule|Evasion Moves Clause: Evasion moves are banned
|rule|Endless Battle Clause: Forcing endless battles is banned
|rule|HP Percentage Mod: HP is shown in percentages
|clearpoke
|poke|p1|Cinccino, M|item
|poke|p1|Banette, M|item
|poke|p1|Uxie|item
|poke|p1|Jellicent, F|item
|poke|p1|Scrafty, M|item
|poke|p1|Sigilyph, F|item
|poke|p2|Ambipom, M|item
|poke|p2|Jolteon, M, shiny|item
|poke|p2|Venusaur, M|item
|poke|p2|Medicham, M|item
|poke|p2|Cofagrigus, M|item
|poke|p2|Seismitoad, M|item
|rule|Swagger Clause: Swagger is banned
|rule|Baton Pass Clause: Limit one Baton Passer, can't pass Spe and other stats simultaneously
|teampreview
|choice|team 2, team 1, team 3, team 4, team 5, team 6|team 5, team 2, team 3, team 4, team 1, team 6
|
|start
|switch|p1a: Banette|Banette, M|326\/326
|switch|p2a: Cofagrigus|Cofagrigus, M|320\/320
|turn|1
|choice|move shadowclaw mega|move willowisp
|
|detailschange|p1a: Banette|Banette-Mega, M
|-mega|p1a: Banette|Banette|Banettite
|move|p1a: Banette|Shadow Claw|p2a: Cofagrigus
|-supereffective|p2a: Cofagrigus
|-damage|p2a: Cofagrigus|72\/320
|-activate|p2a: Cofagrigus|ability: Mummy|Prankster|[of] p1a: Banette
|move|p2a: Cofagrigus|Will-O-Wisp|p1a: Banette
|-status|p1a: Banette|brn
|
|-heal|p2a: Cofagrigus|92\/320|[from] item: Leftovers
|-damage|p1a: Banette|286\/326 brn|[from] brn
|upkeep
|turn|2
|choice|move shadowclaw|switch 6
|
|switch|p2a: Seismitoad|Seismitoad, M|414\/414
|move|p1a: Banette|Shadow Claw|p2a: Seismitoad
|-damage|p2a: Seismitoad|349\/414
|
|-heal|p2a: Seismitoad|374\/414|[from] item: Leftovers
|-damage|p1a: Banette|246\/326 brn|[from] brn
|upkeep
|turn|3
|choice|move willowisp|move stealthrock
|
|move|p1a: Banette|Will-O-Wisp|p2a: Seismitoad
|-status|p2a: Seismitoad|brn
|move|p2a: Seismitoad|Stealth Rock|p1a: Banette
|-sidestart|p1: Rawketz|move: Stealth Rock
|
|-heal|p2a: Seismitoad|399\/414 brn|[from] item: Leftovers
|-damage|p1a: Banette|206\/326 brn|[from] brn
|-damage|p2a: Seismitoad|348\/414 brn|[from] brn
|upkeep
|turn|4
|choice|move knockoff|move scald
|
|move|p1a: Banette|Knock Off|p2a: Seismitoad
|-damage|p2a: Seismitoad|283\/414 brn
|-enditem|p2a: Seismitoad|Leftovers|[from] move: Knock Off|[of] p1a: Banette
|move|p2a: Seismitoad|Scald|p1a: Banette
|-damage|p1a: Banette|118\/326 brn
|
|-damage|p1a: Banette|78\/326 brn|[from] brn
|-damage|p2a: Seismitoad|232\/414 brn|[from] brn
|upkeep
|turn|5
|choice|move shadowclaw|move scald
|
|move|p1a: Banette|Shadow Claw|p2a: Seismitoad
|-damage|p2a: Seismitoad|160\/414 brn
|move|p2a: Seismitoad|Scald|p1a: Banette
|-damage|p1a: Banette|0 fnt
|faint|p1a: Banette
|
|-damage|p2a: Seismitoad|109\/414 brn|[from] brn
|upkeep
|choice|switch 3|
|
|switch|p1a: Uxie|Uxie|354\/354
|-damage|p1a: Uxie|310\/354|[from] Stealth Rock
|turn|6
|choice|move stealthrock|move toxic
|
|move|p1a: Uxie|Stealth Rock|p2a: Seismitoad
|-sidestart|p2: acetrainer98|move: Stealth Rock
|move|p2a: Seismitoad|Toxic|p1a: Uxie
|-status|p1a: Uxie|tox
|
|-damage|p1a: Uxie|288\/354 tox|[from] psn
|-damage|p2a: Seismitoad|58\/414 brn|[from] brn
|upkeep
|turn|7
|choice|move psyshock|move scald
|
|move|p1a: Uxie|Psyshock|p2a: Seismitoad
|-damage|p2a: Seismitoad|0 fnt
|faint|p2a: Seismitoad
|
|-damage|p1a: Uxie|244\/354 tox|[from] psn
|upkeep
|choice||switch 6
|
|switch|p2a: Cofagrigus|Cofagrigus, M|92\/320
|-damage|p2a: Cofagrigus|52\/320|[from] Stealth Rock
|turn|8
|choice|move psyshock|move hex
|
|move|p1a: Uxie|Psyshock|p2a: Cofagrigus
|-damage|p2a: Cofagrigus|0 fnt
|faint|p2a: Cofagrigus
|
|-damage|p1a: Uxie|178\/354 tox|[from] psn
|upkeep
|choice||switch 2
|
|switch|p2a: Jolteon|Jolteon, M, shiny|272\/272
|-damage|p2a: Jolteon|238\/272|[from] Stealth Rock
|turn|9
|choice|move psyshock|move thunderbolt
|
|move|p2a: Jolteon|Thunderbolt|p1a: Uxie
|-damage|p1a: Uxie|10\/354 tox
|move|p1a: Uxie|Psyshock|p2a: Jolteon
|-damage|p2a: Jolteon|130\/272
|
|-damage|p1a: Uxie|0 fnt|[from] psn
|upkeep
|faint|p1a: Uxie
|choice|switch 5|
|
|switch|p1a: Scrafty|Scrafty, M|271\/271
|-damage|p1a: Scrafty|255\/271|[from] Stealth Rock
|turn|10
|choice|move dragondance|switch 3
|
|switch|p2a: Venusaur|Venusaur, M|302\/302
|-damage|p2a: Venusaur|265\/302|[from] Stealth Rock
|move|p1a: Scrafty|Dragon Dance|p1a: Scrafty
|-boost|p1a: Scrafty|atk|1
|-boost|p1a: Scrafty|spe|1
|
|upkeep
|turn|11
|choice|move firepunch|move sleeppowder
|
|move|p1a: Scrafty|Fire Punch|p2a: Venusaur
|-supereffective|p2a: Venusaur
|-damage|p2a: Venusaur|0 fnt
|-damage|p1a: Scrafty|228\/271|[from] item: Life Orb
|faint|p2a: Venusaur
|
|upkeep
|choice||switch 5
|
|switch|p2a: Ambipom|Ambipom, M|292\/292
|-damage|p2a: Ambipom|256\/292|[from] Stealth Rock
|turn|12
|choice|move highjumpkick|move fakeout
|
|move|p2a: Ambipom|Fake Out|p1a: Scrafty
|-damage|p1a: Scrafty|119\/271
|-damage|p2a: Ambipom|227\/292|[from] item: Life Orb
|cant|p1a: Scrafty|flinch
|
|upkeep
|turn|13
|choice|move highjumpkick|move return
|
|move|p2a: Ambipom|Return|p1a: Scrafty
|-damage|p1a: Scrafty|0 fnt
|-damage|p2a: Ambipom|198\/292|[from] item: Life Orb
|faint|p1a: Scrafty
|
|upkeep
|choice|switch 2|
|
|switch|p1a: Cinccino|Cinccino, M|291\/291
|-damage|p1a: Cinccino|255\/291|[from] Stealth Rock
|turn|14
|choice|move tailslap|switch 4
|
|switch|p2a: Medicham|Medicham, M|262\/262
|-damage|p2a: Medicham|246\/262|[from] Stealth Rock
|move|p1a: Cinccino|Tail Slap|p2a: Medicham
|-damage|p2a: Medicham|176\/262
|-damage|p2a: Medicham|104\/262
|-damage|p2a: Medicham|32\/262
|-damage|p2a: Medicham|0 fnt
|-hitcount|p2a: Medicham|4
|faint|p2a: Medicham
|
|upkeep
|choice||switch 4
|
|switch|p2a: Ambipom|Ambipom, M|198\/292
|-damage|p2a: Ambipom|162\/292|[from] Stealth Rock
|turn|15
|choice|switch 4|move fakeout
|
|switch|p1a: Jellicent|Jellicent, F|403\/403
|-damage|p1a: Jellicent|353\/403|[from] Stealth Rock
|move|p2a: Ambipom|Fake Out|p1a: Jellicent
|-immune|p1a: Jellicent|[msg]
|
|-heal|p1a: Jellicent|378\/403|[from] item: Leftovers
|upkeep
|turn|16
|choice|move scald|move knockoff
|
|move|p2a: Ambipom|Knock Off|p1a: Jellicent
|-supereffective|p1a: Jellicent
|-damage|p1a: Jellicent|123\/403
|-enditem|p1a: Jellicent|Leftovers|[from] move: Knock Off|[of] p2a: Ambipom
|-damage|p2a: Ambipom|133\/292|[from] item: Life Orb
|move|p1a: Jellicent|Scald|p2a: Ambipom
|-damage|p2a: Ambipom|25\/292
|
|upkeep
|turn|17
|choice|move scald|move knockoff
|
|move|p2a: Ambipom|Knock Off|p1a: Jellicent
|-supereffective|p1a: Jellicent
|-damage|p1a: Jellicent|0 fnt
|-damage|p2a: Ambipom|0 fnt|[from] item: Life Orb
|faint|p1a: Jellicent
|faint|p2a: Ambipom
|
|upkeep
|choice|switch 4|switch 3
|
|switch|p2a: Jolteon|Jolteon, M, shiny|130\/272
|switch|p1a: Cinccino|Cinccino, M|255\/291
|-damage|p2a: Jolteon|96\/272|[from] Stealth Rock
|-damage|p1a: Cinccino|219\/291|[from] Stealth Rock
|turn|18
|choice|move tailslap|move thunderbolt
|
|move|p2a: Jolteon|Thunderbolt|p1a: Cinccino
|-damage|p1a: Cinccino|0 fnt
|faint|p1a: Cinccino
|
|upkeep
|choice|switch 6|
|
|switch|p1a: Sigilyph|Sigilyph, F|348\/348
|turn|19
|c|★Rawketz|gg. No answer :(
|choice|move airslash|move thunderbolt
|
|move|p2a: Jolteon|Thunderbolt|p1a: Sigilyph
|-supereffective|p1a: Sigilyph
|-crit|p1a: Sigilyph
|-damage|p1a: Sigilyph|0 fnt
|faint|p1a: Sigilyph
|
|win|acetrainer98
|player|p1
|player|p2
|c|★Rawketz|lol and a crit
|l|Rawketz
||Ladder (probably) updated, but score could not be retrieved (Response not received).</script>
</div>
<div class="battle-log battle-log-inline"><div class="inner"><div class="battle-options"></div><div class="inner"><div class="chat"><small>Rawketz joined.</small></div><div class="chat"><small>acetrainer98 joined.</small></div><div class=""><small>Format:</small> <br><strong>RU</strong></div><div class="rated"><strong>Rated battle</strong></div><div class=""><small><em>Sleep Clause Mod:</em> Limit one foe put to sleep</small></div><div class=""><small><em>Species Clause:</em> Limit one of each Pokémon</small></div><div class=""><small><em>OHKO Clause:</em> OHKO moves are banned</small></div><div class=""><small><em>Moody Clause:</em> Moody is banned</small></div><div class=""><small><em>Evasion Moves Clause:</em> Evasion moves are banned</small></div><div class=""><small><em>Endless Battle Clause:</em> Forcing endless battles is banned</small></div><div class=""><small><em>HP Percentage Mod:</em> HP is shown in percentages</small></div><div class=""><small><em>Swagger Clause:</em> Swagger is banned</small></div><div class=""><small><em>Baton Pass Clause:</em> Limit one Baton Passer, can't pass Spe and other stats simultaneously</small></div><div class="chat battle-history"><strong>Rawketz's team:</strong> <em style="color:#445566;display:block;">Cinccino / Banette / Uxie / Jellicent / Scrafty / Sigilyph</em></div><div class="chat battle-history"><strong>acetrainer98's team:</strong> <em style="color:#445566;display:block;">Ambipom / Jolteon / Venusaur / Medicham / Cofagrigus / Seismitoad</em></div><div class="spacer battle-history"><br></div><div class="battle-history">Battle started between Rawketz and acetrainer98!<br></div><div class="spacer battle-history"><br></div><div class="battle-history">Go! <strong>Banette</strong>!<br></div><div class="spacer battle-history"><br></div><div class="battle-history">acetrainer98 sent out <strong>Cofagrigus</strong>!<br></div><div class="spacer battle-history"><br></div><h2 class="battle-history">Turn 1</h2><div class="spacer battle-history"><br></div><div class="battle-history"><small>Banette's Banettite is reacting to Rawketz's Mega Bracelet!</small><br>Banette has Mega Evolved into Mega Banette!<br></div><div class="spacer battle-history"><br></div><div class="battle-history">Banette used <strong>Shadow Claw</strong>!<br></div><div class="battle-history"><small>It's super effective!</small><br></div><div class="battle-history"><small>(The opposing Cofagrigus lost <abbr title="−248/320">77.5%</abbr> of its health!)</small><br></div><div class="battle-history"><small>[The opposing Cofagrigus's Mummy]</small><br><small>[Banette's Prankster]</small><br><small>[Banette's Mummy]</small><br><small>Banette's Ability became Mummy!</small><br></div><div class="spacer battle-history"><br></div><div class="battle-history">The opposing Cofagrigus used <strong>Will-O-Wisp</strong>!<br></div><div class="battle-history"><small>Banette was burned!</small><br></div><div class="spacer battle-history"><br></div><div class="battle-history"><small>The opposing Cofagrigus restored a little HP using its Leftovers!</small><br></div><div class="battle-history"><small>Banette was hurt by its burn!</small><br></div><div class="spacer battle-history"><br></div><h2 class="battle-history">Turn 2</h2><div class="spacer battle-history"><br></div><div class="battle-history">acetrainer98 withdrew Cofagrigus!<br></div><div class="battle-history">acetrainer98 sent out <strong>Seismitoad</strong>!<br></div><div class="spacer battle-history"><br></div><div class="battle-history">Banette used <strong>Shadow Claw</strong>!<br></div><div class="battle-history"><small>(The opposing Seismitoad lost <abbr title="−65/414">15.7%</abbr> of its health!)</small><br></div><div class="spacer battle-history"><br></div><div class="battle-history"><small>The opposing Seismitoad restored a little HP using its Leftovers!</small><br></div><div class="battle-history"><small>Banette was hurt by its burn!</small><br></div><div class="spacer battle-history"><br></div><h2 class="battle-history">Turn 3</h2><div class="spacer battle-history"><br></div><div class="battle-history">Banette used <strong>Will-O-Wisp</strong>!<br></div><div class="battle-history"><small>The opposing Seismitoad was burned!</small><br></div><div class="spacer battle-history"><br></div><div class="battle-history">The opposing Seismitoad used <strong>Stealth Rock</strong>!<br></div><div class="battle-history"><small>Pointed stones float in the air around your team!</small><br></div><div class="spacer battle-history"><br></div><div class="battle-history"><small>The opposing Seismitoad restored a little HP using its Leftovers!</small><br></div><div class="battle-history"><small>Banette was hurt by its burn!</small><br></div><div class="battle-history"><small>The opposing Seismitoad was hurt by its burn!</small><br></div><div class="spacer battle-history"><br></div><h2 class="battle-history">Turn 4</h2><div class="spacer battle-history"><br></div><div class="battle-history">Banette used <strong>Knock Off</strong>!<br></div><div class="battle-history"><small>(The opposing Seismitoad lost <abbr title="−65/414">15.7%</abbr> of its health!)</small><br></div><div class="battle-history"><small>Banette knocked off the opposing Seismitoad's Leftovers!</small><br></div><div class="spacer battle-history"><br></div><div class="battle-history">The opposing Seismitoad used <strong>Scald</strong>!<br></div><div class="battle-history"><small>(Banette lost <abbr title="−88/326">27.0%</abbr> of its health!)</small><br></div><div class="spacer battle-history"><br></div><div class="battle-history"><small>Banette was hurt by its burn!</small><br></div><div class="battle-history"><small>The opposing Seismitoad was hurt by its burn!</small><br></div><div class="spacer battle-history"><br></div><h2 class="battle-history">Turn 5</h2><div class="spacer battle-history"><br></div><div class="battle-history">Banette used <strong>Shadow Claw</strong>!<br></div><div class="battle-history"><small>(The opposing Seismitoad lost <abbr title="−72/414">17.4%</abbr> of its health!)</small><br></div><div class="spacer battle-history"><br></div><div class="battle-history">The opposing Seismitoad used <strong>Scald</strong>!<br></div><div class="battle-history"><small>(Banette lost <abbr title="−78/326">23.9%</abbr> of its health!)</small><br></div><div class="spacer battle-history"><br></div><div class="battle-history">Banette fainted!<br></div><div class="spacer battle-history"><br></div><div class="battle-history"><small>The opposing Seismitoad was hurt by its burn!</small><br></div><div class="spacer battle-history"><br></div><div class="battle-history">Go! <strong>Uxie</strong>!<br></div><div class="battle-history"><small>Pointed stones dug into Uxie!</small><br></div><div class="spacer battle-history"><br></div><h2 class="battle-history">Turn 6</h2><div class="spacer battle-history"><br></div><div class="battle-history">Uxie used <strong>Stealth Rock</strong>!<br></div><div class="battle-history"><small>Pointed stones float in the air around the opposing team!</small><br></div><div class="spacer battle-history"><br></div><div class="battle-history">The opposing Seismitoad used <strong>Toxic</strong>!<br></div><div class="battle-history"><small>Uxie was badly poisoned!</small><br></div><div class="spacer battle-history"><br></div><div class="battle-history"><small>Uxie was hurt by poison!</small><br></div><div class="battle-history"><small>The opposing Seismitoad was hurt by its burn!</small><br></div><div class="spacer battle-history"><br></div><h2 class="battle-history">Turn 7</h2><div class="spacer battle-history"><br></div><div class="battle-history">Uxie used <strong>Psyshock</strong>!<br></div><div class="battle-history"><small>(The opposing Seismitoad lost <abbr title="−58/414">14.0%</abbr> of its health!)</small><br></div><div class="spacer battle-history"><br></div><div class="battle-history">The opposing Seismitoad fainted!<br></div><div class="spacer battle-history"><br></div><div class="battle-history"><small>Uxie was hurt by poison!</small><br></div><div class="spacer battle-history"><br></div><div class="battle-history">acetrainer98 sent out <strong>Cofagrigus</strong>!<br></div><div class="battle-history"><small>Pointed stones dug into the opposing Cofagrigus!</small><br></div><div class="spacer battle-history"><br></div><h2 class="battle-history">Turn 8</h2><div class="spacer battle-history"><br></div><div class="battle-history">Uxie used <strong>Psyshock</strong>!<br></div><div class="battle-history"><small>(The opposing Cofagrigus lost <abbr title="−52/320">16.3%</abbr> of its health!)</small><br></div><div class="spacer battle-history"><br></div><div class="battle-history">The opposing Cofagrigus fainted!<br></div><div class="spacer battle-history"><br></div><div class="battle-history"><small>Uxie was hurt by poison!</small><br></div><div class="spacer battle-history"><br></div><div class="battle-history">acetrainer98 sent out <strong>Jolteon</strong>!<br></div><div class="battle-history"><small>Pointed stones dug into the opposing Jolteon!</small><br></div><div class="spacer battle-history"><br></div><h2 class="battle-history">Turn 9</h2><div class="spacer battle-history"><br></div><div class="battle-history">The opposing Jolteon used <strong>Thunderbolt</strong>!<br></div><div class="battle-history"><small>(Uxie lost <abbr title="−168/354">47.5%</abbr> of its health!)</small><br></div><div class="spacer battle-history"><br></div><div class="battle-history">Uxie used <strong>Psyshock</strong>!<br></div><div class="battle-history"><small>(The opposing Jolteon lost <abbr title="−108/272">39.7%</abbr> of its health!)</small><br></div><div class="spacer battle-history"><br></div><div class="battle-history"><small>Uxie was hurt by poison!</small><br></div><div class="spacer battle-history"><br></div><div class="battle-history">Uxie fainted!<br></div><div class="spacer battle-history"><br></div><div class="battle-history">Go! <strong>Scrafty</strong>!<br></div><div class="battle-history"><small>Pointed stones dug into Scrafty!</small><br></div><div class="spacer battle-history"><br></div><h2 class="battle-history">Turn 10</h2><div class="spacer battle-history"><br></div><div class="battle-history">acetrainer98 withdrew Jolteon!<br></div><div class="battle-history">acetrainer98 sent out <strong>Venusaur</strong>!<br></div><div class="battle-history"><small>Pointed stones dug into the opposing Venusaur!</small><br></div><div class="spacer battle-history"><br></div><div class="battle-history">Scrafty used <strong>Dragon Dance</strong>!<br></div><div class="battle-history"><small>Scrafty's Attack rose!</small><br></div><div class="battle-history"><small>Scrafty's Speed rose!</small><br></div><div class="spacer battle-history"><br></div><h2 class="battle-history">Turn 11</h2><div class="spacer battle-history"><br></div><div class="battle-history">Scrafty used <strong>Fire Punch</strong>!<br></div><div class="battle-history"><small>It's super effective!</small><br></div><div class="battle-history"><small>(The opposing Venusaur lost <abbr title="−265/302">87.7%</abbr> of its health!)</small><br></div><div class="battle-history"><small>Scrafty lost some of its HP!</small><br></div><div class="spacer battle-history"><br></div><div class="battle-history">The opposing Venusaur fainted!<br></div><div class="spacer battle-history"><br></div><div class="battle-history">acetrainer98 sent out <strong>Ambipom</strong>!<br></div><div class="battle-history"><small>Pointed stones dug into the opposing Ambipom!</small><br></div><div class="spacer battle-history"><br></div><h2 class="battle-history">Turn 12</h2><div class="spacer battle-history"><br></div><div class="battle-history">The opposing Ambipom used <strong>Fake Out</strong>!<br></div><div class="battle-history"><small>(Scrafty lost <abbr title="−109/271">40.2%</abbr> of its health!)</small><br></div><div class="battle-history"><small>The opposing Ambipom lost some of its HP!</small><br></div><div class="spacer battle-history"><br></div><div class="battle-history">Scrafty flinched and couldn't move!<br></div><div class="spacer battle-history"><br></div><h2 class="battle-history">Turn 13</h2><div class="spacer battle-history"><br></div><div class="battle-history">The opposing Ambipom used <strong>Return</strong>!<br></div><div class="battle-history"><small>(Scrafty lost <abbr title="−119/271">43.9%</abbr> of its health!)</small><br></div><div class="battle-history"><small>The opposing Ambipom lost some of its HP!</small><br></div><div class="spacer battle-history"><br></div><div class="battle-history">Scrafty fainted!<br></div><div class="spacer battle-history"><br></div><div class="battle-history">Go! <strong>Cinccino</strong>!<br></div><div class="battle-history"><small>Pointed stones dug into Cinccino!</small><br></div><div class="spacer battle-history"><br></div><h2 class="battle-history">Turn 14</h2><div class="spacer battle-history"><br></div><div class="battle-history">acetrainer98 withdrew Ambipom!<br></div><div class="battle-history">acetrainer98 sent out <strong>Medicham</strong>!<br></div><div class="battle-history"><small>Pointed stones dug into the opposing Medicham!</small><br></div><div class="spacer battle-history"><br></div><div class="battle-history">Cinccino used <strong>Tail Slap</strong>!<br></div><div class="battle-history"><small>(The opposing Medicham lost <abbr title="−70/262">26.7%</abbr> of its health!)</small><br></div><div class="battle-history"><small>(The opposing Medicham lost <abbr title="−72/262">27.5%</abbr> of its health!)</small><br></div><div class="battle-history"><small>(The opposing Medicham lost <abbr title="−72/262">27.5%</abbr> of its health!)</small><br></div><div class="battle-history"><small>(The opposing Medicham lost <abbr title="−32/262">12.2%</abbr> of its health!)</small><br></div><div class="battle-history"><small>Hit 4 times!</small><br></div><div class="spacer battle-history"><br></div><div class="battle-history">The opposing Medicham fainted!<br></div><div class="spacer battle-history"><br></div><div class="battle-history">acetrainer98 sent out <strong>Ambipom</strong>!<br></div><div class="battle-history"><small>Pointed stones dug into the opposing Ambipom!</small><br></div><div class="spacer battle-history"><br></div><h2 class="battle-history">Turn 15</h2><div class="spacer battle-history"><br></div><div class="battle-history">Cinccino, come back!<br></div><div class="battle-history">Go! <strong>Jellicent</strong>!<br></div><div class="battle-history"><small>Pointed stones dug into Jellicent!</small><br></div><div class="spacer battle-history"><br></div><div class="battle-history">The opposing Ambipom used <strong>Fake Out</strong>!<br></div><div class="battle-history"><small>It doesn't affect Jellicent...</small><br></div><div class="spacer battle-history"><br></div><div class="battle-history"><small>Jellicent restored a little HP using its Leftovers!</small><br></div><div class="spacer battle-history"><br></div><h2 class="battle-history">Turn 16</h2><div class="spacer battle-history"><br></div><div class="battle-history">The opposing Ambipom used <strong>Knock Off</strong>!<br></div><div class="battle-history"><small>It's super effective!</small><br></div><div class="battle-history"><small>(Jellicent lost <abbr title="−255/403">63.3%</abbr> of its health!)</small><br></div><div class="battle-history"><small>The opposing Ambipom knocked off Jellicent's Leftovers!</small><br></div><div class="battle-history"><small>The opposing Ambipom lost some of its HP!</small><br></div><div class="spacer battle-history"><br></div><div class="battle-history">Jellicent used <strong>Scald</strong>!<br></div><div class="battle-history"><small>(The opposing Ambipom lost <abbr title="−108/292">37.0%</abbr> of its health!)</small><br></div><div class="spacer battle-history"><br></div><h2 class="battle-history">Turn 17</h2><div class="spacer battle-history"><br></div><div class="battle-history">The opposing Ambipom used <strong>Knock Off</strong>!<br></div><div class="battle-history"><small>It's super effective!</small><br></div><div class="battle-history"><small>(Jellicent lost <abbr title="−123/403">30.5%</abbr> of its health!)</small><br></div><div class="battle-history"><small>The opposing Ambipom lost some of its HP!</small><br></div><div class="spacer battle-history"><br></div><div class="battle-history">Jellicent fainted!<br></div><div class="battle-history">The opposing Ambipom fainted!<br></div><div class="spacer battle-history"><br></div><div class="battle-history">acetrainer98 sent out <strong>Jolteon</strong>!<br></div><div class="spacer battle-history"><br></div><div class="battle-history">Go! <strong>Cinccino</strong>!<br></div><div class="battle-history"><small>Pointed stones dug into the opposing Jolteon!</small><br></div><div class="battle-history"><small>Pointed stones dug into Cinccino!</small><br></div><div class="spacer battle-history"><br></div><h2 class="battle-history">Turn 18</h2><div class="spacer battle-history"><br></div><div class="battle-history">The opposing Jolteon used <strong>Thunderbolt</strong>!<br></div><div class="battle-history"><small>(Cinccino lost <abbr title="−219/291">75.3%</abbr> of its health!)</small><br></div><div class="spacer battle-history"><br></div><div class="battle-history">Cinccino fainted!<br></div><div class="spacer battle-history"><br></div><div class="battle-history">Go! <strong>Sigilyph</strong>!<br></div><div class="spacer battle-history"><br></div><h2 class="battle-history">Turn 19</h2><div class="chat chatmessage-rawketz"><strong style="color:hsl(66,71%,35.27012190675361%)"><small>★</small><span class="username" data-name="Rawketz">Rawketz</span>:</strong> <em>gg. No answer :(</em></div><div class="spacer battle-history"><br></div><div class="battle-history">The opposing Jolteon used <strong>Thunderbolt</strong>!<br></div><div class="battle-history"><small>It's super effective!</small><br></div><div class="battle-history"><small>A critical hit!</small><br></div><div class="battle-history"><small>(Sigilyph lost <abbr title="−348/348">100%</abbr> of its health!)</small><br></div><div class="spacer battle-history"><br></div><div class="battle-history">Sigilyph fainted!<br></div><div class="spacer battle-history"><br></div><div class="battle-history"><strong>acetrainer98</strong> won the battle!<br></div><div class="chat chatmessage-rawketz"><strong style="color:hsl(66,71%,35.27012190675361%)"><small>★</small><span class="username" data-name="Rawketz">Rawketz</span>:</strong> <em>lol and a crit</em></div><div class="chat"><small>Rawketz left.</small></div><div class="chat">Ladder (probably) updated, but score could not be retrieved (Response not received).</div></div><div class="inner-preempt"></div></div></div>
</div>
<script>
let daily = Math.floor(Date.now()/1000/60/60/24);document.write('<script src="https://play.pokemonshowdown.com/js/replay-embed.js?version'+daily+'"></'+'script>');
</script>
