<!DOCTYPE html>
<meta charset="utf-8" />
<!-- version 1 -->
<title>RU replay: 007nilo vs. Red Grass (Wesson)</title>
<style>
html,body {font-family:Verdana, sans-serif;font-size:10pt;margin:0;padding:0;}body{padding:12px 0;} .battle-log {font-family:Verdana, sans-serif;font-size:10pt;} .battle-log-inline {border:1px solid #AAAAAA;background:#EEF2F5;color:black;max-width:640px;margin:0 auto 80px;padding-bottom:5px;} .battle-log .inner {padding:4px 8px 0px 8px;} .battle-log .inner-preempt {padding:0 8px 4px 8px;} .battle-log .inner-after {margin-top:0.5em;} .battle-log h2 {margin:0.5em -8px;padding:4px 8px;border:1px solid #AAAAAA;background:#E0E7EA;border-left:0;border-right:0;font-family:Verdana, sans-serif;font-size:13pt;} .battle-log .chat {vertical-align:middle;padding:3px 0 3px 0;font-size:8pt;} .battle-log .chat strong {color:#40576A;} .battle-log .chat em {padding:1px 4px 1px 3px;color:#000000;font-style:normal;} .chat.mine {background:rgba(0,0,0,0.05);margin-left:-8px;margin-right:-8px;padding-left:8px;padding-right:8px;} .spoiler {color:#BBBBBB;background:#BBBBBB;padding:0px 3px;} .spoiler:hover, .spoiler:active, .spoiler-shown {color:#000000;background:#E2E2E2;padding:0px 3px;} .spoiler a {color:#BBBBBB;} .spoiler:hover a, .spoiler:active a, .spoiler-shown a {color:#2288CC;} .chat code, .chat .spoiler:hover code, .chat .spoiler:active code, .chat .spoiler-shown code {border:1px solid #C0C0C0;background:#EEEEEE;color:black;padding:0 2px;} .chat .spoiler code {border:1px solid #CCCCCC;background:#CCCCCC;color:#CCCCCC;} .battle-log .rated {padding:3px 4px;} .battle-log .rated strong {color:white;background:#89A;padding:1px 4px;border-radius:4px;} .spacer {margin-top:0.5em;} .message-announce {background:#6688AA;color:white;padding:1px 4px 2px;} .message-announce a, .broadcast-green a, .broadcast-blue a, .broadcast-red a {color:#DDEEFF;} .broadcast-green {background-color:#559955;color:white;padding:2px 4px;} .broadcast-blue {background-color:#6688AA;color:white;padding:2px 4px;} .infobox {border:1px solid #6688AA;padding:2px 4px;} .infobox-limited {max-height:200px;overflow:auto;overflow-x:hidden;} .broadcast-red {background-color:#AA5544;color:white;padding:2px 4px;} .message-learn-canlearn {font-weight:bold;color:#228822;text-decoration:underline;} .message-learn-cannotlearn {font-weight:bold;color:#CC2222;text-decoration:underline;} .message-effect-weak {font-weight:bold;color:#CC2222;} .message-effect-resist {font-weight:bold;color:#6688AA;} .message-effect-immune {font-weight:bold;color:#666666;} .message-learn-list {margin-top:0;margin-bottom:0;} .message-throttle-notice, .message-error {color:#992222;} .message-overflow, .chat small.message-overflow {font-size:0pt;} .message-overflow::before {font-size:9pt;content:'...';} .subtle {color:#3A4A66;}
</style>
<div class="wrapper replay-wrapper" style="max-width:1180px;margin:0 auto">
<input type="hidden" name="replayid" value="atlantis-ru-6318" />
<div class="battle"></div><div class="battle-log"></div><div class="replay-controls"></div><div class="replay-controls-2"></div>
<h1 style="font-weight:normal;text-align:center"><strong>RU</strong><br /><a href="http://pokemonshowdown.com/users/007nilo" class="subtle" target="_blank">007nilo</a> vs. <a href="http://pokemonshowdown.com/users/redgrasswesson" class="subtle" target="_blank">Red Grass (Wesson)</a></h1>
<script type="text/plain" class="battle-log-data">|j|007nilo
|j|Red Grass (Wesson)
|player|p1|007nilo|52
|player|p2|Red Grass (Wesson)|redgrasswesson.jpeg
|gametype|singles
|gen|6
|tier|RU
|seed|20037,53069,6562,36452
|rule|Sleep Clause Mod: Limit one foe put to sleep
|rule|Species Clause: Limit one of each Pokémon
|rule|OHKO Clause: OHKO moves are banned
|rule|Moody Clause: Moody is banned
|rule|Evasion Moves Clause: Evasion moves are banned
|rule|Endless Battle Clause: Forcing endless battles is banned
|rule|HP Percentage Mod: HP is shown in percentages
|clearpoke
|poke|p1|Aerodactyl, M|item
|poke|p1|Hitmonlee, M|item
|poke|p1|Rotom-Mow|item
|poke|p1|Alomomola, F|item
|poke|p1|Banette, M|item
|poke|p1|Venusaur, M|item
|poke|p2|Banette, F|item
|poke|p2|Meloetta|item
|poke|p2|Diancie|item
|poke|p2|Registeel, shiny|item
|poke|p2|Qwilfish, M|item
|poke|p2|Scrafty, F|item
|rule|Swagger Clause: Swagger is banned
|rule|Baton Pass Clause: Limit one Baton Passer, can't pass Spe and other stats simultaneously
|teampreview
|j|Dragonitezin ❤
|j|SasukeUchihaxbr
|choice|team 4, team 2, team 3, team 1, team 5, team 6|team 5, team 2, team 3, team 4, team 1, team 6
|
|start
|switch|p1a: Alomomola|Alomomola, F|471\/471
|switch|p2a: Qwilfish|Qwilfish, M|334\/334
|-ability|p2a: Qwilfish|Intimidate|boost
|-unboost|p1a: Alomomola|atk|1
|turn|1
|choice|move calmmind|move taunt
|
|move|p2a: Qwilfish|Taunt|p1a: Alomomola
|-start|p1a: Alomomola|move: Taunt
|cant|p1a: Alomomola|move: Taunt|Calm Mind
|
|upkeep
|turn|2
|choice|move psychic|move thunderwave
|
|move|p2a: Qwilfish|Thunder Wave|p1a: Alomomola
|-status|p1a: Alomomola|par
|move|p1a: Alomomola|Psychic|p2a: Qwilfish
|-supereffective|p2a: Qwilfish
|-damage|p2a: Qwilfish|220\/334
|
|-heal|p2a: Qwilfish|240\/334|[from] item: Black Sludge
|upkeep
|turn|3
|choice|move psychic|move spikes
|
|move|p2a: Qwilfish|Spikes|p1a: Alomomola
|-sidestart|p1: 007nilo|Spikes
|move|p1a: Alomomola|Psychic|p2a: Qwilfish
|-supereffective|p2a: Qwilfish
|-damage|p2a: Qwilfish|130\/334
|
|-heal|p2a: Qwilfish|150\/334|[from] item: Black Sludge
|-end|p1a: Alomomola|move: Taunt
|upkeep
|turn|4
|c|☆Red Grass (Wesson)|hmmm
|choice|move psychic|move taunt
|
|move|p2a: Qwilfish|Taunt|p1a: Alomomola
|-start|p1a: Alomomola|move: Taunt
|cant|p1a: Alomomola|par
|
|-heal|p2a: Qwilfish|170\/334|[from] item: Black Sludge
|upkeep
|turn|5
|c|☆Red Grass (Wesson)|cal mind cara
|choice|move psychic|move spikes
|
|move|p2a: Qwilfish|Spikes|p1a: Alomomola
|-sidestart|p1: 007nilo|Spikes
|move|p1a: Alomomola|Psychic|p2a: Qwilfish
|-supereffective|p2a: Qwilfish
|-damage|p2a: Qwilfish|56\/334
|
|-heal|p2a: Qwilfish|76\/334|[from] item: Black Sludge
|upkeep
|turn|6
|choice|move psychic|move spikes
|
|move|p2a: Qwilfish|Spikes|p1a: Alomomola
|-sidestart|p1: 007nilo|Spikes
|move|p1a: Alomomola|Psychic|p2a: Qwilfish
|-supereffective|p2a: Qwilfish
|-crit|p2a: Qwilfish
|-damage|p2a: Qwilfish|0 fnt
|faint|p2a: Qwilfish
|
|-end|p1a: Alomomola|move: Taunt
|upkeep
|choice||switch 6
|
|switch|p2a: Scrafty|Scrafty, F|271\/271
|turn|7
|choice|move calmmind|move dragondance
|
|move|p2a: Scrafty|Dragon Dance|p2a: Scrafty
|-boost|p2a: Scrafty|atk|1
|-boost|p2a: Scrafty|spe|1
|cant|p1a: Alomomola|par
|
|upkeep
|turn|8
|choice|move calmmind|move highjumpkick
|
|move|p2a: Scrafty|High Jump Kick|p1a: Alomomola
|-damage|p1a: Alomomola|72\/471 par
|-damage|p2a: Scrafty|244\/271|[from] item: Life Orb
|move|p1a: Alomomola|Calm Mind|p1a: Alomomola
|-boost|p1a: Alomomola|spa|1
|-boost|p1a: Alomomola|spd|1
|
|-heal|p1a: Alomomola|101\/471 par|[from] item: Leftovers
|upkeep
|turn|9
|choice|move scald|move knockoff
|
|move|p2a: Scrafty|Knock Off|p1a: Alomomola
|-damage|p1a: Alomomola|0 fnt
|-enditem|p1a: Alomomola|Leftovers|[from] move: Knock Off|[of] p2a: Scrafty
|-damage|p2a: Scrafty|217\/271|[from] item: Life Orb
|faint|p1a: Alomomola
|
|upkeep
|choice|switch 2|
|
|switch|p1a: Hitmonlee|Hitmonlee, M|241\/241
|-damage|p1a: Hitmonlee|181\/241|[from] Spikes
|turn|10
|choice|move bulkup|move highjumpkick
|
|move|p2a: Scrafty|High Jump Kick|p1a: Hitmonlee|[miss]
|-miss|p2a: Scrafty|p1a: Hitmonlee
|-damage|p2a: Scrafty|82\/271|[from] highjumpkick
|move|p1a: Hitmonlee|Bulk Up|p1a: Hitmonlee
|-boost|p1a: Hitmonlee|atk|1
|-boost|p1a: Hitmonlee|def|1
|
|-heal|p1a: Hitmonlee|196\/241|[from] item: Leftovers
|upkeep
|turn|11
|choice|move bulletpunch|move highjumpkick
|
|move|p1a: Hitmonlee|Bullet Punch|p2a: Scrafty
|-damage|p2a: Scrafty|28\/271
|move|p2a: Scrafty|High Jump Kick|p1a: Hitmonlee
|-damage|p1a: Hitmonlee|0 fnt
|-damage|p2a: Scrafty|1\/271|[from] item: Life Orb
|faint|p1a: Hitmonlee
|
|upkeep
|c|☆Red Grass (Wesson)|maradito
|choice|switch 6|
|
|switch|p1a: Venusaur|Venusaur, M|301\/301
|-damage|p1a: Venusaur|226\/301|[from] Spikes
|turn|12
|choice|move gigadrain|move knockoff
|
|move|p2a: Scrafty|Knock Off|p1a: Venusaur
|-damage|p1a: Venusaur|0 fnt
|-enditem|p1a: Venusaur|Leftovers|[from] move: Knock Off|[of] p2a: Scrafty
|-damage|p2a: Scrafty|0 fnt|[from] item: Life Orb
|faint|p1a: Venusaur
|faint|p2a: Scrafty
|
|upkeep
|choice|switch 5|switch 5
|
|switch|p2a: Banette|Banette, F|326\/326
|switch|p1a: Banette|Banette, M|269\/269
|-damage|p1a: Banette|202\/269|[from] Spikes
|turn|13
|choice|move calmmind mega|move shadowclaw mega
|
|detailschange|p2a: Banette|Banette-Mega, F
|-mega|p2a: Banette|Banette|Banettite
|detailschange|p1a: Banette|Banette-Mega, M
|-mega|p1a: Banette|Banette|Banettite
|move|p2a: Banette|Shadow Claw|p1a: Banette
|-supereffective|p1a: Banette
|-damage|p1a: Banette|0 fnt
|faint|p1a: Banette
|
|upkeep
|choice|switch 3|
|
|switch|p1a: Rotom|Rotom-Mow|241\/241
|turn|14
|choice|move shadowball|move shadowclaw
|
|move|p1a: Rotom|Shadow Ball|p2a: Banette
|-supereffective|p2a: Banette
|-damage|p2a: Banette|115\/326
|-unboost|p2a: Banette|spd|1
|-damage|p1a: Rotom|217\/241|[from] item: Life Orb
|move|p2a: Banette|Shadow Claw|p1a: Rotom
|-damage|p1a: Rotom|72\/241
|
|upkeep
|turn|15
|choice|move shadowball|switch 2
|
|switch|p2a: Meloetta|Meloetta|404\/404
|move|p1a: Rotom|Shadow Ball|p2a: Meloetta
|-immune|p2a: Meloetta|[msg]
|
|upkeep
|turn|16
|choice|move signalbeam|move psyshock
|
|move|p2a: Meloetta|Psyshock|p1a: Rotom
|-damage|p1a: Rotom|0 fnt
|faint|p1a: Rotom
|
|upkeep
|choice|switch 4|
|
|switch|p1a: Aerodactyl|Aerodactyl, M|301\/301
|turn|17
|choice|move earthquake|move psyshock
|
|move|p1a: Aerodactyl|Earthquake|p2a: Meloetta
|-damage|p2a: Meloetta|331\/404
|move|p2a: Meloetta|Psyshock|p1a: Aerodactyl
|-damage|p1a: Aerodactyl|126\/301
|
|-heal|p1a: Aerodactyl|144\/301|[from] item: Leftovers
|-heal|p2a: Meloetta|356\/404|[from] item: Leftovers
|upkeep
|turn|18
|choice|move fly|move psyshock
|
|move|p1a: Aerodactyl|Fly|p2a: Meloetta|[still]
|-prepare|p1a: Aerodactyl|Fly|p2a: Meloetta
|move|p2a: Meloetta|Psyshock|p1a: Aerodactyl|[miss]
|-miss|p2a: Meloetta|p1a: Aerodactyl
|
|-heal|p1a: Aerodactyl|162\/301|[from] item: Leftovers
|-heal|p2a: Meloetta|381\/404|[from] item: Leftovers
|upkeep
|turn|19
|choice|move fly 1|move psyshock
|
|move|p1a: Aerodactyl|Fly|p2a: Meloetta|[from]lockedmove
|-damage|p2a: Meloetta|278\/404
|move|p2a: Meloetta|Psyshock|p1a: Aerodactyl
|-damage|p1a: Aerodactyl|0 fnt
|faint|p1a: Aerodactyl
|
|win|Red Grass (Wesson)
|player|p1
|player|p2
|c|☆Red Grass (Wesson)|gg
|l|007nilo
|c|☆Red Grass (Wesson)|manda o replay
|j|FreakBR
|l|FreakBR
|j|FreakBR
|l|SasukeUchihaxbr
|l|FreakBR
|j|SasukeUchihaxbr
|l|Dragonitezin ❤
|l|SasukeUchihaxbr
|j|SasukeUchihaxbr
|l|SasukeUchihaxbr</script>
</div>
<div class="battle-log battle-log-inline"><div class="inner"><div class="battle-options"></div><div class="inner"><div class="chat"><small>007nilo joined.</small></div><div class="chat"><small>Red Grass (Wesson) joined.</small></div><div class=""><small>Format:</small> <br><strong>RU</strong></div><div class=""><small><em>Sleep Clause Mod:</em> Limit one foe put to sleep</small></div><div class=""><small><em>Species Clause:</em> Limit one of each Pokémon</small></div><div class=""><small><em>OHKO Clause:</em> OHKO moves are banned</small></div><div class=""><small><em>Moody Clause:</em> Moody is banned</small></div><div class=""><small><em>Evasion Moves Clause:</em> Evasion moves are banned</small></div><div class=""><small><em>Endless Battle Clause:</em> Forcing endless battles is banned</small></div><div class=""><small><em>HP Percentage Mod:</em> HP is shown in percentages</small></div><div class=""><small><em>Swagger Clause:</em> Swagger is banned</small></div><div class=""><small><em>Baton Pass Clause:</em> Limit one Baton Passer, can't pass Spe and other stats simultaneously</small></div><div class="chat battle-history"><strong>007nilo's team:</strong> <em style="color:#445566;display:block;">Aerodactyl / Hitmonlee / Rotom-Mow / Alomomola / Banette / Venusaur</em></div><div class="chat battle-history"><strong>Red Grass (Wesson)'s team:</strong> <em style="color:#445566;display:block;">Banette / Meloetta / Diancie / Registeel / Qwilfish / Scrafty</em></div><div class="chat"><small>Dragonitezin ❤ joined.</small></div><div class="chat"><small>SasukeUchihaxbr joined.</small></div><div class="spacer battle-history"><br></div><div class="battle-history">Battle started between 007nilo and Red Grass (Wesson)!<br></div><div class="spacer battle-history"><br></div><div class="battle-history">Go! <strong>Alomomola</strong>!<br></div><div class="spacer battle-history"><br></div><div class="battle-history">Red Grass (Wesson) sent out <strong>Qwilfish</strong>!<br></div><div class="battle-history"><small>[The opposing Qwilfish's Intimidate]</small><br></div><div class="battle-history"><small>Alomomola's Attack fell!</small><br></div><div class="spacer battle-history"><br></div><h2 class="battle-history">Turn 1</h2><div class="spacer battle-history"><br></div><div class="battle-history">The opposing Qwilfish used <strong>Taunt</strong>!<br></div><div class="battle-history"><small>Alomomola fell for the taunt!</small><br></div><div class="spacer battle-history"><br></div><div class="battle-history">Alomomola can't use Calm Mind after the taunt!<br></div><div class="spacer battle-history"><br></div><h2 class="battle-history">Turn 2</h2><div class="spacer battle-history"><br></div><div class="battle-history">The opposing Qwilfish used <strong>Thunder Wave</strong>!<br></div><div class="battle-history"><small>Alomomola is paralyzed! It may be unable to move!</small><br></div><div class="spacer battle-history"><br></div><div class="battle-history">Alomomola used <strong>Psychic</strong>!<br></div><div class="battle-history"><small>It's super effective!</small><br></div><div class="battle-history"><small>(The opposing Qwilfish lost <abbr title="−114/334">34.1%</abbr> of its health!)</small><br></div><div class="spacer battle-history"><br></div><div class="battle-history"><small>The opposing Qwilfish restored a little HP using its Black Sludge!</small><br></div><div class="spacer battle-history"><br></div><h2 class="battle-history">Turn 3</h2><div class="spacer battle-history"><br></div><div class="battle-history">The opposing Qwilfish used <strong>Spikes</strong>!<br></div><div class="battle-history"><small>Spikes were scattered on the ground all around your team!</small><br></div><div class="spacer battle-history"><br></div><div class="battle-history">Alomomola used <strong>Psychic</strong>!<br></div><div class="battle-history"><small>It's super effective!</small><br></div><div class="battle-history"><small>(The opposing Qwilfish lost <abbr title="−110/334">32.9%</abbr> of its health!)</small><br></div><div class="spacer battle-history"><br></div><div class="battle-history"><small>The opposing Qwilfish restored a little HP using its Black Sludge!</small><br></div><div class="battle-history"><small>Alomomola's taunt wore off!</small><br></div><div class="spacer battle-history"><br></div><h2 class="battle-history">Turn 4</h2><div class="chat chatmessage-redgrasswesson"><strong style="color:hsl(347,46%,51.12785552367157%)"><small>☆</small><span class="username" data-name="Red Grass (Wesson)">Red Grass (Wesson)</span>:</strong> <em>hmmm</em></div><div class="spacer battle-history"><br></div><div class="battle-history">The opposing Qwilfish used <strong>Taunt</strong>!<br></div><div class="battle-history"><small>Alomomola fell for the taunt!</small><br></div><div class="spacer battle-history"><br></div><div class="battle-history">Alomomola is paralyzed! It can't move!<br></div><div class="spacer battle-history"><br></div><div class="battle-history"><small>The opposing Qwilfish restored a little HP using its Black Sludge!</small><br></div><div class="spacer battle-history"><br></div><h2 class="battle-history">Turn 5</h2><div class="chat chatmessage-redgrasswesson"><strong style="color:hsl(347,46%,51.12785552367157%)"><small>☆</small><span class="username" data-name="Red Grass (Wesson)">Red Grass (Wesson)</span>:</strong> <em>cal mind cara</em></div><div class="spacer battle-history"><br></div><div class="battle-history">The opposing Qwilfish used <strong>Spikes</strong>!<br></div><div class="battle-history"><small>Spikes were scattered on the ground all around your team!</small><br></div><div class="spacer battle-history"><br></div><div class="battle-history">Alomomola used <strong>Psychic</strong>!<br></div><div class="battle-history"><small>It's super effective!</small><br></div><div class="battle-history"><small>(The opposing Qwilfish lost <abbr title="−114/334">34.1%</abbr> of its health!)</small><br></div><div class="spacer battle-history"><br></div><div class="battle-history"><small>The opposing Qwilfish restored a little HP using its Black Sludge!</small><br></div><div class="spacer battle-history"><br></div><h2 class="battle-history">Turn 6</h2><div class="spacer battle-history"><br></div><div class="battle-history">The opposing Qwilfish used <strong>Spikes</strong>!<br></div><div class="battle-history"><small>Spikes were scattered on the ground all around your team!</small><br></div><div class="spacer battle-history"><br></div><div class="battle-history">Alomomola used <strong>Psychic</strong>!<br></div><div class="battle-history"><small>It's super effective!</small><br></div><div class="battle-history"><small>A critical hit!</small><br></div><div class="battle-history"><small>(The opposing Qwilfish lost <abbr title="−76/334">22.8%</abbr> of its health!)</small><br></div><div class="spacer battle-history"><br></div><div class="battle-history">The opposing Qwilfish fainted!<br></div><div class="spacer battle-history"><br></div><div class="battle-history"><small>Alomomola's taunt wore off!</small><br></div><div class="spacer battle-history"><br></div><div class="battle-history">Red Grass (Wesson) sent out <strong>Scrafty</strong>!<br></div><div class="spacer battle-history"><br></div><h2 class="battle-history">Turn 7</h2><div class="spacer battle-history"><br></div><div class="battle-history">The opposing Scrafty used <strong>Dragon Dance</strong>!<br></div><div class="battle-history"><small>The opposing Scrafty's Attack rose!</small><br></div><div class="battle-history"><small>The opposing Scrafty's Speed rose!</small><br></div><div class="spacer battle-history"><br></div><div class="battle-history">Alomomola is paralyzed! It can't move!<br></div><div class="spacer battle-history"><br></div><h2 class="battle-history">Turn 8</h2><div class="spacer battle-history"><br></div><div class="battle-history">The opposing Scrafty used <strong>High Jump Kick</strong>!<br></div><div class="battle-history"><small>(Alomomola lost <abbr title="−399/471">84.7%</abbr> of its health!)</small><br></div><div class="battle-history"><small>The opposing Scrafty lost some of its HP!</small><br></div><div class="spacer battle-history"><br></div><div class="battle-history">Alomomola used <strong>Calm Mind</strong>!<br></div><div class="battle-history"><small>Alomomola's Special Attack rose!</small><br></div><div class="battle-history"><small>Alomomola's Special Defense rose!</small><br></div><div class="spacer battle-history"><br></div><div class="battle-history"><small>Alomomola restored a little HP using its Leftovers!</small><br></div><div class="spacer battle-history"><br></div><h2 class="battle-history">Turn 9</h2><div class="spacer battle-history"><br></div><div class="battle-history">The opposing Scrafty used <strong>Knock Off</strong>!<br></div><div class="battle-history"><small>(Alomomola lost <abbr title="−101/471">21.4%</abbr> of its health!)</small><br></div><div class="battle-history"><small>The opposing Scrafty knocked off Alomomola's Leftovers!</small><br></div><div class="battle-history"><small>The opposing Scrafty lost some of its HP!</small><br></div><div class="spacer battle-history"><br></div><div class="battle-history">Alomomola fainted!<br></div><div class="spacer battle-history"><br></div><div class="battle-history">Go! <strong>Hitmonlee</strong>!<br></div><div class="battle-history"><small>Hitmonlee is hurt by the spikes!</small><br></div><div class="spacer battle-history"><br></div><h2 class="battle-history">Turn 10</h2><div class="spacer battle-history"><br></div><div class="battle-history">The opposing Scrafty used <strong>High Jump Kick</strong>!<br></div><div class="battle-history"><small>Hitmonlee avoided the attack!</small><br></div><div class="battle-history"><small>The opposing Scrafty kept going and crashed!</small><br></div><div class="spacer battle-history"><br></div><div class="battle-history">Hitmonlee used <strong>Bulk Up</strong>!<br></div><div class="battle-history"><small>Hitmonlee's Attack rose!</small><br></div><div class="battle-history"><small>Hitmonlee's Defense rose!</small><br></div><div class="spacer battle-history"><br></div><div class="battle-history"><small>Hitmonlee restored a little HP using its Leftovers!</small><br></div><div class="spacer battle-history"><br></div><h2 class="battle-history">Turn 11</h2><div class="spacer battle-history"><br></div><div class="battle-history">Hitmonlee used <strong>Bullet Punch</strong>!<br></div><div class="battle-history"><small>(The opposing Scrafty lost <abbr title="−54/271">19.9%</abbr> of its health!)</small><br></div><div class="spacer battle-history"><br></div><div class="battle-history">The opposing Scrafty used <strong>High Jump Kick</strong>!<br></div><div class="battle-history"><small>(Hitmonlee lost <abbr title="−196/241">81.3%</abbr> of its health!)</small><br></div><div class="battle-history"><small>The opposing Scrafty lost some of its HP!</small><br></div><div class="spacer battle-history"><br></div><div class="battle-history">Hitmonlee fainted!<br></div><div class="chat chatmessage-redgrasswesson"><strong style="color:hsl(347,46%,51.12785552367157%)"><small>☆</small><span class="username" data-name="Red Grass (Wesson)">Red Grass (Wesson)</span>:</strong> <em>maradito</em></div><div class="spacer battle-history"><br></div><div class="battle-history">Go! <strong>Venusaur</strong>!<br></div><div class="battle-history"><small>Venusaur is hurt by the spikes!</small><br></div><div class="spacer battle-history"><br></div><h2 class="battle-history">Turn 12</h2><div class="spacer battle-history"><br></div><div class="battle-history">The opposing Scrafty used <strong>Knock Off</strong>!<br></div><div class="battle-history"><small>(Venusaur lost <abbr title="−226/301">75.1%</abbr> of its health!)</small><br></div><div class="battle-history"><small>The opposing Scrafty knocked off Venusaur's Leftovers!</small><br></div><div class="battle-history"><small>The opposing Scrafty lost some of its HP!</small><br></div><div class="spacer battle-history"><br></div><div class="battle-history">Venusaur fainted!<br></div><div class="battle-history">The opposing Scrafty fainted!<br></div><div class="spacer battle-history"><br></div><div class="battle-history">Red Grass (Wesson) sent out <strong>Banette</strong>!<br></div><div class="spacer battle-history"><br></div><div class="battle-history">Go! <strong>Banette</strong>!<br></div><div class="battle-history"><small>Banette is hurt by the spikes!</small><br></div><div class="spacer battle-history"><br></div><h2 class="battle-history">Turn 13</h2><div class="spacer battle-history"><br></div><div class="battle-history"><small>The opposing Banette's Banettite is reacting to Red Grass (Wesson)'s Mega Bracelet!</small><br>The opposing Banette has Mega Evolved into Mega Banette!<br></div><div class="spacer battle-history"><br></div><div class="battle-history"><small>Banette's Banettite is reacting to 007nilo's Mega Bracelet!</small><br>Banette has Mega Evolved into Mega Banette!<br></div><div class="spacer battle-history"><br></div><div class="battle-history">The opposing Banette used <strong>Shadow Claw</strong>!<br></div><div class="battle-history"><small>It's super effective!</small><br></div><div class="battle-history"><small>(Banette lost <abbr title="−202/269">75.1%</abbr> of its health!)</small><br></div><div class="spacer battle-history"><br></div><div class="battle-history">Banette fainted!<br></div><div class="spacer battle-history"><br></div><div class="battle-history">Go! Rotom (<strong>Rotom-Mow</strong>)!<br></div><div class="spacer battle-history"><br></div><h2 class="battle-history">Turn 14</h2><div class="spacer battle-history"><br></div><div class="battle-history">Rotom used <strong>Shadow Ball</strong>!<br></div><div class="battle-history"><small>It's super effective!</small><br></div><div class="battle-history"><small>(The opposing Banette lost <abbr title="−211/326">64.7%</abbr> of its health!)</small><br></div><div class="battle-history"><small>The opposing Banette's Special Defense fell!</small><br></div><div class="battle-history"><small>Rotom lost some of its HP!</small><br></div><div class="spacer battle-history"><br></div><div class="battle-history">The opposing Banette used <strong>Shadow Claw</strong>!<br></div><div class="battle-history"><small>(Rotom lost <abbr title="−145/241">60.2%</abbr> of its health!)</small><br></div><div class="spacer battle-history"><br></div><h2 class="battle-history">Turn 15</h2><div class="spacer battle-history"><br></div><div class="battle-history">Red Grass (Wesson) withdrew Banette!<br></div><div class="battle-history">Red Grass (Wesson) sent out <strong>Meloetta</strong>!<br></div><div class="spacer battle-history"><br></div><div class="battle-history">Rotom used <strong>Shadow Ball</strong>!<br></div><div class="battle-history"><small>It doesn't affect the opposing Meloetta...</small><br></div><div class="spacer battle-history"><br></div><h2 class="battle-history">Turn 16</h2><div class="spacer battle-history"><br></div><div class="battle-history">The opposing Meloetta used <strong>Psyshock</strong>!<br></div><div class="battle-history"><small>(Rotom lost <abbr title="−72/241">29.9%</abbr> of its health!)</small><br></div><div class="spacer battle-history"><br></div><div class="battle-history">Rotom fainted!<br></div><div class="spacer battle-history"><br></div><div class="battle-history">Go! <strong>Aerodactyl</strong>!<br></div><div class="spacer battle-history"><br></div><h2 class="battle-history">Turn 17</h2><div class="spacer battle-history"><br></div><div class="battle-history">Aerodactyl used <strong>Earthquake</strong>!<br></div><div class="battle-history"><small>(The opposing Meloetta lost <abbr title="−73/404">18.1%</abbr> of its health!)</small><br></div><div class="spacer battle-history"><br></div><div class="battle-history">The opposing Meloetta used <strong>Psyshock</strong>!<br></div><div class="battle-history"><small>(Aerodactyl lost <abbr title="−175/301">58.1%</abbr> of its health!)</small><br></div><div class="spacer battle-history"><br></div><div class="battle-history"><small>Aerodactyl restored a little HP using its Leftovers!</small><br></div><div class="battle-history"><small>The opposing Meloetta restored a little HP using its Leftovers!</small><br></div><div class="spacer battle-history"><br></div><h2 class="battle-history">Turn 18</h2><div class="spacer battle-history"><br></div><div class="battle-history">Aerodactyl used <strong>Fly</strong>!<br></div><div class="battle-history">Aerodactyl flew up high!<br></div><div class="spacer battle-history"><br></div><div class="battle-history">The opposing Meloetta used <strong>Psyshock</strong>!<br></div><div class="battle-history"><small>Aerodactyl avoided the attack!</small><br></div><div class="spacer battle-history"><br></div><div class="battle-history"><small>Aerodactyl restored a little HP using its Leftovers!</small><br></div><div class="battle-history"><small>The opposing Meloetta restored a little HP using its Leftovers!</small><br></div><div class="spacer battle-history"><br></div><h2 class="battle-history">Turn 19</h2><div class="spacer battle-history"><br></div><div class="battle-history">Aerodactyl used <strong>Fly</strong>!<br></div><div class="battle-history"><small>(The opposing Meloetta lost <abbr title="−103/404">25.5%</abbr> of its health!)</small><br></div><div class="spacer battle-history"><br></div><div class="battle-history">The opposing Meloetta used <strong>Psyshock</strong>!<br></div><div class="battle-history"><small>(Aerodactyl lost <abbr title="−162/301">53.8%</abbr> of its health!)</small><br></div><div class="spacer battle-history"><br></div><div class="battle-history">Aerodactyl fainted!<br></div><div class="spacer battle-history"><br></div><div class="battle-history"><strong>Red Grass (Wesson)</strong> won the battle!<br></div><div class="chat chatmessage-redgrasswesson"><strong style="color:hsl(347,46%,51.12785552367157%)"><small>☆</small><span class="username" data-name="Red Grass (Wesson)">Red Grass (Wesson)</span>:</strong> <em>gg</em></div><div class="chat"><small>007nilo left.</small></div><div class="chat chatmessage-redgrasswesson"><strong style="color:hsl(347,46%,51.12785552367157%)"><small>☆</small><span class="username" data-name="Red Grass (Wesson)">Red Grass (Wesson)</span>:</strong> <em>manda o replay</em></div><div class="chat"><small>FreakBR joined.</small></div><div class="chat"><small>FreakBR left.</small></div><div class="chat"><small>FreakBR joined.</small></div><div class="chat"><small>SasukeUchihaxbr left.</small></div><div class="chat"><small>FreakBR left.</small></div><div class="chat"><small>SasukeUchihaxbr joined.</small></div><div class="chat"><small>Dragonitezin ❤ left.</small></div><div class="chat"><small>SasukeUchihaxbr left.</small></div><div class="chat"><small>SasukeUchihaxbr joined.</small></div><div class="chat"><small>SasukeUchihaxbr left.</small></div></div><div class="inner-preempt"></div></div></div>
</div>
<script>
let daily = Math.floor(Date.now()/1000/60/60/24);document.write('<script src="https://play.pokemonshowdown.com/js/replay-embed.js?version'+daily+'"></'+'script>');
</script>
