<!DOCTYPE html>
<meta charset="utf-8" />
<!-- version 1 -->
<title>RU replay: budysoha vs. Rei Karpa</title>
<style>
html,body {font-family:Verdana, sans-serif;font-size:10pt;margin:0;padding:0;}body{padding:12px 0;} .battle-log {font-family:Verdana, sans-serif;font-size:10pt;} .battle-log-inline {border:1px solid #AAAAAA;background:#EEF2F5;color:black;max-width:640px;margin:0 auto 80px;padding-bottom:5px;} .battle-log .inner {padding:4px 8px 0px 8px;} .battle-log .inner-preempt {padding:0 8px 4px 8px;} .battle-log .inner-after {margin-top:0.5em;} .battle-log h2 {margin:0.5em -8px;padding:4px 8px;border:1px solid #AAAAAA;background:#E0E7EA;border-left:0;border-right:0;font-family:Verdana, sans-serif;font-size:13pt;} .battle-log .chat {vertical-align:middle;padding:3px 0 3px 0;font-size:8pt;} .battle-log .chat strong {color:#40576A;} .battle-log .chat em {padding:1px 4px 1px 3px;color:#000000;font-style:normal;} .chat.mine {background:rgba(0,0,0,0.05);margin-left:-8px;margin-right:-8px;padding-left:8px;padding-right:8px;} .spoiler {color:#BBBBBB;background:#BBBBBB;padding:0px 3px;} .spoiler:hover, .spoiler:active, .spoiler-shown {color:#000000;background:#E2E2E2;padding:0px 3px;} .spoiler a {color:#BBBBBB;} .spoiler:hover a, .spoiler:active a, .spoiler-shown a {color:#2288CC;} .chat code, .chat .spoiler:hover code, .chat .spoiler:active code, .chat .spoiler-shown code {border:1px solid #C0C0C0;background:#EEEEEE;color:black;padding:0 2px;} .chat .spoiler code {border:1px solid #CCCCCC;background:#CCCCCC;color:#CCCCCC;} .battle-log .rated {padding:3px 4px;} .battle-log .rated strong {color:white;background:#89A;padding:1px 4px;border-radius:4px;} .spacer {margin-top:0.5em;} .message-announce {background:#6688AA;color:white;padding:1px 4px 2px;} .message-announce a, .broadcast-green a, .broadcast-blue a, .broadcast-red a {color:#DDEEFF;} .broadcast-green {background-color:#559955;color:white;padding:2px 4px;} .broadcast-blue {background-color:#6688AA;color:white;padding:2px 4px;} .infobox {border:1px solid #6688AA;padding:2px 4px;} .infobox-limited {max-height:200px;overflow:auto;overflow-x:hidden;} .broadcast-red {background-color:#AA5544;color:white;padding:2px 4px;} .message-learn-canlearn {font-weight:bold;color:#228822;text-decoration:underline;} .message-learn-cannotlearn {font-weight:bold;color:#CC2222;text-decoration:underline;} .message-effect-weak {font-weight:bold;color:#CC2222;} .message-effect-resist {font-weight:bold;color:#6688AA;} .message-effect-immune {font-weight:bold;color:#666666;} .message-learn-list {margin-top:0;margin-bottom:0;} .message-throttle-notice, .message-error {color:#992222;} .message-overflow, .chat small.message-overflow {font-size:0pt;} .message-overflow::before {font-size:9pt;content:'...';} .subtle {color:#3A4A66;}
</style>
<div class="wrapper replay-wrapper" style="max-width:1180px;margin:0 auto">
<input type="hidden" name="replayid" value="ru-514882768" />
<div class="battle"></div><div class="battle-log"></div><div class="replay-controls"></div><div class="replay-controls-2"></div>
<h1 style="font-weight:normal;text-align:center"><strong>RU</strong><br /><a href="http://pokemonshowdown.com/users/budysoha" class="subtle" target="_blank">budysoha</a> vs. <a href="http://pokemonshowdown.com/users/reikarpa" class="subtle" target="_blank">Rei Karpa</a></h1>
<script type="text/plain" class="battle-log-data">|j|budysoha
|j|Rei Karpa
|player|p1|budysoha|141
|player|p2|Rei Karpa|235
|gametype|singles
|gen|6
|tier|RU
|seed|12106,37285,51234,42162
|rule|Sleep Clause Mod: Limit one foe put to sleep
|rule|Species Clause: Limit one of each Pokémon
|rule|OHKO Clause: OHKO moves are banned
|rule|Moody Clause: Moody is banned
|rule|Evasion Moves Clause: Evasion moves are banned
|rule|Endless Battle Clause: Forcing endless battles is banned
|rule|HP Percentage Mod: HP is shown in percentages
|clearpoke
|poke|p1|Rotom-Mow|item
|poke|p1|Clawitzer, M, shiny|item
|poke|p1|Golbat, F, shiny|item
|poke|p1|Escavalier, M, shiny|item
|poke|p1|Gastrodon-East, M|item
|poke|p1|Houndoom, F|item
|poke|p2|Glalie, F|item
|poke|p2|Typhlosion, F|item
|poke|p2|Ambipom, F|item
|poke|p2|Blastoise, M|item
|poke|p2|Sigilyph, F|item
|poke|p2|Registeel|item
|rule|Swagger Clause: Swagger is banned
|rule|Baton Pass Clause: Limit one Baton Passer, can't pass Spe and other stats simultaneously
|teampreview
|choice|team 6, team 2, team 3, team 4, team 5, team 1|team 2, team 1, team 3, team 4, team 5, team 6
|
|start
|switch|p1a: COTIRRO|Houndoom, F|291\/291
|switch|p2a: Typhlosion|Typhlosion, F|297\/297
|turn|1
|choice|move darkpulse|move focusblast
|
|move|p2a: Typhlosion|Focus Blast|p1a: COTIRRO
|-supereffective|p1a: COTIRRO
|-damage|p1a: COTIRRO|0 fnt
|faint|p1a: COTIRRO
|
|upkeep
|choice|switch 3|
|
|switch|p1a: VADSCLAIDSON|Golbat, F, shiny|354\/354
|turn|2
|choice|move uturn|switch 6
|
|switch|p2a: Registeel|Registeel|364\/364
|move|p1a: VADSCLAIDSON|U-turn|p2a: Registeel
|-resisted|p2a: Registeel
|-damage|p2a: Registeel|348\/364
|choice|switch 2|
|
|switch|p1a: TTGUI|Clawitzer, M, shiny|328\/328
|
|-heal|p2a: Registeel|364\/364|[from] item: Leftovers
|upkeep
|turn|3
|choice|move aurasphere|switch 4
|
|switch|p2a: Blastoise|Blastoise, M|362\/362
|move|p1a: TTGUI|Aura Sphere|p2a: Blastoise
|-damage|p2a: Blastoise|154\/362
|
|-heal|p2a: Blastoise|176\/362|[from] item: Leftovers
|upkeep
|turn|4
|choice|move aurasphere|switch 5
|
|switch|p2a: Sigilyph|Sigilyph, F|285\/285
|move|p1a: TTGUI|Aura Sphere|p2a: Sigilyph
|-resisted|p2a: Sigilyph
|-damage|p2a: Sigilyph|228\/285
|
|-status|p2a: Sigilyph|brn|[from] item: Flame Orb
|upkeep
|turn|5
|choice|switch 4|move cosmicpower
|
|switch|p1a: SHIRYU AMIGO|Escavalier, M, shiny|343\/343
|move|p2a: Sigilyph|Cosmic Power|p2a: Sigilyph
|-boost|p2a: Sigilyph|def|1
|-boost|p2a: Sigilyph|spd|1
|
|upkeep
|turn|6
|choice|move knockoff|switch 4
|
|switch|p2a: Registeel|Registeel|364\/364
|move|p1a: SHIRYU AMIGO|Knock Off|p2a: Registeel
|-damage|p2a: Registeel|268\/364
|-enditem|p2a: Registeel|Leftovers|[from] move: Knock Off|[of] p1a: SHIRYU AMIGO
|
|upkeep
|turn|7
|choice|switch 4|move stealthrock
|
|switch|p1a: TTGUI|Clawitzer, M, shiny|328\/328
|move|p2a: Registeel|Stealth Rock|p1a: TTGUI
|-sidestart|p1: budysoha|move: Stealth Rock
|
|upkeep
|turn|8
|choice|move scald|move thunderwave
|
|move|p1a: TTGUI|Scald|p2a: Registeel
|-damage|p2a: Registeel|142\/364
|-status|p2a: Registeel|brn
|move|p2a: Registeel|Thunder Wave|p1a: TTGUI
|-status|p1a: TTGUI|par
|
|-damage|p2a: Registeel|97\/364 brn|[from] brn
|upkeep
|turn|9
|choice|move scald|switch 4
|
|switch|p2a: Sigilyph|Sigilyph, F|228\/285 brn
|cant|p1a: TTGUI|par
|
|upkeep
|turn|10
|choice|switch 4|move airslash
|
|switch|p1a: SHIRYU AMIGO|Escavalier, M, shiny|343\/343
|-damage|p1a: SHIRYU AMIGO|301\/343|[from] Stealth Rock
|move|p2a: Sigilyph|Air Slash|p1a: SHIRYU AMIGO
|-damage|p1a: SHIRYU AMIGO|250\/343
|
|upkeep
|turn|11
|choice|move knockoff|move psychoshift
|
|move|p2a: Sigilyph|Psycho Shift|p1a: SHIRYU AMIGO
|-status|p1a: SHIRYU AMIGO|brn
|-curestatus|p2a: Sigilyph|brn|[msg]
|move|p1a: SHIRYU AMIGO|Knock Off|p2a: Sigilyph
|-supereffective|p2a: Sigilyph
|-damage|p2a: Sigilyph|104\/285
|-enditem|p2a: Sigilyph|Flame Orb|[from] move: Knock Off|[of] p1a: SHIRYU AMIGO
|
|-damage|p1a: SHIRYU AMIGO|208\/343 brn|[from] brn
|upkeep
|turn|12
|choice|switch 6|move airslash
|
|switch|p1a: ZAP|Rotom-Mow|241\/241
|-damage|p1a: ZAP|211\/241|[from] Stealth Rock
|move|p2a: Sigilyph|Air Slash|p1a: ZAP|[miss]
|-miss|p2a: Sigilyph|p1a: ZAP
|
|upkeep
|turn|13
|choice|move voltswitch|move airslash
|
|move|p1a: ZAP|Volt Switch|p2a: Sigilyph
|-supereffective|p2a: Sigilyph
|-damage|p2a: Sigilyph|0 fnt
|faint|p2a: Sigilyph
|choice|switch 2|
|
|switch|p1a: VADSCLAIDSON|Golbat, F, shiny|354\/354
|-damage|p1a: VADSCLAIDSON|266\/354|[from] Stealth Rock
|
|upkeep
|choice||switch 6
|
|switch|p2a: Typhlosion|Typhlosion, F|297\/297
|turn|14
|choice|move defog|move eruption
|
|move|p2a: Typhlosion|Eruption|p1a: VADSCLAIDSON
|-damage|p1a: VADSCLAIDSON|112\/354
|move|p1a: VADSCLAIDSON|Defog|p2a: Typhlosion
|-unboost|p2a: Typhlosion|evasion|1
|-sideend|p1: budysoha|Stealth Rock|[from] move: Defog|[of] p1a: VADSCLAIDSON
|
|upkeep
|turn|15
|choice|switch 5|move eruption
|
|switch|p1a: PEDRIN|Gastrodon-East, M|418\/418
|move|p2a: Typhlosion|Eruption|p1a: PEDRIN
|-resisted|p1a: PEDRIN
|-damage|p1a: PEDRIN|265\/418
|
|-heal|p1a: PEDRIN|291\/418|[from] item: Leftovers
|upkeep
|turn|16
|choice|move scald|switch 2
|
|switch|p2a: Glalie|Glalie, F|301\/301
|move|p1a: PEDRIN|Scald|p2a: Glalie
|-damage|p2a: Glalie|199\/301
|
|-heal|p1a: PEDRIN|317\/418|[from] item: Leftovers
|upkeep
|turn|17
|choice|switch 5|move freezedry mega
|
|switch|p1a: VADSCLAIDSON|Golbat, F, shiny|112\/354
|detailschange|p2a: Glalie|Glalie-Mega, F
|-mega|p2a: Glalie|Glalie|Glalitite
|move|p2a: Glalie|Freeze-Dry|p1a: VADSCLAIDSON
|-supereffective|p1a: VADSCLAIDSON
|-damage|p1a: VADSCLAIDSON|0 fnt
|faint|p1a: VADSCLAIDSON
|
|upkeep
|choice|switch 6|
|
|switch|p1a: SHIRYU AMIGO|Escavalier, M, shiny|208\/343 brn
|turn|18
|choice|move ironhead|switch 5
|
|switch|p2a: Blastoise|Blastoise, M|176\/362
|move|p1a: SHIRYU AMIGO|Iron Head|p2a: Blastoise
|-resisted|p2a: Blastoise
|-damage|p2a: Blastoise|149\/362
|
|-heal|p2a: Blastoise|171\/362|[from] item: Leftovers
|-damage|p1a: SHIRYU AMIGO|166\/343 brn|[from] brn
|upkeep
|turn|19
|choice|move knockoff|switch 2
|
|switch|p2a: Typhlosion|Typhlosion, F|297\/297
|move|p1a: SHIRYU AMIGO|Knock Off|p2a: Typhlosion
|-damage|p2a: Typhlosion|215\/297
|-enditem|p2a: Typhlosion|Choice Scarf|[from] move: Knock Off|[of] p1a: SHIRYU AMIGO
|
|-damage|p1a: SHIRYU AMIGO|124\/343 brn|[from] brn
|upkeep
|turn|20
|choice|move poisonjab|move eruption
|
|move|p2a: Typhlosion|Eruption|p1a: SHIRYU AMIGO
|-supereffective|p1a: SHIRYU AMIGO
|-damage|p1a: SHIRYU AMIGO|0 fnt
|faint|p1a: SHIRYU AMIGO
|
|upkeep
|choice|switch 5|
|
|switch|p1a: PEDRIN|Gastrodon-East, M|317\/418
|turn|21
|choice|move scald|switch 5
|
|switch|p2a: Glalie|Glalie-Mega, F|199\/301
|move|p1a: PEDRIN|Scald|p2a: Glalie
|-damage|p2a: Glalie|94\/301
|-status|p2a: Glalie|brn
|
|-heal|p1a: PEDRIN|343\/418|[from] item: Leftovers
|-damage|p2a: Glalie|57\/301 brn|[from] brn
|upkeep
|turn|22
|choice|move scald|move freezedry
|
|move|p2a: Glalie|Freeze-Dry|p1a: PEDRIN
|-supereffective|p1a: PEDRIN
|-damage|p1a: PEDRIN|0 fnt
|faint|p1a: PEDRIN
|
|-damage|p2a: Glalie|20\/301 brn|[from] brn
|upkeep
|choice|switch 2|
|
|switch|p1a: ZAP|Rotom-Mow|211\/241
|turn|23
|choice|move voltswitch|move iceshard
|
|move|p2a: Glalie|Ice Shard|p1a: ZAP
|-supereffective|p1a: ZAP
|-damage|p1a: ZAP|162\/241
|move|p1a: ZAP|Volt Switch|p2a: Glalie
|-damage|p2a: Glalie|0 fnt
|faint|p2a: Glalie
|choice|switch 4|
|
|switch|p1a: TTGUI|Clawitzer, M, shiny|328\/328 par
|
|upkeep
|choice||switch 3
|
|switch|p2a: Ambipom|Ambipom, F|292\/292
|turn|24
|choice|move scald|move fakeout
|
|move|p2a: Ambipom|Fake Out|p1a: TTGUI
|-damage|p1a: TTGUI|207\/328 par
|-damage|p2a: Ambipom|263\/292|[from] item: Life Orb
|cant|p1a: TTGUI|flinch
|
|upkeep
|turn|25
|choice|move scald|move lastresort
|
|move|p2a: Ambipom|Last Resort|p1a: TTGUI
|-damage|p1a: TTGUI|0 fnt
|-damage|p2a: Ambipom|234\/292|[from] item: Life Orb
|faint|p1a: TTGUI
|
|upkeep
|choice|switch 4|
|
|switch|p1a: ZAP|Rotom-Mow|162\/241
|turn|26
|choice|move thunderbolt|switch 4
|
|switch|p2a: Registeel|Registeel|97\/364 brn
|move|p1a: ZAP|Thunderbolt|p2a: Registeel
|-damage|p2a: Registeel|25\/364 brn
|
|-damage|p2a: Registeel|0 fnt|[from] brn
|upkeep
|faint|p2a: Registeel
|choice||switch 4
|
|switch|p2a: Ambipom|Ambipom, F|234\/292
|turn|27
|choice|move thunderbolt|move fakeout
|
|move|p2a: Ambipom|Fake Out|p1a: ZAP
|-damage|p1a: ZAP|48\/241
|-damage|p2a: Ambipom|205\/292|[from] item: Life Orb
|cant|p1a: ZAP|flinch
|
|upkeep
|turn|28
|c|★Rei Karpa|GG
|c|★budysoha|A PERDA DO CATIORROME FERROU
|c|★budysoha|GG
|choice|move thunderbolt|switch 2
|
|switch|p2a: Blastoise|Blastoise, M|171\/362
|move|p1a: ZAP|Thunderbolt|p2a: Blastoise
|-supereffective|p2a: Blastoise
|-damage|p2a: Blastoise|0 fnt
|faint|p2a: Blastoise
|
|upkeep
|choice||switch 2
|
|switch|p2a: Ambipom|Ambipom, F|205\/292
|turn|29
|c|★budysoha|QUER IR UMA OU GEN 7
|c|★Rei Karpa|Agora nao da
|c|★budysoha|PRIIMEIRA VEZ Q JOGO ESSA
|choice|move thunderbolt|move fakeout
|
|move|p2a: Ambipom|Fake Out|p1a: ZAP
|-damage|p1a: ZAP|0 fnt
|-damage|p2a: Ambipom|176\/292|[from] item: Life Orb
|faint|p1a: ZAP
|
|win|Rei Karpa
|player|p1
|player|p2</script>
</div>
<div class="battle-log battle-log-inline"><div class="inner"><div class="battle-options"></div><div class="inner"><div class="chat"><small>budysoha joined.</small></div><div class="chat"><small>Rei Karpa joined.</small></div><div class=""><small>Format:</small> <br><strong>RU</strong></div><div class=""><small><em>Sleep Clause Mod:</em> Limit one foe put to sleep</small></div><div class=""><small><em>Species Clause:</em> Limit one of each Pokémon</small></div><div class=""><small><em>OHKO Clause:</em> OHKO moves are banned</small></div><div class=""><small><em>Moody Clause:</em> Moody is banned</small></div><div class=""><small><em>Evasion Moves Clause:</em> Evasion moves are banned</small></div><div class=""><small><em>Endless Battle Clause:</em> Forcing endless battles is banned</small></div><div class=""><small><em>HP Percentage Mod:</em> HP is shown in percentages</small></div><div class=""><small><em>Swagger Clause:</em> Swagger is banned</small></div><div class=""><small><em>Baton Pass Clause:</em> Limit one Baton Passer, can't pass Spe and other stats simultaneously</small></div><div class="chat battle-history"><strong>budysoha's team:</strong> <em style="color:#445566;display:block;">Rotom-Mow / Clawitzer / Golbat / Escavalier / Gastrodon-East / Houndoom</em></div><div class="chat battle-history"><strong>Rei Karpa's team:</strong> <em style="color:#445566;display:block;">Glalie / Typhlosion / Ambipom / Blastoise / Sigilyph / Registeel</em></div><div class="spacer battle-history"><br></div><div class="battle-history">Battle started between budysoha and Rei Karpa!<br></div><div class="spacer battle-history"><br></div><div class="battle-history">Go! COTIRRO (<strong>Houndoom</strong>)!<br></div><div class="spacer battle-history"><br></div><div class="battle-history">Rei Karpa sent out <strong>Typhlosion</strong>!<br></div><div class="spacer battle-history"><br></div><h2 class="battle-history">Turn 1</h2><div class="spacer battle-history"><br></div><div class="battle-history">The opposing Typhlosion used <strong>Focus Blast</strong>!<br></div><div class="battle-history"><small>It's super effective!</small><br></div><div class="battle-history"><small>(COTIRRO lost <abbr title="−291/291">100%</abbr> of its health!)</small><br></div><div class="spacer battle-history"><br></div><div class="battle-history">COTIRRO fainted!<br></div><div class="spacer battle-history"><br></div><div class="battle-history">Go! VADSCLAIDSON (<strong>Golbat</strong>)!<br></div><div class="spacer battle-history"><br></div><h2 class="battle-history">Turn 2</h2><div class="spacer battle-history"><br></div><div class="battle-history">Rei Karpa withdrew Typhlosion!<br></div><div class="battle-history">Rei Karpa sent out <strong>Registeel</strong>!<br></div><div class="spacer battle-history"><br></div><div class="battle-history">VADSCLAIDSON used <strong>U-turn</strong>!<br></div><div class="battle-history"><small>It's not very effective...</small><br></div><div class="battle-history"><small>(The opposing Registeel lost <abbr title="−16/364">4.4%</abbr> of its health!)</small><br></div><div class="spacer battle-history"><br></div><div class="battle-history">VADSCLAIDSON went back to budysoha!<br></div><div class="battle-history">Go! TTGUI (<strong>Clawitzer</strong>)!<br></div><div class="spacer battle-history"><br></div><div class="battle-history"><small>The opposing Registeel restored a little HP using its Leftovers!</small><br></div><div class="spacer battle-history"><br></div><h2 class="battle-history">Turn 3</h2><div class="spacer battle-history"><br></div><div class="battle-history">Rei Karpa withdrew Registeel!<br></div><div class="battle-history">Rei Karpa sent out <strong>Blastoise</strong>!<br></div><div class="spacer battle-history"><br></div><div class="battle-history">TTGUI used <strong>Aura Sphere</strong>!<br></div><div class="battle-history"><small>(The opposing Blastoise lost <abbr title="−208/362">57.5%</abbr> of its health!)</small><br></div><div class="spacer battle-history"><br></div><div class="battle-history"><small>The opposing Blastoise restored a little HP using its Leftovers!</small><br></div><div class="spacer battle-history"><br></div><h2 class="battle-history">Turn 4</h2><div class="spacer battle-history"><br></div><div class="battle-history">Rei Karpa withdrew Blastoise!<br></div><div class="battle-history">Rei Karpa sent out <strong>Sigilyph</strong>!<br></div><div class="spacer battle-history"><br></div><div class="battle-history">TTGUI used <strong>Aura Sphere</strong>!<br></div><div class="battle-history"><small>It's not very effective...</small><br></div><div class="battle-history"><small>(The opposing Sigilyph lost <abbr title="−57/285">20%</abbr> of its health!)</small><br></div><div class="spacer battle-history"><br></div><div class="battle-history"><small>The opposing Sigilyph was burned!</small><br></div><div class="spacer battle-history"><br></div><h2 class="battle-history">Turn 5</h2><div class="spacer battle-history"><br></div><div class="battle-history">TTGUI, come back!<br></div><div class="battle-history">Go! SHIRYU AMIGO (<strong>Escavalier</strong>)!<br></div><div class="spacer battle-history"><br></div><div class="battle-history">The opposing Sigilyph used <strong>Cosmic Power</strong>!<br></div><div class="battle-history"><small>The opposing Sigilyph's Defense rose!</small><br></div><div class="battle-history"><small>The opposing Sigilyph's Special Defense rose!</small><br></div><div class="spacer battle-history"><br></div><h2 class="battle-history">Turn 6</h2><div class="spacer battle-history"><br></div><div class="battle-history">Rei Karpa withdrew Sigilyph!<br></div><div class="battle-history">Rei Karpa sent out <strong>Registeel</strong>!<br></div><div class="spacer battle-history"><br></div><div class="battle-history">SHIRYU AMIGO used <strong>Knock Off</strong>!<br></div><div class="battle-history"><small>(The opposing Registeel lost <abbr title="−96/364">26.4%</abbr> of its health!)</small><br></div><div class="battle-history"><small>SHIRYU AMIGO knocked off the opposing Registeel's Leftovers!</small><br></div><div class="spacer battle-history"><br></div><h2 class="battle-history">Turn 7</h2><div class="spacer battle-history"><br></div><div class="battle-history">SHIRYU AMIGO, come back!<br></div><div class="battle-history">Go! TTGUI (<strong>Clawitzer</strong>)!<br></div><div class="spacer battle-history"><br></div><div class="battle-history">The opposing Registeel used <strong>Stealth Rock</strong>!<br></div><div class="battle-history"><small>Pointed stones float in the air around your team!</small><br></div><div class="spacer battle-history"><br></div><h2 class="battle-history">Turn 8</h2><div class="spacer battle-history"><br></div><div class="battle-history">TTGUI used <strong>Scald</strong>!<br></div><div class="battle-history"><small>(The opposing Registeel lost <abbr title="−126/364">34.6%</abbr> of its health!)</small><br></div><div class="battle-history"><small>The opposing Registeel was burned!</small><br></div><div class="spacer battle-history"><br></div><div class="battle-history">The opposing Registeel used <strong>Thunder Wave</strong>!<br></div><div class="battle-history"><small>TTGUI is paralyzed! It may be unable to move!</small><br></div><div class="spacer battle-history"><br></div><div class="battle-history"><small>The opposing Registeel was hurt by its burn!</small><br></div><div class="spacer battle-history"><br></div><h2 class="battle-history">Turn 9</h2><div class="spacer battle-history"><br></div><div class="battle-history">Rei Karpa withdrew Registeel!<br></div><div class="battle-history">Rei Karpa sent out <strong>Sigilyph</strong>!<br></div><div class="spacer battle-history"><br></div><div class="battle-history">TTGUI is paralyzed! It can't move!<br></div><div class="spacer battle-history"><br></div><h2 class="battle-history">Turn 10</h2><div class="spacer battle-history"><br></div><div class="battle-history">TTGUI, come back!<br></div><div class="battle-history">Go! SHIRYU AMIGO (<strong>Escavalier</strong>)!<br></div><div class="battle-history"><small>Pointed stones dug into SHIRYU AMIGO!</small><br></div><div class="spacer battle-history"><br></div><div class="battle-history">The opposing Sigilyph used <strong>Air Slash</strong>!<br></div><div class="battle-history"><small>(SHIRYU AMIGO lost <abbr title="−51/343">14.9%</abbr> of its health!)</small><br></div><div class="spacer battle-history"><br></div><h2 class="battle-history">Turn 11</h2><div class="spacer battle-history"><br></div><div class="battle-history">The opposing Sigilyph used <strong>Psycho Shift</strong>!<br></div><div class="battle-history"><small>SHIRYU AMIGO was burned!</small><br></div><div class="battle-history"><small>The opposing Sigilyph's burn was healed.</small><br></div><div class="spacer battle-history"><br></div><div class="battle-history">SHIRYU AMIGO used <strong>Knock Off</strong>!<br></div><div class="battle-history"><small>It's super effective!</small><br></div><div class="battle-history"><small>(The opposing Sigilyph lost <abbr title="−124/285">43.5%</abbr> of its health!)</small><br></div><div class="battle-history"><small>SHIRYU AMIGO knocked off the opposing Sigilyph's Flame Orb!</small><br></div><div class="spacer battle-history"><br></div><div class="battle-history"><small>SHIRYU AMIGO was hurt by its burn!</small><br></div><div class="spacer battle-history"><br></div><h2 class="battle-history">Turn 12</h2><div class="spacer battle-history"><br></div><div class="battle-history">SHIRYU AMIGO, come back!<br></div><div class="battle-history">Go! ZAP (<strong>Rotom-Mow</strong>)!<br></div><div class="battle-history"><small>Pointed stones dug into ZAP!</small><br></div><div class="spacer battle-history"><br></div><div class="battle-history">The opposing Sigilyph used <strong>Air Slash</strong>!<br></div><div class="battle-history"><small>ZAP avoided the attack!</small><br></div><div class="spacer battle-history"><br></div><h2 class="battle-history">Turn 13</h2><div class="spacer battle-history"><br></div><div class="battle-history">ZAP used <strong>Volt Switch</strong>!<br></div><div class="battle-history"><small>It's super effective!</small><br></div><div class="battle-history"><small>(The opposing Sigilyph lost <abbr title="−104/285">36.5%</abbr> of its health!)</small><br></div><div class="spacer battle-history"><br></div><div class="battle-history">The opposing Sigilyph fainted!<br></div><div class="spacer battle-history"><br></div><div class="battle-history">ZAP went back to budysoha!<br></div><div class="battle-history">Go! VADSCLAIDSON (<strong>Golbat</strong>)!<br></div><div class="battle-history"><small>Pointed stones dug into VADSCLAIDSON!</small><br></div><div class="spacer battle-history"><br></div><div class="battle-history">Rei Karpa sent out <strong>Typhlosion</strong>!<br></div><div class="spacer battle-history"><br></div><h2 class="battle-history">Turn 14</h2><div class="spacer battle-history"><br></div><div class="battle-history">The opposing Typhlosion used <strong>Eruption</strong>!<br></div><div class="battle-history"><small>(VADSCLAIDSON lost <abbr title="−154/354">43.5%</abbr> of its health!)</small><br></div><div class="spacer battle-history"><br></div><div class="battle-history">VADSCLAIDSON used <strong>Defog</strong>!<br></div><div class="battle-history"><small>The opposing Typhlosion's evasiveness fell!</small><br></div><div class="battle-history"><small>The pointed stones disappeared from around your team!</small><br></div><div class="spacer battle-history"><br></div><h2 class="battle-history">Turn 15</h2><div class="spacer battle-history"><br></div><div class="battle-history">VADSCLAIDSON, come back!<br></div><div class="battle-history">Go! PEDRIN (<strong>Gastrodon-East</strong>)!<br></div><div class="spacer battle-history"><br></div><div class="battle-history">The opposing Typhlosion used <strong>Eruption</strong>!<br></div><div class="battle-history"><small>It's not very effective...</small><br></div><div class="battle-history"><small>(PEDRIN lost <abbr title="−153/418">36.6%</abbr> of its health!)</small><br></div><div class="spacer battle-history"><br></div><div class="battle-history"><small>PEDRIN restored a little HP using its Leftovers!</small><br></div><div class="spacer battle-history"><br></div><h2 class="battle-history">Turn 16</h2><div class="spacer battle-history"><br></div><div class="battle-history">Rei Karpa withdrew Typhlosion!<br></div><div class="battle-history">Rei Karpa sent out <strong>Glalie</strong>!<br></div><div class="spacer battle-history"><br></div><div class="battle-history">PEDRIN used <strong>Scald</strong>!<br></div><div class="battle-history"><small>(The opposing Glalie lost <abbr title="−102/301">33.9%</abbr> of its health!)</small><br></div><div class="spacer battle-history"><br></div><div class="battle-history"><small>PEDRIN restored a little HP using its Leftovers!</small><br></div><div class="spacer battle-history"><br></div><h2 class="battle-history">Turn 17</h2><div class="spacer battle-history"><br></div><div class="battle-history">PEDRIN, come back!<br></div><div class="battle-history">Go! VADSCLAIDSON (<strong>Golbat</strong>)!<br></div><div class="spacer battle-history"><br></div><div class="battle-history"><small>The opposing Glalie's Glalitite is reacting to Rei Karpa's Mega Bracelet!</small><br>The opposing Glalie has Mega Evolved into Mega Glalie!<br></div><div class="spacer battle-history"><br></div><div class="battle-history">The opposing Glalie used <strong>Freeze-Dry</strong>!<br></div><div class="battle-history"><small>It's super effective!</small><br></div><div class="battle-history"><small>(VADSCLAIDSON lost <abbr title="−112/354">31.6%</abbr> of its health!)</small><br></div><div class="spacer battle-history"><br></div><div class="battle-history">VADSCLAIDSON fainted!<br></div><div class="spacer battle-history"><br></div><div class="battle-history">Go! SHIRYU AMIGO (<strong>Escavalier</strong>)!<br></div><div class="spacer battle-history"><br></div><h2 class="battle-history">Turn 18</h2><div class="spacer battle-history"><br></div><div class="battle-history">Rei Karpa withdrew Glalie!<br></div><div class="battle-history">Rei Karpa sent out <strong>Blastoise</strong>!<br></div><div class="spacer battle-history"><br></div><div class="battle-history">SHIRYU AMIGO used <strong>Iron Head</strong>!<br></div><div class="battle-history"><small>It's not very effective...</small><br></div><div class="battle-history"><small>(The opposing Blastoise lost <abbr title="−27/362">7.5%</abbr> of its health!)</small><br></div><div class="spacer battle-history"><br></div><div class="battle-history"><small>The opposing Blastoise restored a little HP using its Leftovers!</small><br></div><div class="battle-history"><small>SHIRYU AMIGO was hurt by its burn!</small><br></div><div class="spacer battle-history"><br></div><h2 class="battle-history">Turn 19</h2><div class="spacer battle-history"><br></div><div class="battle-history">Rei Karpa withdrew Blastoise!<br></div><div class="battle-history">Rei Karpa sent out <strong>Typhlosion</strong>!<br></div><div class="spacer battle-history"><br></div><div class="battle-history">SHIRYU AMIGO used <strong>Knock Off</strong>!<br></div><div class="battle-history"><small>(The opposing Typhlosion lost <abbr title="−82/297">27.6%</abbr> of its health!)</small><br></div><div class="battle-history"><small>SHIRYU AMIGO knocked off the opposing Typhlosion's Choice Scarf!</small><br></div><div class="spacer battle-history"><br></div><div class="battle-history"><small>SHIRYU AMIGO was hurt by its burn!</small><br></div><div class="spacer battle-history"><br></div><h2 class="battle-history">Turn 20</h2><div class="spacer battle-history"><br></div><div class="battle-history">The opposing Typhlosion used <strong>Eruption</strong>!<br></div><div class="battle-history"><small>It's super effective!</small><br></div><div class="battle-history"><small>(SHIRYU AMIGO lost <abbr title="−124/343">36.2%</abbr> of its health!)</small><br></div><div class="spacer battle-history"><br></div><div class="battle-history">SHIRYU AMIGO fainted!<br></div><div class="spacer battle-history"><br></div><div class="battle-history">Go! PEDRIN (<strong>Gastrodon-East</strong>)!<br></div><div class="spacer battle-history"><br></div><h2 class="battle-history">Turn 21</h2><div class="spacer battle-history"><br></div><div class="battle-history">Rei Karpa withdrew Typhlosion!<br></div><div class="battle-history">Rei Karpa sent out Glalie (<strong>Glalie-Mega</strong>)!<br></div><div class="spacer battle-history"><br></div><div class="battle-history">PEDRIN used <strong>Scald</strong>!<br></div><div class="battle-history"><small>(The opposing Glalie lost <abbr title="−105/301">34.9%</abbr> of its health!)</small><br></div><div class="battle-history"><small>The opposing Glalie was burned!</small><br></div><div class="spacer battle-history"><br></div><div class="battle-history"><small>PEDRIN restored a little HP using its Leftovers!</small><br></div><div class="battle-history"><small>The opposing Glalie was hurt by its burn!</small><br></div><div class="spacer battle-history"><br></div><h2 class="battle-history">Turn 22</h2><div class="spacer battle-history"><br></div><div class="battle-history">The opposing Glalie used <strong>Freeze-Dry</strong>!<br></div><div class="battle-history"><small>It's super effective!</small><br></div><div class="battle-history"><small>(PEDRIN lost <abbr title="−343/418">82.1%</abbr> of its health!)</small><br></div><div class="spacer battle-history"><br></div><div class="battle-history">PEDRIN fainted!<br></div><div class="spacer battle-history"><br></div><div class="battle-history"><small>The opposing Glalie was hurt by its burn!</small><br></div><div class="spacer battle-history"><br></div><div class="battle-history">Go! ZAP (<strong>Rotom-Mow</strong>)!<br></div><div class="spacer battle-history"><br></div><h2 class="battle-history">Turn 23</h2><div class="spacer battle-history"><br></div><div class="battle-history">The opposing Glalie used <strong>Ice Shard</strong>!<br></div><div class="battle-history"><small>It's super effective!</small><br></div><div class="battle-history"><small>(ZAP lost <abbr title="−49/241">20.3%</abbr> of its health!)</small><br></div><div class="spacer battle-history"><br></div><div class="battle-history">ZAP used <strong>Volt Switch</strong>!<br></div><div class="battle-history"><small>(The opposing Glalie lost <abbr title="−20/301">6.6%</abbr> of its health!)</small><br></div><div class="spacer battle-history"><br></div><div class="battle-history">The opposing Glalie fainted!<br></div><div class="spacer battle-history"><br></div><div class="battle-history">ZAP went back to budysoha!<br></div><div class="battle-history">Go! TTGUI (<strong>Clawitzer</strong>)!<br></div><div class="spacer battle-history"><br></div><div class="battle-history">Rei Karpa sent out <strong>Ambipom</strong>!<br></div><div class="spacer battle-history"><br></div><h2 class="battle-history">Turn 24</h2><div class="spacer battle-history"><br></div><div class="battle-history">The opposing Ambipom used <strong>Fake Out</strong>!<br></div><div class="battle-history"><small>(TTGUI lost <abbr title="−121/328">36.9%</abbr> of its health!)</small><br></div><div class="battle-history"><small>The opposing Ambipom lost some of its HP!</small><br></div><div class="spacer battle-history"><br></div><div class="battle-history">TTGUI flinched and couldn't move!<br></div><div class="spacer battle-history"><br></div><h2 class="battle-history">Turn 25</h2><div class="spacer battle-history"><br></div><div class="battle-history">The opposing Ambipom used <strong>Last Resort</strong>!<br></div><div class="battle-history"><small>(TTGUI lost <abbr title="−207/328">63.1%</abbr> of its health!)</small><br></div><div class="battle-history"><small>The opposing Ambipom lost some of its HP!</small><br></div><div class="spacer battle-history"><br></div><div class="battle-history">TTGUI fainted!<br></div><div class="spacer battle-history"><br></div><div class="battle-history">Go! ZAP (<strong>Rotom-Mow</strong>)!<br></div><div class="spacer battle-history"><br></div><h2 class="battle-history">Turn 26</h2><div class="spacer battle-history"><br></div><div class="battle-history">Rei Karpa withdrew Ambipom!<br></div><div class="battle-history">Rei Karpa sent out <strong>Registeel</strong>!<br></div><div class="spacer battle-history"><br></div><div class="battle-history">ZAP used <strong>Thunderbolt</strong>!<br></div><div class="battle-history"><small>(The opposing Registeel lost <abbr title="−72/364">19.8%</abbr> of its health!)</small><br></div><div class="spacer battle-history"><br></div><div class="battle-history"><small>The opposing Registeel was hurt by its burn!</small><br></div><div class="spacer battle-history"><br></div><div class="battle-history">The opposing Registeel fainted!<br></div><div class="spacer battle-history"><br></div><div class="battle-history">Rei Karpa sent out <strong>Ambipom</strong>!<br></div><div class="spacer battle-history"><br></div><h2 class="battle-history">Turn 27</h2><div class="spacer battle-history"><br></div><div class="battle-history">The opposing Ambipom used <strong>Fake Out</strong>!<br></div><div class="battle-history"><small>(ZAP lost <abbr title="−114/241">47.3%</abbr> of its health!)</small><br></div><div class="battle-history"><small>The opposing Ambipom lost some of its HP!</small><br></div><div class="spacer battle-history"><br></div><div class="battle-history">ZAP flinched and couldn't move!<br></div><div class="spacer battle-history"><br></div><h2 class="battle-history">Turn 28</h2><div class="chat chatmessage-reikarpa"><strong style="color:hsl(193,78%,33.666666666666664%)"><small>★</small><span class="username" data-name="Rei Karpa">Rei Karpa</span>:</strong> <em>GG</em></div><div class="chat chatmessage-budysoha"><strong style="color:hsl(186,65%,34.19344621755001%)"><small>★</small><span class="username" data-name="budysoha">budysoha</span>:</strong> <em>A PERDA DO CATIORROME FERROU</em></div><div class="chat chatmessage-budysoha"><strong style="color:hsl(186,65%,34.19344621755001%)"><small>★</small><span class="username" data-name="budysoha">budysoha</span>:</strong> <em>GG</em></div><div class="spacer battle-history"><br></div><div class="battle-history">Rei Karpa withdrew Ambipom!<br></div><div class="battle-history">Rei Karpa sent out <strong>Blastoise</strong>!<br></div><div class="spacer battle-history"><br></div><div class="battle-history">ZAP used <strong>Thunderbolt</strong>!<br></div><div class="battle-history"><small>It's super effective!</small><br></div><div class="battle-history"><small>(The opposing Blastoise lost <abbr title="−171/362">47.2%</abbr> of its health!)</small><br></div><div class="spacer battle-history"><br></div><div class="battle-history">The opposing Blastoise fainted!<br></div><div class="spacer battle-history"><br></div><div class="battle-history">Rei Karpa sent out <strong>Ambipom</strong>!<br></div><div class="spacer battle-history"><br></div><h2 class="battle-history">Turn 29</h2><div class="chat chatmessage-budysoha"><strong style="color:hsl(186,65%,34.19344621755001%)"><small>★</small><span class="username" data-name="budysoha">budysoha</span>:</strong> <em>QUER IR UMA OU GEN 7</em></div><div class="chat chatmessage-reikarpa"><strong style="color:hsl(193,78%,33.666666666666664%)"><small>★</small><span class="username" data-name="Rei Karpa">Rei Karpa</span>:</strong> <em>Agora nao da</em></div><div class="chat chatmessage-budysoha"><strong style="color:hsl(186,65%,34.19344621755001%)"><small>★</small><span class="username" data-name="budysoha">budysoha</span>:</strong> <em>PRIIMEIRA VEZ Q JOGO ESSA</em></div><div class="spacer battle-history"><br></div><div class="battle-history">The opposing Ambipom used <strong>Fake Out</strong>!<br></div><div class="battle-history"><small>(ZAP lost <abbr title="−48/241">19.9%</abbr> of its health!)</small><br></div><div class="battle-history"><small>The opposing Ambipom lost some of its HP!</small><br></div><div class="spacer battle-history"><br></div><div class="battle-history">ZAP fainted!<br></div><div class="spacer battle-history"><br></div><div class="battle-history"><strong>Rei Karpa</strong> won the battle!<br></div></div><div class="inner-preempt"></div></div></div>
</div>
<script>
let daily = Math.floor(Date.now()/1000/60/60/24);document.write('<script src="https://play.pokemonshowdown.com/js/replay-embed.js?version'+daily+'"></'+'script>');
</script>
