<!DOCTYPE html>
<meta charset="utf-8" />
<!-- version 1 -->
<title>RU replay: Brave Key vs. megamanclique</title>
<style>
html,body {font-family:Verdana, sans-serif;font-size:10pt;margin:0;padding:0;}body{padding:12px 0;} .battle-log {font-family:Verdana, sans-serif;font-size:10pt;} .battle-log-inline {border:1px solid #AAAAAA;background:#EEF2F5;color:black;max-width:640px;margin:0 auto 80px;padding-bottom:5px;} .battle-log .inner {padding:4px 8px 0px 8px;} .battle-log .inner-preempt {padding:0 8px 4px 8px;} .battle-log .inner-after {margin-top:0.5em;} .battle-log h2 {margin:0.5em -8px;padding:4px 8px;border:1px solid #AAAAAA;background:#E0E7EA;border-left:0;border-right:0;font-family:Verdana, sans-serif;font-size:13pt;} .battle-log .chat {vertical-align:middle;padding:3px 0 3px 0;font-size:8pt;} .battle-log .chat strong {color:#40576A;} .battle-log .chat em {padding:1px 4px 1px 3px;color:#000000;font-style:normal;} .chat.mine {background:rgba(0,0,0,0.05);margin-left:-8px;margin-right:-8px;padding-left:8px;padding-right:8px;} .spoiler {color:#BBBBBB;background:#BBBBBB;padding:0px 3px;} .spoiler:hover, .spoiler:active, .spoiler-shown {color:#000000;background:#E2E2E2;padding:0px 3px;} .spoiler a {color:#BBBBBB;} .spoiler:hover a, .spoiler:active a, .spoiler-shown a {color:#2288CC;} .chat code, .chat .spoiler:hover code, .chat .spoiler:active code, .chat .spoiler-shown code {border:1px solid #C0C0C0;background:#EEEEEE;color:black;padding:0 2px;} .chat .spoiler code {border:1px solid #CCCCCC;background:#CCCCCC;color:#CCCCCC;} .battle-log .rated {padding:3px 4px;} .battle-log .rated strong {color:white;background:#89A;padding:1px 4px;border-radius:4px;} .spacer {margin-top:0.5em;} .message-announce {background:#6688AA;color:white;padding:1px 4px 2px;} .message-announce a, .broadcast-green a, .broadcast-blue a, .broadcast-red a {color:#DDEEFF;} .broadcast-green {background-color:#559955;color:white;padding:2px 4px;} .broadcast-blue {background-color:#6688AA;color:white;padding:2px 4px;} .infobox {border:1px solid #6688AA;padding:2px 4px;} .infobox-limited {max-height:200px;overflow:auto;overflow-x:hidden;} .broadcast-red {background-color:#AA5544;color:white;padding:2px 4px;} .message-learn-canlearn {font-weight:bold;color:#228822;text-decoration:underline;} .message-learn-cannotlearn {font-weight:bold;color:#CC2222;text-decoration:underline;} .message-effect-weak {font-weight:bold;color:#CC2222;} .message-effect-resist {font-weight:bold;color:#6688AA;} .message-effect-immune {font-weight:bold;color:#666666;} .message-learn-list {margin-top:0;margin-bottom:0;} .message-throttle-notice, .message-error {color:#992222;} .message-overflow, .chat small.message-overflow {font-size:0pt;} .message-overflow::before {font-size:9pt;content:'...';} .subtle {color:#3A4A66;}
</style>
<div class="wrapper replay-wrapper" style="max-width:1180px;margin:0 auto">
<input type="hidden" name="replayid" value="ru-494247974" />
<div class="battle"></div><div class="battle-log"></div><div class="replay-controls"></div><div class="replay-controls-2"></div>
<h1 style="font-weight:normal;text-align:center"><strong>RU</strong><br /><a href="http://pokemonshowdown.com/users/bravekey" class="subtle" target="_blank">Brave Key</a> vs. <a href="http://pokemonshowdown.com/users/megamanclique" class="subtle" target="_blank">megamanclique</a></h1>
<script type="text/plain" class="battle-log-data">|j|Brave Key
|j|megamanclique
|player|p1|Brave Key|68
|player|p2|megamanclique|92
|gametype|singles
|gen|6
|tier|RU
|rated
|seed|46998,40643,64697,43004
|rule|Sleep Clause Mod: Limit one foe put to sleep
|rule|Species Clause: Limit one of each Pokémon
|rule|OHKO Clause: OHKO moves are banned
|rule|Moody Clause: Moody is banned
|rule|Evasion Moves Clause: Evasion moves are banned
|rule|Endless Battle Clause: Forcing endless battles is banned
|rule|HP Percentage Mod: HP is shown in percentages
|clearpoke
|poke|p1|Spiritomb, M|item
|poke|p1|Aromatisse, M|item
|poke|p1|Gallade, M|item
|poke|p1|Scrafty, M|item
|poke|p1|Hitmontop, M, shiny|item
|poke|p1|Delphox, F|
|poke|p2|Exploud, F, shiny|item
|poke|p2|Cofagrigus, M|item
|poke|p2|Drapion, M, shiny|item
|poke|p2|Slowking, M|item
|poke|p2|Sneasel, F, shiny|item
|poke|p2|Hitmontop, M|item
|rule|Swagger Clause: Swagger is banned
|rule|Baton Pass Clause: Limit one Baton Passer, can't pass Spe and other stats simultaneously
|teampreview
|choice|team 1, team 2, team 3, team 4, team 5, team 6|team 2, team 1, team 3, team 4, team 5, team 6
|
|start
|switch|p1a: Spirits of 2016|Spiritomb, M|303\/303
|switch|p2a: Cofagrigus|Cofagrigus, M|320\/320
|turn|1
|choice|move darkpulse|move toxic
|
|move|p1a: Spirits of 2016|Dark Pulse|p2a: Cofagrigus
|-supereffective|p2a: Cofagrigus
|-damage|p2a: Cofagrigus|84\/320
|cant|p2a: Cofagrigus|flinch
|
|-heal|p2a: Cofagrigus|104\/320|[from] item: Leftovers
|upkeep
|turn|2
|choice|move darkpulse|move painsplit
|
|move|p1a: Spirits of 2016|Dark Pulse|p2a: Cofagrigus
|-supereffective|p2a: Cofagrigus
|-damage|p2a: Cofagrigus|0 fnt
|faint|p2a: Cofagrigus
|
|upkeep
|c|★Brave Key|gg cofag
|c|★Brave Key|XD
|choice||switch 2
|
|switch|p2a: Exploud|Exploud, F, shiny|349\/349
|turn|3
|choice|move darkpulse|move boomburst
|
|move|p2a: Exploud|Boomburst|p1a: Spirits of 2016
|-damage|p1a: Spirits of 2016|105\/303
|move|p1a: Spirits of 2016|Dark Pulse|p2a: Exploud
|-damage|p2a: Exploud|180\/349
|
|upkeep
|turn|4
|choice|move psychic|move boomburst
|
|move|p2a: Exploud|Boomburst|p1a: Spirits of 2016
|-damage|p1a: Spirits of 2016|0 fnt
|faint|p1a: Spirits of 2016
|
|upkeep
|c|★megamanclique|rip cofag
|choice|switch 5|
|
|switch|p1a: Jerry|Hitmontop, M, shiny|303\/303
|turn|5
|choice|move brickbreak|move boomburst
|
|move|p2a: Exploud|Boomburst|p1a: Jerry
|-damage|p1a: Jerry|132\/303
|move|p1a: Jerry|Brick Break|p2a: Exploud
|-supereffective|p2a: Exploud
|-damage|p2a: Exploud|0 fnt
|faint|p2a: Exploud
|
|-heal|p1a: Jerry|150\/303|[from] item: Leftovers
|upkeep
|choice||switch 6
|
|switch|p2a: Hitmontop|Hitmontop, M|304\/304
|turn|6
|c|★Brave Key|rip
|c|★megamanclique|one of us has to change
|c|★Brave Key|0_o
|choice|move aerialace|move machpunch
|
|move|p2a: Hitmontop|Mach Punch|p1a: Jerry
|-damage|p1a: Jerry|57\/303
|move|p1a: Jerry|Aerial Ace|p2a: Hitmontop
|-supereffective|p2a: Hitmontop
|-damage|p2a: Hitmontop|100\/304
|
|-heal|p1a: Jerry|75\/303|[from] item: Leftovers
|upkeep
|turn|7
|choice|move bulletpunch|move machpunch
|
|move|p2a: Hitmontop|Mach Punch|p1a: Jerry
|-damage|p1a: Jerry|0 fnt
|faint|p1a: Jerry
|
|upkeep
|choice|switch 6|
|
|switch|p1a: Molsway|Delphox, F|291\/291
|turn|8
|c|★Brave Key|mach punch outprioritize bullet punch
|c|★Brave Key|outprioritized*
|c|★megamanclique|speed tie?
|choice|move psychic|switch 3
|
|switch|p2a: Drapion|Drapion, M, shiny|282\/282
|move|p1a: Molsway|Psychic|p2a: Drapion
|-immune|p2a: Drapion|[msg]
|
|upkeep
|turn|9
|choice|switch 3|move agility
|
|switch|p1a: Sir Farkwaad|Gallade, M|277\/277
|move|p2a: Drapion|Agility|p2a: Drapion
|-boost|p2a: Drapion|spe|2
|
|upkeep
|turn|10
|choice|move earthquake|move nightslash
|
|move|p2a: Drapion|Night Slash|p1a: Sir Farkwaad
|-crit|p1a: Sir Farkwaad
|-damage|p1a: Sir Farkwaad|57\/277
|-ability|p1a: Sir Farkwaad|Justified|boost
|-boost|p1a: Sir Farkwaad|atk|1
|move|p1a: Sir Farkwaad|Earthquake|p2a: Drapion
|-supereffective|p2a: Drapion
|-damage|p2a: Drapion|0 fnt
|-damage|p1a: Sir Farkwaad|30\/277|[from] item: Life Orb
|faint|p2a: Drapion
|
|upkeep
|choice||switch 5
|
|switch|p2a: Sneasel|Sneasel, F, shiny|252\/252
|turn|11
|c|★Brave Key|gg drape
|choice|move drainpunch|move fakeout
|
|move|p2a: Sneasel|Fake Out|p1a: Sir Farkwaad
|-damage|p1a: Sir Farkwaad|0 fnt
|faint|p1a: Sir Farkwaad
|
|upkeep
|c|★megamanclique|I forgot about justified
|choice|switch 2|
|
|switch|p1a: Nicky Minaj|Aromatisse, M|406\/406
|turn|12
|c|★Brave Key|lol
|c|★megamanclique|but you probably would've KO'd with earthquake anyways
|c|★Brave Key|true
|c|★Brave Key|life orb gallade is DEADLY
|c|★megamanclique|rt
|choice|move gyroball|switch 4
|
|switch|p2a: Slowking|Slowking, M|394\/394
|move|p1a: Nicky Minaj|Gyro Ball|p2a: Slowking
|-resisted|p2a: Slowking
|-damage|p2a: Slowking|384\/394
|
|upkeep
|turn|13
|choice|switch 4|switch 3
|
|switch|p2a: Hitmontop|Hitmontop, M|100\/304
|switch|p1a: Hoodlum|Scrafty, M|281\/281
|
|upkeep
|turn|14
|choice|move drainpunch|move machpunch
|
|move|p2a: Hitmontop|Mach Punch|p1a: Hoodlum
|-supereffective|p1a: Hoodlum
|-crit|p1a: Hoodlum
|-damage|p1a: Hoodlum|75\/281
|move|p1a: Hoodlum|Drain Punch|p2a: Hitmontop
|-damage|p2a: Hitmontop|0 fnt
|-heal|p1a: Hoodlum|125\/281|[from] drain|[of] p2a: Hitmontop
|faint|p2a: Hitmontop
|-ability|p1a: Hoodlum|Moxie|boost
|-boost|p1a: Hoodlum|atk|1
|
|upkeep
|choice||switch 4
|
|switch|p2a: Sneasel|Sneasel, F, shiny|252\/252
|turn|15
|choice|move drainpunch|move fakeout
|
|move|p2a: Sneasel|Fake Out|p1a: Hoodlum
|-damage|p1a: Hoodlum|95\/281
|cant|p1a: Hoodlum|flinch
|
|upkeep
|turn|16
|choice|move drainpunch|move iciclecrash
|
|move|p2a: Sneasel|Icicle Crash|p1a: Hoodlum
|-damage|p1a: Hoodlum|0 fnt
|faint|p1a: Hoodlum
|
|upkeep
|choice|switch 3|
|
|switch|p1a: Molsway|Delphox, F|291\/291
|turn|17
|choice|move shadowball|move foulplay
|
|move|p1a: Molsway|Shadow Ball|p2a: Sneasel
|-resisted|p2a: Sneasel
|-damage|p2a: Sneasel|216\/252
|-item|p1a: Molsway|Eviolite|[from] ability: Magician|[of] p2a: Sneasel
|move|p2a: Sneasel|Foul Play|p1a: Molsway
|-supereffective|p1a: Molsway
|-damage|p1a: Molsway|145\/291
|
|upkeep
|turn|18
|choice|move fireblast|move foulplay
|
|move|p1a: Molsway|Fire Blast|p2a: Sneasel
|-supereffective|p2a: Sneasel
|-damage|p2a: Sneasel|0 fnt
|faint|p2a: Sneasel
|
|upkeep
|choice||switch 3
|
|switch|p2a: Slowking|Slowking, M|394\/394
|turn|19
|choice|move shadowball|move scald
|
|move|p1a: Molsway|Shadow Ball|p2a: Slowking
|-supereffective|p2a: Slowking
|-damage|p2a: Slowking|226\/394
|move|p2a: Slowking|Scald|p1a: Molsway
|-supereffective|p1a: Molsway
|-damage|p1a: Molsway|0 fnt
|-damage|p2a: Slowking|187\/394|[from] item: Life Orb
|faint|p1a: Molsway
|
|upkeep
|choice|switch 4|
|
|switch|p1a: Nicky Minaj|Aromatisse, M|406\/406
|turn|20
|choice|move wish|move slackoff
|
|move|p2a: Slowking|Slack Off|p2a: Slowking
|-heal|p2a: Slowking|384\/394
|move|p1a: Nicky Minaj|Wish|p1a: Nicky Minaj
|
|upkeep
|turn|21
|c|★Brave Key|oh jesus
|c|★megamanclique|omg
|c|★Brave Key|this will go on for at least forever
|choice|move protect|move thunderwave
|
|move|p1a: Nicky Minaj|Protect|p1a: Nicky Minaj
|-singleturn|p1a: Nicky Minaj|Protect
|move|p2a: Slowking|Thunder Wave|p1a: Nicky Minaj
|-activate|p1a: Nicky Minaj|move: Protect
|
|upkeep
|turn|22
|c|★megamanclique|yikes
|choice|move gyroball|move thunderwave
|
|move|p2a: Slowking|Thunder Wave|p1a: Nicky Minaj
|-status|p1a: Nicky Minaj|par
|move|p1a: Nicky Minaj|Gyro Ball|p2a: Slowking
|-resisted|p2a: Slowking
|-damage|p2a: Slowking|347\/394
|
|upkeep
|turn|23
|choice|move gyroball|move psychic
|
|move|p2a: Slowking|Psychic|p1a: Nicky Minaj
|-damage|p1a: Nicky Minaj|296\/406 par
|-damage|p2a: Slowking|308\/394|[from] item: Life Orb
|move|p1a: Nicky Minaj|Gyro Ball|p2a: Slowking
|-resisted|p2a: Slowking
|-damage|p2a: Slowking|267\/394
|
|-heal|p1a: Nicky Minaj|321\/406 par|[from] item: Leftovers
|upkeep
|turn|24
|c|★megamanclique|omg
|choice|move wish|move psychic
|
|move|p2a: Slowking|Psychic|p1a: Nicky Minaj
|-damage|p1a: Nicky Minaj|214\/406 par
|-damage|p2a: Slowking|228\/394|[from] item: Life Orb
|move|p1a: Nicky Minaj|Wish|p1a: Nicky Minaj
|
|-heal|p1a: Nicky Minaj|239\/406 par|[from] item: Leftovers
|upkeep
|turn|25
|choice|move protect|move slackoff
|
|move|p1a: Nicky Minaj|Protect|p1a: Nicky Minaj
|-singleturn|p1a: Nicky Minaj|Protect
|move|p2a: Slowking|Slack Off|p2a: Slowking
|-heal|p2a: Slowking|394\/394
|
|-heal|p1a: Nicky Minaj|406\/406 par|[from] move: Wish|[wisher] Nicky Minaj
|upkeep
|turn|26
|c|★Brave Key|i just realized I spelt nicki wrong >_<
|choice|move gyroball|move psychic
|
|move|p2a: Slowking|Psychic|p1a: Nicky Minaj
|-damage|p1a: Nicky Minaj|289\/406 par
|-damage|p2a: Slowking|355\/394|[from] item: Life Orb
|move|p1a: Nicky Minaj|Gyro Ball|p2a: Slowking
|-resisted|p2a: Slowking
|-damage|p2a: Slowking|315\/394
|
|-heal|p1a: Nicky Minaj|314\/406 par|[from] item: Leftovers
|upkeep
|turn|27
|c|★megamanclique|yeah lmao
|c|★megamanclique|(waiting for the sp.d drop)
|c|★Brave Key|lmao
|choice|move gyroball|move psychic
|
|move|p2a: Slowking|Psychic|p1a: Nicky Minaj
|-damage|p1a: Nicky Minaj|196\/406 par
|-damage|p2a: Slowking|276\/394|[from] item: Life Orb
|move|p1a: Nicky Minaj|Gyro Ball|p2a: Slowking
|-resisted|p2a: Slowking
|-damage|p2a: Slowking|239\/394
|
|-heal|p1a: Nicky Minaj|221\/406 par|[from] item: Leftovers
|upkeep
|turn|28
|choice|move gyroball|move psychic
|
|move|p2a: Slowking|Psychic|p1a: Nicky Minaj
|-damage|p1a: Nicky Minaj|103\/406 par
|-damage|p2a: Slowking|200\/394|[from] item: Life Orb
|move|p1a: Nicky Minaj|Gyro Ball|p2a: Slowking
|-resisted|p2a: Slowking
|-damage|p2a: Slowking|159\/394
|
|-heal|p1a: Nicky Minaj|128\/406 par|[from] item: Leftovers
|upkeep
|turn|29
|choice|move wish|move psychic
|
|move|p2a: Slowking|Psychic|p1a: Nicky Minaj
|-damage|p1a: Nicky Minaj|7\/406 par
|-damage|p2a: Slowking|120\/394|[from] item: Life Orb
|move|p1a: Nicky Minaj|Wish|p1a: Nicky Minaj
|
|-heal|p1a: Nicky Minaj|32\/406 par|[from] item: Leftovers
|upkeep
|turn|30
|c|★megamanclique|i hate you lmao
|choice|move protect|move slackoff
|
|cant|p1a: Nicky Minaj|par
|move|p2a: Slowking|Slack Off|p2a: Slowking
|-heal|p2a: Slowking|317\/394
|
|-heal|p1a: Nicky Minaj|235\/406 par|[from] move: Wish|[wisher] Nicky Minaj
|-heal|p1a: Nicky Minaj|260\/406 par|[from] item: Leftovers
|upkeep
|turn|31
|c|★megamanclique|DAMNTI
|c|★Brave Key|lmao
|c|★megamanclique|omg
|choice|move gyroball|move psychic
|
|move|p2a: Slowking|Psychic|p1a: Nicky Minaj
|-damage|p1a: Nicky Minaj|153\/406 par
|-damage|p2a: Slowking|278\/394|[from] item: Life Orb
|cant|p1a: Nicky Minaj|par
|
|-heal|p1a: Nicky Minaj|178\/406 par|[from] item: Leftovers
|upkeep
|turn|32
|choice|move gyroball|move psychic
|
|move|p2a: Slowking|Psychic|p1a: Nicky Minaj
|-damage|p1a: Nicky Minaj|69\/406 par
|-damage|p2a: Slowking|239\/394|[from] item: Life Orb
|move|p1a: Nicky Minaj|Gyro Ball|p2a: Slowking
|-resisted|p2a: Slowking
|-damage|p2a: Slowking|201\/394
|
|-heal|p1a: Nicky Minaj|94\/406 par|[from] item: Leftovers
|upkeep
|turn|33
|choice|move protect|move psychic
|
|move|p1a: Nicky Minaj|Protect|p1a: Nicky Minaj
|-singleturn|p1a: Nicky Minaj|Protect
|move|p2a: Slowking|Psychic|p1a: Nicky Minaj
|-activate|p1a: Nicky Minaj|move: Protect
|
|-heal|p1a: Nicky Minaj|119\/406 par|[from] item: Leftovers
|upkeep
|turn|34
|choice|move wish|move psychic
|
|move|p2a: Slowking|Psychic|p1a: Nicky Minaj
|-damage|p1a: Nicky Minaj|9\/406 par
|-damage|p2a: Slowking|162\/394|[from] item: Life Orb
|move|p1a: Nicky Minaj|Wish|p1a: Nicky Minaj
|
|-heal|p1a: Nicky Minaj|34\/406 par|[from] item: Leftovers
|upkeep
|turn|35
|choice|move protect|move psychic
|
|move|p1a: Nicky Minaj|Protect|p1a: Nicky Minaj
|-singleturn|p1a: Nicky Minaj|Protect
|move|p2a: Slowking|Psychic|p1a: Nicky Minaj
|-activate|p1a: Nicky Minaj|move: Protect
|
|-heal|p1a: Nicky Minaj|237\/406 par|[from] move: Wish|[wisher] Nicky Minaj
|-heal|p1a: Nicky Minaj|262\/406 par|[from] item: Leftovers
|upkeep
|turn|36
|c|★megamanclique|sigh
|c|★Brave Key|lmao this stall
|choice|move gyroball|move slackoff
|
|move|p2a: Slowking|Slack Off|p2a: Slowking
|-heal|p2a: Slowking|359\/394
|cant|p1a: Nicky Minaj|par
|
|-heal|p1a: Nicky Minaj|287\/406 par|[from] item: Leftovers
|upkeep
|turn|37
|choice|move gyroball|move psychic
|
|move|p2a: Slowking|Psychic|p1a: Nicky Minaj
|-damage|p1a: Nicky Minaj|173\/406 par
|-damage|p2a: Slowking|320\/394|[from] item: Life Orb
|move|p1a: Nicky Minaj|Gyro Ball|p2a: Slowking
|-resisted|p2a: Slowking
|-damage|p2a: Slowking|277\/394
|
|-heal|p1a: Nicky Minaj|198\/406 par|[from] item: Leftovers
|upkeep
|turn|38
|choice|move aromatherapy|move psychic
|
|move|p2a: Slowking|Psychic|p1a: Nicky Minaj
|-damage|p1a: Nicky Minaj|80\/406 par
|-damage|p2a: Slowking|238\/394|[from] item: Life Orb
|move|p1a: Nicky Minaj|Aromatherapy|p1a: Nicky Minaj
|-activate|p1a: Nicky Minaj|move: Aromatherapy
|-curestatus|p1a: Nicky Minaj|par|[msg]
|
|-heal|p1a: Nicky Minaj|105\/406|[from] item: Leftovers
|upkeep
|turn|39
|c|★megamanclique|you literally had that all this time lmao
|c|★Brave Key|mhm lol
|choice|move protect|move psychic
|
|move|p1a: Nicky Minaj|Protect|p1a: Nicky Minaj
|-singleturn|p1a: Nicky Minaj|Protect
|move|p2a: Slowking|Psychic|p1a: Nicky Minaj
|-activate|p1a: Nicky Minaj|move: Protect
|
|-heal|p1a: Nicky Minaj|130\/406|[from] item: Leftovers
|upkeep
|turn|40
|choice|move wish|move thunderwave
|
|move|p2a: Slowking|Thunder Wave|p1a: Nicky Minaj
|-status|p1a: Nicky Minaj|par
|cant|p1a: Nicky Minaj|par
|
|-heal|p1a: Nicky Minaj|155\/406 par|[from] item: Leftovers
|upkeep
|turn|41
|c|★megamanclique|:)
|c|★Brave Key|fuck
|choice|move protect|move psychic
|
|move|p1a: Nicky Minaj|Protect|p1a: Nicky Minaj
|-singleturn|p1a: Nicky Minaj|Protect
|move|p2a: Slowking|Psychic|p1a: Nicky Minaj
|-activate|p1a: Nicky Minaj|move: Protect
|
|-heal|p1a: Nicky Minaj|180\/406 par|[from] item: Leftovers
|upkeep
|turn|42
|choice|move wish|move psychic
|
|move|p2a: Slowking|Psychic|p1a: Nicky Minaj
|-damage|p1a: Nicky Minaj|54\/406 par
|-damage|p2a: Slowking|199\/394|[from] item: Life Orb
|move|p1a: Nicky Minaj|Wish|p1a: Nicky Minaj
|
|-heal|p1a: Nicky Minaj|79\/406 par|[from] item: Leftovers
|upkeep
|turn|43
|c|★megamanclique|where is my sp d drop AT
|choice|move protect|move scald
|
|move|p1a: Nicky Minaj|Protect|p1a: Nicky Minaj
|-singleturn|p1a: Nicky Minaj|Protect
|move|p2a: Slowking|Scald|p1a: Nicky Minaj
|-activate|p1a: Nicky Minaj|move: Protect
|
|-heal|p1a: Nicky Minaj|282\/406 par|[from] move: Wish|[wisher] Nicky Minaj
|-heal|p1a: Nicky Minaj|307\/406 par|[from] item: Leftovers
|upkeep
|turn|44
|c|★Brave Key|idk
|c|★Brave Key|I always get it when I need it the least
|choice|move aromatherapy|move scald
|
|move|p2a: Slowking|Scald|p1a: Nicky Minaj
|-damage|p1a: Nicky Minaj|210\/406 par
|-damage|p2a: Slowking|160\/394|[from] item: Life Orb
|move|p1a: Nicky Minaj|Aromatherapy|p1a: Nicky Minaj
|-activate|p1a: Nicky Minaj|move: Aromatherapy
|-curestatus|p1a: Nicky Minaj|par|[msg]
|
|-heal|p1a: Nicky Minaj|235\/406|[from] item: Leftovers
|upkeep
|turn|45
|choice|move wish|move scald
|
|move|p2a: Slowking|Scald|p1a: Nicky Minaj
|-damage|p1a: Nicky Minaj|132\/406
|-damage|p2a: Slowking|121\/394|[from] item: Life Orb
|move|p1a: Nicky Minaj|Wish|p1a: Nicky Minaj
|
|-heal|p1a: Nicky Minaj|157\/406|[from] item: Leftovers
|upkeep
|turn|46
|choice|move protect|move slackoff
|
|move|p1a: Nicky Minaj|Protect|p1a: Nicky Minaj
|-singleturn|p1a: Nicky Minaj|Protect
|move|p2a: Slowking|Slack Off|p2a: Slowking
|-heal|p2a: Slowking|318\/394
|
|-heal|p1a: Nicky Minaj|360\/406|[from] move: Wish|[wisher] Nicky Minaj
|-heal|p1a: Nicky Minaj|385\/406|[from] item: Leftovers
|upkeep
|turn|47
|choice|move aromatherapy|move thunderwave
|
|move|p2a: Slowking|Thunder Wave|p1a: Nicky Minaj
|-status|p1a: Nicky Minaj|par
|move|p1a: Nicky Minaj|Aromatherapy|p1a: Nicky Minaj
|-activate|p1a: Nicky Minaj|move: Aromatherapy
|-curestatus|p1a: Nicky Minaj|par|[msg]
|
|-heal|p1a: Nicky Minaj|406\/406|[from] item: Leftovers
|upkeep
|turn|48
|choice|move wish|move scald
|
|move|p2a: Slowking|Scald|p1a: Nicky Minaj
|-damage|p1a: Nicky Minaj|305\/406
|-status|p1a: Nicky Minaj|brn
|-damage|p2a: Slowking|279\/394|[from] item: Life Orb
|move|p1a: Nicky Minaj|Wish|p1a: Nicky Minaj
|
|-heal|p1a: Nicky Minaj|330\/406 brn|[from] item: Leftovers
|-damage|p1a: Nicky Minaj|280\/406 brn|[from] brn
|upkeep
|turn|49
|choice|move aromatherapy|move scald
|
|move|p2a: Slowking|Scald|p1a: Nicky Minaj
|-damage|p1a: Nicky Minaj|173\/406 brn
|-damage|p2a: Slowking|240\/394|[from] item: Life Orb
|move|p1a: Nicky Minaj|Aromatherapy|p1a: Nicky Minaj
|-activate|p1a: Nicky Minaj|move: Aromatherapy
|-curestatus|p1a: Nicky Minaj|brn|[msg]
|
|-heal|p1a: Nicky Minaj|376\/406|[from] move: Wish|[wisher] Nicky Minaj
|-heal|p1a: Nicky Minaj|401\/406|[from] item: Leftovers
|upkeep
|turn|50
|choice|move protect|move thunderwave
|
|move|p1a: Nicky Minaj|Protect|p1a: Nicky Minaj
|-singleturn|p1a: Nicky Minaj|Protect
|move|p2a: Slowking|Thunder Wave|p1a: Nicky Minaj
|-activate|p1a: Nicky Minaj|move: Protect
|
|-heal|p1a: Nicky Minaj|406\/406|[from] item: Leftovers
|upkeep
|turn|51
|c|★megamanclique|:0
|choice|move aromatherapy|move thunderwave
|
|move|p2a: Slowking|Thunder Wave|p1a: Nicky Minaj
|-status|p1a: Nicky Minaj|par
|move|p1a: Nicky Minaj|Aromatherapy|p1a: Nicky Minaj
|-activate|p1a: Nicky Minaj|move: Aromatherapy
|-curestatus|p1a: Nicky Minaj|par|[msg]
|
|upkeep
|turn|52
|c|★megamanclique|:))
|c|★megamanclique|:()()()()
|c|★Brave Key|lmao
|choice|move protect|move scald
|
|move|p1a: Nicky Minaj|Protect|p1a: Nicky Minaj
|-singleturn|p1a: Nicky Minaj|Protect
|move|p2a: Slowking|Scald|p1a: Nicky Minaj
|-activate|p1a: Nicky Minaj|move: Protect
|
|upkeep
|turn|53
|c|★Brave Key|I love stalls
|choice|move aromatherapy|move scald
|
|move|p2a: Slowking|Scald|p1a: Nicky Minaj
|-damage|p1a: Nicky Minaj|303\/406
|-damage|p2a: Slowking|201\/394|[from] item: Life Orb
|move|p1a: Nicky Minaj|Aromatherapy|p1a: Nicky Minaj
|-activate|p1a: Nicky Minaj|move: Aromatherapy
|
|-heal|p1a: Nicky Minaj|328\/406|[from] item: Leftovers
|upkeep
|turn|54
|c|★megamanclique|do you not have any more gyro ball
|c|★Brave Key|nope
|choice|move wish|move scald
|
|move|p2a: Slowking|Scald|p1a: Nicky Minaj
|-damage|p1a: Nicky Minaj|233\/406
|-status|p1a: Nicky Minaj|brn
|-damage|p2a: Slowking|162\/394|[from] item: Life Orb
|move|p1a: Nicky Minaj|Wish|p1a: Nicky Minaj
|
|-heal|p1a: Nicky Minaj|258\/406 brn|[from] item: Leftovers
|-damage|p1a: Nicky Minaj|208\/406 brn|[from] brn
|upkeep
|turn|55
|c|★Brave Key|I havent for about 30 turns
|c|★megamanclique|LmAO
|choice|move aromatherapy|move slackoff
|
|move|p2a: Slowking|Slack Off|p2a: Slowking
|-heal|p2a: Slowking|359\/394
|move|p1a: Nicky Minaj|Aromatherapy|p1a: Nicky Minaj
|-activate|p1a: Nicky Minaj|move: Aromatherapy
|-curestatus|p1a: Nicky Minaj|brn|[msg]
|
|-heal|p1a: Nicky Minaj|406\/406|[from] move: Wish|[wisher] Nicky Minaj
|upkeep
|turn|56
|c|★megamanclique|so what happens when i run out of scald
|c|★Brave Key|umm
|choice|move protect|move scald
|
|move|p1a: Nicky Minaj|Protect|p1a: Nicky Minaj
|-singleturn|p1a: Nicky Minaj|Protect
|move|p2a: Slowking|Scald|p1a: Nicky Minaj
|-activate|p1a: Nicky Minaj|move: Protect
|
|upkeep
|turn|57
|c|★Brave Key|i would have ran out of pp myself
|c|★Brave Key|double prot?
|c|★megamanclique|I dont have protect lmao
|choice|move protect|move thunderwave
|
|move|p1a: Nicky Minaj|Protect|p1a: Nicky Minaj
|-singleturn|p1a: Nicky Minaj|Protect
|move|p2a: Slowking|Thunder Wave|p1a: Nicky Minaj
|-activate|p1a: Nicky Minaj|move: Protect
|
|upkeep
|turn|58
|c|★Brave Key|I mean
|c|★Brave Key|two turns in a row
|c|★megamanclique|oh SHIT
|choice|move aromatherapy|move thunderwave
|
|move|p2a: Slowking|Thunder Wave|p1a: Nicky Minaj
|-status|p1a: Nicky Minaj|par
|cant|p1a: Nicky Minaj|par
|
|upkeep
|turn|59
|choice|move protect|move scald
|
|cant|p1a: Nicky Minaj|par
|move|p2a: Slowking|Scald|p1a: Nicky Minaj
|-damage|p1a: Nicky Minaj|297\/406 par
|-damage|p2a: Slowking|320\/394|[from] item: Life Orb
|
|-heal|p1a: Nicky Minaj|322\/406 par|[from] item: Leftovers
|upkeep
|turn|60
|choice|move protect|move scald
|
|cant|p1a: Nicky Minaj|par
|move|p2a: Slowking|Scald|p1a: Nicky Minaj
|-damage|p1a: Nicky Minaj|219\/406 par
|-damage|p2a: Slowking|281\/394|[from] item: Life Orb
|
|-heal|p1a: Nicky Minaj|244\/406 par|[from] item: Leftovers
|upkeep
|turn|61
|choice|move protect|move scald
|
|move|p1a: Nicky Minaj|Protect|p1a: Nicky Minaj
|-singleturn|p1a: Nicky Minaj|Protect
|move|p2a: Slowking|Scald|p1a: Nicky Minaj
|-activate|p1a: Nicky Minaj|move: Protect
|
|-heal|p1a: Nicky Minaj|269\/406 par|[from] item: Leftovers
|upkeep
|turn|62
|c|★Brave Key|nicki
|c|★Brave Key|finally
|choice|move wish|move scald
|
|move|p2a: Slowking|Scald|p1a: Nicky Minaj
|-damage|p1a: Nicky Minaj|160\/406 par
|-damage|p2a: Slowking|242\/394|[from] item: Life Orb
|move|p1a: Nicky Minaj|Wish|p1a: Nicky Minaj
|
|-heal|p1a: Nicky Minaj|185\/406 par|[from] item: Leftovers
|upkeep
|turn|63
|choice|move protect|move slackoff
|
|move|p1a: Nicky Minaj|Protect|p1a: Nicky Minaj
|-singleturn|p1a: Nicky Minaj|Protect
|move|p2a: Slowking|Slack Off|p2a: Slowking
|-heal|p2a: Slowking|394\/394
|
|-heal|p1a: Nicky Minaj|388\/406 par|[from] move: Wish|[wisher] Nicky Minaj
|-heal|p1a: Nicky Minaj|406\/406 par|[from] item: Leftovers
|upkeep
|turn|64
|choice|move aromatherapy|move scald
|
|move|p2a: Slowking|Scald|p1a: Nicky Minaj
|-damage|p1a: Nicky Minaj|299\/406 par
|-damage|p2a: Slowking|355\/394|[from] item: Life Orb
|move|p1a: Nicky Minaj|Aromatherapy|p1a: Nicky Minaj
|-activate|p1a: Nicky Minaj|move: Aromatherapy
|-curestatus|p1a: Nicky Minaj|par|[msg]
|
|-heal|p1a: Nicky Minaj|324\/406|[from] item: Leftovers
|upkeep
|turn|65
|choice|move wish|move thunderwave
|
|move|p2a: Slowking|Thunder Wave|p1a: Nicky Minaj
|-status|p1a: Nicky Minaj|par
|cant|p1a: Nicky Minaj|par
|
|-heal|p1a: Nicky Minaj|349\/406 par|[from] item: Leftovers
|upkeep
|turn|66
|choice|move wish|move scald
|
|move|p2a: Slowking|Scald|p1a: Nicky Minaj
|-crit|p1a: Nicky Minaj
|-damage|p1a: Nicky Minaj|197\/406 par
|-damage|p2a: Slowking|316\/394|[from] item: Life Orb
|move|p1a: Nicky Minaj|Wish|p1a: Nicky Minaj
|
|-heal|p1a: Nicky Minaj|222\/406 par|[from] item: Leftovers
|upkeep
|turn|67
|choice|move protect|move scald
|
|move|p1a: Nicky Minaj|Protect|p1a: Nicky Minaj
|-singleturn|p1a: Nicky Minaj|Protect
|move|p2a: Slowking|Scald|p1a: Nicky Minaj
|-activate|p1a: Nicky Minaj|move: Protect
|
|-heal|p1a: Nicky Minaj|406\/406 par|[from] move: Wish|[wisher] Nicky Minaj
|upkeep
|turn|68
|choice|move wish|move scald
|
|move|p2a: Slowking|Scald|p1a: Nicky Minaj
|-damage|p1a: Nicky Minaj|297\/406 par
|-damage|p2a: Slowking|277\/394|[from] item: Life Orb
|move|p1a: Nicky Minaj|Wish|p1a: Nicky Minaj
|
|-heal|p1a: Nicky Minaj|322\/406 par|[from] item: Leftovers
|upkeep
|turn|69
|choice|move protect|move scald
|
|move|p1a: Nicky Minaj|Protect|p1a: Nicky Minaj
|-singleturn|p1a: Nicky Minaj|Protect
|move|p2a: Slowking|Scald|p1a: Nicky Minaj
|-activate|p1a: Nicky Minaj|move: Protect
|
|-heal|p1a: Nicky Minaj|406\/406 par|[from] move: Wish|[wisher] Nicky Minaj
|upkeep
|turn|70
|choice|move wish|move scald
|
|move|p2a: Slowking|Scald|p1a: Nicky Minaj
|-damage|p1a: Nicky Minaj|311\/406 par
|-damage|p2a: Slowking|238\/394|[from] item: Life Orb
|move|p1a: Nicky Minaj|Wish|p1a: Nicky Minaj
|
|-heal|p1a: Nicky Minaj|336\/406 par|[from] item: Leftovers
|upkeep
|turn|71
|choice|move wish|move slackoff
|
|move|p2a: Slowking|Slack Off|p2a: Slowking
|-heal|p2a: Slowking|394\/394
|move|p1a: Nicky Minaj|Wish|p1a: Nicky Minaj
|-fail|p1a: Nicky Minaj
|
|-heal|p1a: Nicky Minaj|406\/406 par|[from] move: Wish|[wisher] Nicky Minaj
|upkeep
|turn|72
|choice|move wish|move scald
|
|move|p2a: Slowking|Scald|p1a: Nicky Minaj
|-damage|p1a: Nicky Minaj|311\/406 par
|-damage|p2a: Slowking|355\/394|[from] item: Life Orb
|move|p1a: Nicky Minaj|Wish|p1a: Nicky Minaj
|
|-heal|p1a: Nicky Minaj|336\/406 par|[from] item: Leftovers
|upkeep
|turn|73
|choice|move wish|move thunderwave
|
|move|p2a: Slowking|Thunder Wave|p1a: Nicky Minaj
|-fail|p1a: Nicky Minaj|par
|cant|p1a: Nicky Minaj|par
|
|-heal|p1a: Nicky Minaj|406\/406 par|[from] move: Wish|[wisher] Nicky Minaj
|upkeep
|turn|74
|choice|move wish|move thunderwave
|
|move|p2a: Slowking|Thunder Wave|p1a: Nicky Minaj
|-fail|p1a: Nicky Minaj|par
|move|p1a: Nicky Minaj|Wish|p1a: Nicky Minaj
|
|upkeep
|turn|75
|choice|move wish|move thunderwave
|
|move|p2a: Slowking|Thunder Wave|p1a: Nicky Minaj
|-fail|p1a: Nicky Minaj|par
|move|p1a: Nicky Minaj|Wish|p1a: Nicky Minaj
|-fail|p1a: Nicky Minaj
|
|upkeep
|turn|76
|choice|move struggle|move thunderwave
|
|move|p2a: Slowking|Thunder Wave|p1a: Nicky Minaj
|-fail|p1a: Nicky Minaj|par
|-activate|p1a: Nicky Minaj|move: Struggle
|move|p1a: Nicky Minaj|Struggle|p2a: Slowking
|-crit|p2a: Slowking
|-damage|p2a: Slowking|316\/394
|-damage|p1a: Nicky Minaj|304\/406 par|[from] recoil
|
|-heal|p1a: Nicky Minaj|329\/406 par|[from] item: Leftovers
|upkeep
|turn|77
|choice|move struggle|move scald
|
|move|p2a: Slowking|Scald|p1a: Nicky Minaj
|-damage|p1a: Nicky Minaj|232\/406 par
|-damage|p2a: Slowking|277\/394|[from] item: Life Orb
|-activate|p1a: Nicky Minaj|move: Struggle
|move|p1a: Nicky Minaj|Struggle|p2a: Slowking
|-damage|p2a: Slowking|250\/394
|-damage|p1a: Nicky Minaj|130\/406 par|[from] recoil
|
|-heal|p1a: Nicky Minaj|155\/406 par|[from] item: Leftovers
|upkeep
|turn|78
|c|★Brave Key|(kills you before kills themself)
|choice|move struggle|move scald
|
|move|p2a: Slowking|Scald|p1a: Nicky Minaj
|-damage|p1a: Nicky Minaj|60\/406 par
|-damage|p2a: Slowking|211\/394|[from] item: Life Orb
|cant|p1a: Nicky Minaj|par
|
|-heal|p1a: Nicky Minaj|85\/406 par|[from] item: Leftovers
|upkeep
|turn|79
|choice|move struggle|move scald
|
|move|p2a: Slowking|Scald|p1a: Nicky Minaj
|-damage|p1a: Nicky Minaj|0 fnt
|-damage|p2a: Slowking|172\/394|[from] item: Life Orb
|faint|p1a: Nicky Minaj
|
|win|megamanclique
|player|p1
|player|p2
|c|★Brave Key|lmao
|c|★megamanclique|GG
|c|★megamanclique|lmaoo
|c|★Brave Key|our stall game
|c|★megamanclique|iconic
|c|★Brave Key|79 TURNS
|c|★Brave Key|XD</script>
</div>
<div class="battle-log battle-log-inline"><div class="inner"><div class="battle-options"></div><div class="inner"><div class="chat"><small>Brave Key joined.</small></div><div class="chat"><small>megamanclique joined.</small></div><div class=""><small>Format:</small> <br><strong>RU</strong></div><div class="rated"><strong>Rated battle</strong></div><div class=""><small><em>Sleep Clause Mod:</em> Limit one foe put to sleep</small></div><div class=""><small><em>Species Clause:</em> Limit one of each Pokémon</small></div><div class=""><small><em>OHKO Clause:</em> OHKO moves are banned</small></div><div class=""><small><em>Moody Clause:</em> Moody is banned</small></div><div class=""><small><em>Evasion Moves Clause:</em> Evasion moves are banned</small></div><div class=""><small><em>Endless Battle Clause:</em> Forcing endless battles is banned</small></div><div class=""><small><em>HP Percentage Mod:</em> HP is shown in percentages</small></div><div class=""><small><em>Swagger Clause:</em> Swagger is banned</small></div><div class=""><small><em>Baton Pass Clause:</em> Limit one Baton Passer, can't pass Spe and other stats simultaneously</small></div><div class="chat battle-history"><strong>Brave Key's team:</strong> <em style="color:#445566;display:block;">Spiritomb / Aromatisse / Gallade / Scrafty / Hitmontop / Delphox</em></div><div class="chat battle-history"><strong>megamanclique's team:</strong> <em style="color:#445566;display:block;">Exploud / Cofagrigus / Drapion / Slowking / Sneasel / Hitmontop</em></div><div class="spacer battle-history"><br></div><div class="battle-history">Battle started between Brave Key and megamanclique!<br></div><div class="spacer battle-history"><br></div><div class="battle-history">Go! Spirits of 2016 (<strong>Spiritomb</strong>)!<br></div><div class="spacer battle-history"><br></div><div class="battle-history">megamanclique sent out <strong>Cofagrigus</strong>!<br></div><div class="spacer battle-history"><br></div><h2 class="battle-history">Turn 1</h2><div class="spacer battle-history"><br></div><div class="battle-history">Spirits of 2016 used <strong>Dark Pulse</strong>!<br></div><div class="battle-history"><small>It's super effective!</small><br></div><div class="battle-history"><small>(The opposing Cofagrigus lost <abbr title="−236/320">73.8%</abbr> of its health!)</small><br></div><div class="spacer battle-history"><br></div><div class="battle-history">The opposing Cofagrigus flinched and couldn't move!<br></div><div class="spacer battle-history"><br></div><div class="battle-history"><small>The opposing Cofagrigus restored a little HP using its Leftovers!</small><br></div><div class="spacer battle-history"><br></div><h2 class="battle-history">Turn 2</h2><div class="spacer battle-history"><br></div><div class="battle-history">Spirits of 2016 used <strong>Dark Pulse</strong>!<br></div><div class="battle-history"><small>It's super effective!</small><br></div><div class="battle-history"><small>(The opposing Cofagrigus lost <abbr title="−104/320">32.5%</abbr> of its health!)</small><br></div><div class="spacer battle-history"><br></div><div class="battle-history">The opposing Cofagrigus fainted!<br></div><div class="chat chatmessage-bravekey"><strong style="color:hsl(103,74%,37.476616081693216%)"><small>★</small><span class="username" data-name="Brave Key">Brave Key</span>:</strong> <em>gg cofag</em></div><div class="chat chatmessage-bravekey"><strong style="color:hsl(103,74%,37.476616081693216%)"><small>★</small><span class="username" data-name="Brave Key">Brave Key</span>:</strong> <em>XD</em></div><div class="spacer battle-history"><br></div><div class="battle-history">megamanclique sent out <strong>Exploud</strong>!<br></div><div class="spacer battle-history"><br></div><h2 class="battle-history">Turn 3</h2><div class="spacer battle-history"><br></div><div class="battle-history">The opposing Exploud used <strong>Boomburst</strong>!<br></div><div class="battle-history"><small>(Spirits of 2016 lost <abbr title="−198/303">65.3%</abbr> of its health!)</small><br></div><div class="spacer battle-history"><br></div><div class="battle-history">Spirits of 2016 used <strong>Dark Pulse</strong>!<br></div><div class="battle-history"><small>(The opposing Exploud lost <abbr title="−169/349">48.4%</abbr> of its health!)</small><br></div><div class="spacer battle-history"><br></div><h2 class="battle-history">Turn 4</h2><div class="spacer battle-history"><br></div><div class="battle-history">The opposing Exploud used <strong>Boomburst</strong>!<br></div><div class="battle-history"><small>(Spirits of 2016 lost <abbr title="−105/303">34.7%</abbr> of its health!)</small><br></div><div class="spacer battle-history"><br></div><div class="battle-history">Spirits of 2016 fainted!<br></div><div class="chat chatmessage-megamanclique"><strong style="color:hsl(229,79%,56.21735628715153%)"><small>★</small><span class="username" data-name="megamanclique">megamanclique</span>:</strong> <em>rip cofag</em></div><div class="spacer battle-history"><br></div><div class="battle-history">Go! Jerry (<strong>Hitmontop</strong>)!<br></div><div class="spacer battle-history"><br></div><h2 class="battle-history">Turn 5</h2><div class="spacer battle-history"><br></div><div class="battle-history">The opposing Exploud used <strong>Boomburst</strong>!<br></div><div class="battle-history"><small>(Jerry lost <abbr title="−171/303">56.4%</abbr> of its health!)</small><br></div><div class="spacer battle-history"><br></div><div class="battle-history">Jerry used <strong>Brick Break</strong>!<br></div><div class="battle-history"><small>It's super effective!</small><br></div><div class="battle-history"><small>(The opposing Exploud lost <abbr title="−180/349">51.6%</abbr> of its health!)</small><br></div><div class="spacer battle-history"><br></div><div class="battle-history">The opposing Exploud fainted!<br></div><div class="spacer battle-history"><br></div><div class="battle-history"><small>Jerry restored a little HP using its Leftovers!</small><br></div><div class="spacer battle-history"><br></div><div class="battle-history">megamanclique sent out <strong>Hitmontop</strong>!<br></div><div class="spacer battle-history"><br></div><h2 class="battle-history">Turn 6</h2><div class="chat chatmessage-bravekey"><strong style="color:hsl(103,74%,37.476616081693216%)"><small>★</small><span class="username" data-name="Brave Key">Brave Key</span>:</strong> <em>rip</em></div><div class="chat chatmessage-megamanclique"><strong style="color:hsl(229,79%,56.21735628715153%)"><small>★</small><span class="username" data-name="megamanclique">megamanclique</span>:</strong> <em>one of us has to change</em></div><div class="chat chatmessage-bravekey"><strong style="color:hsl(103,74%,37.476616081693216%)"><small>★</small><span class="username" data-name="Brave Key">Brave Key</span>:</strong> <em>0_o</em></div><div class="spacer battle-history"><br></div><div class="battle-history">The opposing Hitmontop used <strong>Mach Punch</strong>!<br></div><div class="battle-history"><small>(Jerry lost <abbr title="−93/303">30.7%</abbr> of its health!)</small><br></div><div class="spacer battle-history"><br></div><div class="battle-history">Jerry used <strong>Aerial Ace</strong>!<br></div><div class="battle-history"><small>It's super effective!</small><br></div><div class="battle-history"><small>(The opposing Hitmontop lost <abbr title="−204/304">67.1%</abbr> of its health!)</small><br></div><div class="spacer battle-history"><br></div><div class="battle-history"><small>Jerry restored a little HP using its Leftovers!</small><br></div><div class="spacer battle-history"><br></div><h2 class="battle-history">Turn 7</h2><div class="spacer battle-history"><br></div><div class="battle-history">The opposing Hitmontop used <strong>Mach Punch</strong>!<br></div><div class="battle-history"><small>(Jerry lost <abbr title="−75/303">24.8%</abbr> of its health!)</small><br></div><div class="spacer battle-history"><br></div><div class="battle-history">Jerry fainted!<br></div><div class="spacer battle-history"><br></div><div class="battle-history">Go! Molsway (<strong>Delphox</strong>)!<br></div><div class="spacer battle-history"><br></div><h2 class="battle-history">Turn 8</h2><div class="chat chatmessage-bravekey"><strong style="color:hsl(103,74%,37.476616081693216%)"><small>★</small><span class="username" data-name="Brave Key">Brave Key</span>:</strong> <em>mach punch outprioritize bullet punch</em></div><div class="chat chatmessage-bravekey"><strong style="color:hsl(103,74%,37.476616081693216%)"><small>★</small><span class="username" data-name="Brave Key">Brave Key</span>:</strong> <em>outprioritized*</em></div><div class="chat chatmessage-megamanclique"><strong style="color:hsl(229,79%,56.21735628715153%)"><small>★</small><span class="username" data-name="megamanclique">megamanclique</span>:</strong> <em>speed tie?</em></div><div class="spacer battle-history"><br></div><div class="battle-history">megamanclique withdrew Hitmontop!<br></div><div class="battle-history">megamanclique sent out <strong>Drapion</strong>!<br></div><div class="spacer battle-history"><br></div><div class="battle-history">Molsway used <strong>Psychic</strong>!<br></div><div class="battle-history"><small>It doesn't affect the opposing Drapion...</small><br></div><div class="spacer battle-history"><br></div><h2 class="battle-history">Turn 9</h2><div class="spacer battle-history"><br></div><div class="battle-history">Molsway, come back!<br></div><div class="battle-history">Go! Sir Farkwaad (<strong>Gallade</strong>)!<br></div><div class="spacer battle-history"><br></div><div class="battle-history">The opposing Drapion used <strong>Agility</strong>!<br></div><div class="battle-history"><small>The opposing Drapion's Speed rose sharply!</small><br></div><div class="spacer battle-history"><br></div><h2 class="battle-history">Turn 10</h2><div class="spacer battle-history"><br></div><div class="battle-history">The opposing Drapion used <strong>Night Slash</strong>!<br></div><div class="battle-history"><small>A critical hit!</small><br></div><div class="battle-history"><small>(Sir Farkwaad lost <abbr title="−220/277">79.4%</abbr> of its health!)</small><br></div><div class="battle-history"><small>[Sir Farkwaad's Justified]</small><br></div><div class="battle-history"><small>Sir Farkwaad's Attack rose!</small><br></div><div class="spacer battle-history"><br></div><div class="battle-history">Sir Farkwaad used <strong>Earthquake</strong>!<br></div><div class="battle-history"><small>It's super effective!</small><br></div><div class="battle-history"><small>(The opposing Drapion lost <abbr title="−282/282">100%</abbr> of its health!)</small><br></div><div class="battle-history"><small>Sir Farkwaad lost some of its HP!</small><br></div><div class="spacer battle-history"><br></div><div class="battle-history">The opposing Drapion fainted!<br></div><div class="spacer battle-history"><br></div><div class="battle-history">megamanclique sent out <strong>Sneasel</strong>!<br></div><div class="spacer battle-history"><br></div><h2 class="battle-history">Turn 11</h2><div class="chat chatmessage-bravekey"><strong style="color:hsl(103,74%,37.476616081693216%)"><small>★</small><span class="username" data-name="Brave Key">Brave Key</span>:</strong> <em>gg drape</em></div><div class="spacer battle-history"><br></div><div class="battle-history">The opposing Sneasel used <strong>Fake Out</strong>!<br></div><div class="battle-history"><small>(Sir Farkwaad lost <abbr title="−30/277">10.8%</abbr> of its health!)</small><br></div><div class="spacer battle-history"><br></div><div class="battle-history">Sir Farkwaad fainted!<br></div><div class="chat chatmessage-megamanclique"><strong style="color:hsl(229,79%,56.21735628715153%)"><small>★</small><span class="username" data-name="megamanclique">megamanclique</span>:</strong> <em>I forgot about justified</em></div><div class="spacer battle-history"><br></div><div class="battle-history">Go! Nicky Minaj (<strong>Aromatisse</strong>)!<br></div><div class="spacer battle-history"><br></div><h2 class="battle-history">Turn 12</h2><div class="chat chatmessage-bravekey"><strong style="color:hsl(103,74%,37.476616081693216%)"><small>★</small><span class="username" data-name="Brave Key">Brave Key</span>:</strong> <em>lol</em></div><div class="chat chatmessage-megamanclique"><strong style="color:hsl(229,79%,56.21735628715153%)"><small>★</small><span class="username" data-name="megamanclique">megamanclique</span>:</strong> <em>but you probably would've KO'd with earthquake anyways</em></div><div class="chat chatmessage-bravekey"><strong style="color:hsl(103,74%,37.476616081693216%)"><small>★</small><span class="username" data-name="Brave Key">Brave Key</span>:</strong> <em>true</em></div><div class="chat chatmessage-bravekey"><strong style="color:hsl(103,74%,37.476616081693216%)"><small>★</small><span class="username" data-name="Brave Key">Brave Key</span>:</strong> <em>life orb gallade is DEADLY</em></div><div class="chat chatmessage-megamanclique"><strong style="color:hsl(229,79%,56.21735628715153%)"><small>★</small><span class="username" data-name="megamanclique">megamanclique</span>:</strong> <em>rt</em></div><div class="spacer battle-history"><br></div><div class="battle-history">megamanclique withdrew Sneasel!<br></div><div class="battle-history">megamanclique sent out <strong>Slowking</strong>!<br></div><div class="spacer battle-history"><br></div><div class="battle-history">Nicky Minaj used <strong>Gyro Ball</strong>!<br></div><div class="battle-history"><small>It's not very effective...</small><br></div><div class="battle-history"><small>(The opposing Slowking lost <abbr title="−10/394">2.5%</abbr> of its health!)</small><br></div><div class="spacer battle-history"><br></div><h2 class="battle-history">Turn 13</h2><div class="spacer battle-history"><br></div><div class="battle-history">megamanclique withdrew Slowking!<br></div><div class="battle-history">megamanclique sent out <strong>Hitmontop</strong>!<br></div><div class="spacer battle-history"><br></div><div class="battle-history">Nicky Minaj, come back!<br></div><div class="battle-history">Go! Hoodlum (<strong>Scrafty</strong>)!<br></div><div class="spacer battle-history"><br></div><h2 class="battle-history">Turn 14</h2><div class="spacer battle-history"><br></div><div class="battle-history">The opposing Hitmontop used <strong>Mach Punch</strong>!<br></div><div class="battle-history"><small>It's super effective!</small><br></div><div class="battle-history"><small>A critical hit!</small><br></div><div class="battle-history"><small>(Hoodlum lost <abbr title="−206/281">73.3%</abbr> of its health!)</small><br></div><div class="spacer battle-history"><br></div><div class="battle-history">Hoodlum used <strong>Drain Punch</strong>!<br></div><div class="battle-history"><small>(The opposing Hitmontop lost <abbr title="−100/304">32.9%</abbr> of its health!)</small><br></div><div class="battle-history"><small>The opposing Hitmontop had its energy drained!</small><br></div><div class="spacer battle-history"><br></div><div class="battle-history">The opposing Hitmontop fainted!<br></div><div class="battle-history"><small>[Hoodlum's Moxie]</small><br></div><div class="battle-history"><small>Hoodlum's Attack rose!</small><br></div><div class="spacer battle-history"><br></div><div class="battle-history">megamanclique sent out <strong>Sneasel</strong>!<br></div><div class="spacer battle-history"><br></div><h2 class="battle-history">Turn 15</h2><div class="spacer battle-history"><br></div><div class="battle-history">The opposing Sneasel used <strong>Fake Out</strong>!<br></div><div class="battle-history"><small>(Hoodlum lost <abbr title="−30/281">10.7%</abbr> of its health!)</small><br></div><div class="spacer battle-history"><br></div><div class="battle-history">Hoodlum flinched and couldn't move!<br></div><div class="spacer battle-history"><br></div><h2 class="battle-history">Turn 16</h2><div class="spacer battle-history"><br></div><div class="battle-history">The opposing Sneasel used <strong>Icicle Crash</strong>!<br></div><div class="battle-history"><small>(Hoodlum lost <abbr title="−95/281">33.8%</abbr> of its health!)</small><br></div><div class="spacer battle-history"><br></div><div class="battle-history">Hoodlum fainted!<br></div><div class="spacer battle-history"><br></div><div class="battle-history">Go! Molsway (<strong>Delphox</strong>)!<br></div><div class="spacer battle-history"><br></div><h2 class="battle-history">Turn 17</h2><div class="spacer battle-history"><br></div><div class="battle-history">Molsway used <strong>Shadow Ball</strong>!<br></div><div class="battle-history"><small>It's not very effective...</small><br></div><div class="battle-history"><small>(The opposing Sneasel lost <abbr title="−36/252">14.3%</abbr> of its health!)</small><br></div><div class="battle-history"><small>[Molsway's Magician]</small><br><small>Molsway stole the opposing Sneasel's Eviolite!</small><br></div><div class="spacer battle-history"><br></div><div class="battle-history">The opposing Sneasel used <strong>Foul Play</strong>!<br></div><div class="battle-history"><small>It's super effective!</small><br></div><div class="battle-history"><small>(Molsway lost <abbr title="−146/291">50.2%</abbr> of its health!)</small><br></div><div class="spacer battle-history"><br></div><h2 class="battle-history">Turn 18</h2><div class="spacer battle-history"><br></div><div class="battle-history">Molsway used <strong>Fire Blast</strong>!<br></div><div class="battle-history"><small>It's super effective!</small><br></div><div class="battle-history"><small>(The opposing Sneasel lost <abbr title="−216/252">85.7%</abbr> of its health!)</small><br></div><div class="spacer battle-history"><br></div><div class="battle-history">The opposing Sneasel fainted!<br></div><div class="spacer battle-history"><br></div><div class="battle-history">megamanclique sent out <strong>Slowking</strong>!<br></div><div class="spacer battle-history"><br></div><h2 class="battle-history">Turn 19</h2><div class="spacer battle-history"><br></div><div class="battle-history">Molsway used <strong>Shadow Ball</strong>!<br></div><div class="battle-history"><small>It's super effective!</small><br></div><div class="battle-history"><small>(The opposing Slowking lost <abbr title="−168/394">42.6%</abbr> of its health!)</small><br></div><div class="spacer battle-history"><br></div><div class="battle-history">The opposing Slowking used <strong>Scald</strong>!<br></div><div class="battle-history"><small>It's super effective!</small><br></div><div class="battle-history"><small>(Molsway lost <abbr title="−145/291">49.8%</abbr> of its health!)</small><br></div><div class="battle-history"><small>The opposing Slowking lost some of its HP!</small><br></div><div class="spacer battle-history"><br></div><div class="battle-history">Molsway fainted!<br></div><div class="spacer battle-history"><br></div><div class="battle-history">Go! Nicky Minaj (<strong>Aromatisse</strong>)!<br></div><div class="spacer battle-history"><br></div><h2 class="battle-history">Turn 20</h2><div class="spacer battle-history"><br></div><div class="battle-history">The opposing Slowking used <strong>Slack Off</strong>!<br></div><div class="battle-history"><small>The opposing Slowking restored its HP.</small><br></div><div class="spacer battle-history"><br></div><div class="battle-history">Nicky Minaj used <strong>Wish</strong>!<br></div><div class="spacer battle-history"><br></div><h2 class="battle-history">Turn 21</h2><div class="chat chatmessage-bravekey"><strong style="color:hsl(103,74%,37.476616081693216%)"><small>★</small><span class="username" data-name="Brave Key">Brave Key</span>:</strong> <em>oh jesus</em></div><div class="chat chatmessage-megamanclique"><strong style="color:hsl(229,79%,56.21735628715153%)"><small>★</small><span class="username" data-name="megamanclique">megamanclique</span>:</strong> <em>omg</em></div><div class="chat chatmessage-bravekey"><strong style="color:hsl(103,74%,37.476616081693216%)"><small>★</small><span class="username" data-name="Brave Key">Brave Key</span>:</strong> <em>this will go on for at least forever</em></div><div class="spacer battle-history"><br></div><div class="battle-history">Nicky Minaj used <strong>Protect</strong>!<br></div><div class="battle-history"><small>Nicky Minaj protected itself!</small><br></div><div class="spacer battle-history"><br></div><div class="battle-history">The opposing Slowking used <strong>Thunder Wave</strong>!<br></div><div class="battle-history"><small>Nicky Minaj protected itself!</small><br></div><div class="spacer battle-history"><br></div><h2 class="battle-history">Turn 22</h2><div class="chat chatmessage-megamanclique"><strong style="color:hsl(229,79%,56.21735628715153%)"><small>★</small><span class="username" data-name="megamanclique">megamanclique</span>:</strong> <em>yikes</em></div><div class="spacer battle-history"><br></div><div class="battle-history">The opposing Slowking used <strong>Thunder Wave</strong>!<br></div><div class="battle-history"><small>Nicky Minaj is paralyzed! It may be unable to move!</small><br></div><div class="spacer battle-history"><br></div><div class="battle-history">Nicky Minaj used <strong>Gyro Ball</strong>!<br></div><div class="battle-history"><small>It's not very effective...</small><br></div><div class="battle-history"><small>(The opposing Slowking lost <abbr title="−37/394">9.4%</abbr> of its health!)</small><br></div><div class="spacer battle-history"><br></div><h2 class="battle-history">Turn 23</h2><div class="spacer battle-history"><br></div><div class="battle-history">The opposing Slowking used <strong>Psychic</strong>!<br></div><div class="battle-history"><small>(Nicky Minaj lost <abbr title="−110/406">27.1%</abbr> of its health!)</small><br></div><div class="battle-history"><small>The opposing Slowking lost some of its HP!</small><br></div><div class="spacer battle-history"><br></div><div class="battle-history">Nicky Minaj used <strong>Gyro Ball</strong>!<br></div><div class="battle-history"><small>It's not very effective...</small><br></div><div class="battle-history"><small>(The opposing Slowking lost <abbr title="−41/394">10.4%</abbr> of its health!)</small><br></div><div class="spacer battle-history"><br></div><div class="battle-history"><small>Nicky Minaj restored a little HP using its Leftovers!</small><br></div><div class="spacer battle-history"><br></div><h2 class="battle-history">Turn 24</h2><div class="chat chatmessage-megamanclique"><strong style="color:hsl(229,79%,56.21735628715153%)"><small>★</small><span class="username" data-name="megamanclique">megamanclique</span>:</strong> <em>omg</em></div><div class="spacer battle-history"><br></div><div class="battle-history">The opposing Slowking used <strong>Psychic</strong>!<br></div><div class="battle-history"><small>(Nicky Minaj lost <abbr title="−107/406">26.4%</abbr> of its health!)</small><br></div><div class="battle-history"><small>The opposing Slowking lost some of its HP!</small><br></div><div class="spacer battle-history"><br></div><div class="battle-history">Nicky Minaj used <strong>Wish</strong>!<br></div><div class="spacer battle-history"><br></div><div class="battle-history"><small>Nicky Minaj restored a little HP using its Leftovers!</small><br></div><div class="spacer battle-history"><br></div><h2 class="battle-history">Turn 25</h2><div class="spacer battle-history"><br></div><div class="battle-history">Nicky Minaj used <strong>Protect</strong>!<br></div><div class="battle-history"><small>Nicky Minaj protected itself!</small><br></div><div class="spacer battle-history"><br></div><div class="battle-history">The opposing Slowking used <strong>Slack Off</strong>!<br></div><div class="battle-history"><small>The opposing Slowking restored its HP.</small><br></div><div class="spacer battle-history"><br></div><div class="battle-history"><small>Nicky Minaj's wish came true!</small><br></div><div class="spacer battle-history"><br></div><h2 class="battle-history">Turn 26</h2><div class="chat chatmessage-bravekey"><strong style="color:hsl(103,74%,37.476616081693216%)"><small>★</small><span class="username" data-name="Brave Key">Brave Key</span>:</strong> <em>i just realized I spelt nicki wrong &gt;_&lt;</em></div><div class="spacer battle-history"><br></div><div class="battle-history">The opposing Slowking used <strong>Psychic</strong>!<br></div><div class="battle-history"><small>(Nicky Minaj lost <abbr title="−117/406">28.8%</abbr> of its health!)</small><br></div><div class="battle-history"><small>The opposing Slowking lost some of its HP!</small><br></div><div class="spacer battle-history"><br></div><div class="battle-history">Nicky Minaj used <strong>Gyro Ball</strong>!<br></div><div class="battle-history"><small>It's not very effective...</small><br></div><div class="battle-history"><small>(The opposing Slowking lost <abbr title="−40/394">10.2%</abbr> of its health!)</small><br></div><div class="spacer battle-history"><br></div><div class="battle-history"><small>Nicky Minaj restored a little HP using its Leftovers!</small><br></div><div class="spacer battle-history"><br></div><h2 class="battle-history">Turn 27</h2><div class="chat chatmessage-megamanclique"><strong style="color:hsl(229,79%,56.21735628715153%)"><small>★</small><span class="username" data-name="megamanclique">megamanclique</span>:</strong> <em>yeah lmao</em></div><div class="chat chatmessage-megamanclique"><strong style="color:hsl(229,79%,56.21735628715153%)"><small>★</small><span class="username" data-name="megamanclique">megamanclique</span>:</strong> <em>(waiting for the sp.d drop)</em></div><div class="chat chatmessage-bravekey"><strong style="color:hsl(103,74%,37.476616081693216%)"><small>★</small><span class="username" data-name="Brave Key">Brave Key</span>:</strong> <em>lmao</em></div><div class="spacer battle-history"><br></div><div class="battle-history">The opposing Slowking used <strong>Psychic</strong>!<br></div><div class="battle-history"><small>(Nicky Minaj lost <abbr title="−118/406">29.1%</abbr> of its health!)</small><br></div><div class="battle-history"><small>The opposing Slowking lost some of its HP!</small><br></div><div class="spacer battle-history"><br></div><div class="battle-history">Nicky Minaj used <strong>Gyro Ball</strong>!<br></div><div class="battle-history"><small>It's not very effective...</small><br></div><div class="battle-history"><small>(The opposing Slowking lost <abbr title="−37/394">9.4%</abbr> of its health!)</small><br></div><div class="spacer battle-history"><br></div><div class="battle-history"><small>Nicky Minaj restored a little HP using its Leftovers!</small><br></div><div class="spacer battle-history"><br></div><h2 class="battle-history">Turn 28</h2><div class="spacer battle-history"><br></div><div class="battle-history">The opposing Slowking used <strong>Psychic</strong>!<br></div><div class="battle-history"><small>(Nicky Minaj lost <abbr title="−118/406">29.1%</abbr> of its health!)</small><br></div><div class="battle-history"><small>The opposing Slowking lost some of its HP!</small><br></div><div class="spacer battle-history"><br></div><div class="battle-history">Nicky Minaj used <strong>Gyro Ball</strong>!<br></div><div class="battle-history"><small>It's not very effective...</small><br></div><div class="battle-history"><small>(The opposing Slowking lost <abbr title="−41/394">10.4%</abbr> of its health!)</small><br></div><div class="spacer battle-history"><br></div><div class="battle-history"><small>Nicky Minaj restored a little HP using its Leftovers!</small><br></div><div class="spacer battle-history"><br></div><h2 class="battle-history">Turn 29</h2><div class="spacer battle-history"><br></div><div class="battle-history">The opposing Slowking used <strong>Psychic</strong>!<br></div><div class="battle-history"><small>(Nicky Minaj lost <abbr title="−121/406">29.8%</abbr> of its health!)</small><br></div><div class="battle-history"><small>The opposing Slowking lost some of its HP!</small><br></div><div class="spacer battle-history"><br></div><div class="battle-history">Nicky Minaj used <strong>Wish</strong>!<br></div><div class="spacer battle-history"><br></div><div class="battle-history"><small>Nicky Minaj restored a little HP using its Leftovers!</small><br></div><div class="spacer battle-history"><br></div><h2 class="battle-history">Turn 30</h2><div class="chat chatmessage-megamanclique"><strong style="color:hsl(229,79%,56.21735628715153%)"><small>★</small><span class="username" data-name="megamanclique">megamanclique</span>:</strong> <em>i hate you lmao</em></div><div class="spacer battle-history"><br></div><div class="battle-history">Nicky Minaj is paralyzed! It can't move!<br></div><div class="spacer battle-history"><br></div><div class="battle-history">The opposing Slowking used <strong>Slack Off</strong>!<br></div><div class="battle-history"><small>The opposing Slowking restored its HP.</small><br></div><div class="spacer battle-history"><br></div><div class="battle-history"><small>Nicky Minaj's wish came true!</small><br></div><div class="battle-history"><small>Nicky Minaj restored a little HP using its Leftovers!</small><br></div><div class="spacer battle-history"><br></div><h2 class="battle-history">Turn 31</h2><div class="chat chatmessage-megamanclique"><strong style="color:hsl(229,79%,56.21735628715153%)"><small>★</small><span class="username" data-name="megamanclique">megamanclique</span>:</strong> <em>DAMNTI</em></div><div class="chat chatmessage-bravekey"><strong style="color:hsl(103,74%,37.476616081693216%)"><small>★</small><span class="username" data-name="Brave Key">Brave Key</span>:</strong> <em>lmao</em></div><div class="chat chatmessage-megamanclique"><strong style="color:hsl(229,79%,56.21735628715153%)"><small>★</small><span class="username" data-name="megamanclique">megamanclique</span>:</strong> <em>omg</em></div><div class="spacer battle-history"><br></div><div class="battle-history">The opposing Slowking used <strong>Psychic</strong>!<br></div><div class="battle-history"><small>(Nicky Minaj lost <abbr title="−107/406">26.4%</abbr> of its health!)</small><br></div><div class="battle-history"><small>The opposing Slowking lost some of its HP!</small><br></div><div class="spacer battle-history"><br></div><div class="battle-history">Nicky Minaj is paralyzed! It can't move!<br></div><div class="spacer battle-history"><br></div><div class="battle-history"><small>Nicky Minaj restored a little HP using its Leftovers!</small><br></div><div class="spacer battle-history"><br></div><h2 class="battle-history">Turn 32</h2><div class="spacer battle-history"><br></div><div class="battle-history">The opposing Slowking used <strong>Psychic</strong>!<br></div><div class="battle-history"><small>(Nicky Minaj lost <abbr title="−109/406">26.8%</abbr> of its health!)</small><br></div><div class="battle-history"><small>The opposing Slowking lost some of its HP!</small><br></div><div class="spacer battle-history"><br></div><div class="battle-history">Nicky Minaj used <strong>Gyro Ball</strong>!<br></div><div class="battle-history"><small>It's not very effective...</small><br></div><div class="battle-history"><small>(The opposing Slowking lost <abbr title="−38/394">9.6%</abbr> of its health!)</small><br></div><div class="spacer battle-history"><br></div><div class="battle-history"><small>Nicky Minaj restored a little HP using its Leftovers!</small><br></div><div class="spacer battle-history"><br></div><h2 class="battle-history">Turn 33</h2><div class="spacer battle-history"><br></div><div class="battle-history">Nicky Minaj used <strong>Protect</strong>!<br></div><div class="battle-history"><small>Nicky Minaj protected itself!</small><br></div><div class="spacer battle-history"><br></div><div class="battle-history">The opposing Slowking used <strong>Psychic</strong>!<br></div><div class="battle-history"><small>Nicky Minaj protected itself!</small><br></div><div class="spacer battle-history"><br></div><div class="battle-history"><small>Nicky Minaj restored a little HP using its Leftovers!</small><br></div><div class="spacer battle-history"><br></div><h2 class="battle-history">Turn 34</h2><div class="spacer battle-history"><br></div><div class="battle-history">The opposing Slowking used <strong>Psychic</strong>!<br></div><div class="battle-history"><small>(Nicky Minaj lost <abbr title="−110/406">27.1%</abbr> of its health!)</small><br></div><div class="battle-history"><small>The opposing Slowking lost some of its HP!</small><br></div><div class="spacer battle-history"><br></div><div class="battle-history">Nicky Minaj used <strong>Wish</strong>!<br></div><div class="spacer battle-history"><br></div><div class="battle-history"><small>Nicky Minaj restored a little HP using its Leftovers!</small><br></div><div class="spacer battle-history"><br></div><h2 class="battle-history">Turn 35</h2><div class="spacer battle-history"><br></div><div class="battle-history">Nicky Minaj used <strong>Protect</strong>!<br></div><div class="battle-history"><small>Nicky Minaj protected itself!</small><br></div><div class="spacer battle-history"><br></div><div class="battle-history">The opposing Slowking used <strong>Psychic</strong>!<br></div><div class="battle-history"><small>Nicky Minaj protected itself!</small><br></div><div class="spacer battle-history"><br></div><div class="battle-history"><small>Nicky Minaj's wish came true!</small><br></div><div class="battle-history"><small>Nicky Minaj restored a little HP using its Leftovers!</small><br></div><div class="spacer battle-history"><br></div><h2 class="battle-history">Turn 36</h2><div class="chat chatmessage-megamanclique"><strong style="color:hsl(229,79%,56.21735628715153%)"><small>★</small><span class="username" data-name="megamanclique">megamanclique</span>:</strong> <em>sigh</em></div><div class="chat chatmessage-bravekey"><strong style="color:hsl(103,74%,37.476616081693216%)"><small>★</small><span class="username" data-name="Brave Key">Brave Key</span>:</strong> <em>lmao this stall</em></div><div class="spacer battle-history"><br></div><div class="battle-history">The opposing Slowking used <strong>Slack Off</strong>!<br></div><div class="battle-history"><small>The opposing Slowking restored its HP.</small><br></div><div class="spacer battle-history"><br></div><div class="battle-history">Nicky Minaj is paralyzed! It can't move!<br></div><div class="spacer battle-history"><br></div><div class="battle-history"><small>Nicky Minaj restored a little HP using its Leftovers!</small><br></div><div class="spacer battle-history"><br></div><h2 class="battle-history">Turn 37</h2><div class="spacer battle-history"><br></div><div class="battle-history">The opposing Slowking used <strong>Psychic</strong>!<br></div><div class="battle-history"><small>(Nicky Minaj lost <abbr title="−114/406">28.1%</abbr> of its health!)</small><br></div><div class="battle-history"><small>The opposing Slowking lost some of its HP!</small><br></div><div class="spacer battle-history"><br></div><div class="battle-history">Nicky Minaj used <strong>Gyro Ball</strong>!<br></div><div class="battle-history"><small>It's not very effective...</small><br></div><div class="battle-history"><small>(The opposing Slowking lost <abbr title="−43/394">10.9%</abbr> of its health!)</small><br></div><div class="spacer battle-history"><br></div><div class="battle-history"><small>Nicky Minaj restored a little HP using its Leftovers!</small><br></div><div class="spacer battle-history"><br></div><h2 class="battle-history">Turn 38</h2><div class="spacer battle-history"><br></div><div class="battle-history">The opposing Slowking used <strong>Psychic</strong>!<br></div><div class="battle-history"><small>(Nicky Minaj lost <abbr title="−118/406">29.1%</abbr> of its health!)</small><br></div><div class="battle-history"><small>The opposing Slowking lost some of its HP!</small><br></div><div class="spacer battle-history"><br></div><div class="battle-history">Nicky Minaj used <strong>Aromatherapy</strong>!<br></div><div class="battle-history"><small>A soothing aroma wafted through the area!</small><br></div><div class="battle-history"><small>Nicky Minaj was cured of paralysis.</small><br></div><div class="spacer battle-history"><br></div><div class="battle-history"><small>Nicky Minaj restored a little HP using its Leftovers!</small><br></div><div class="spacer battle-history"><br></div><h2 class="battle-history">Turn 39</h2><div class="chat chatmessage-megamanclique"><strong style="color:hsl(229,79%,56.21735628715153%)"><small>★</small><span class="username" data-name="megamanclique">megamanclique</span>:</strong> <em>you literally had that all this time lmao</em></div><div class="chat chatmessage-bravekey"><strong style="color:hsl(103,74%,37.476616081693216%)"><small>★</small><span class="username" data-name="Brave Key">Brave Key</span>:</strong> <em>mhm lol</em></div><div class="spacer battle-history"><br></div><div class="battle-history">Nicky Minaj used <strong>Protect</strong>!<br></div><div class="battle-history"><small>Nicky Minaj protected itself!</small><br></div><div class="spacer battle-history"><br></div><div class="battle-history">The opposing Slowking used <strong>Psychic</strong>!<br></div><div class="battle-history"><small>Nicky Minaj protected itself!</small><br></div><div class="spacer battle-history"><br></div><div class="battle-history"><small>Nicky Minaj restored a little HP using its Leftovers!</small><br></div><div class="spacer battle-history"><br></div><h2 class="battle-history">Turn 40</h2><div class="spacer battle-history"><br></div><div class="battle-history">The opposing Slowking used <strong>Thunder Wave</strong>!<br></div><div class="battle-history"><small>Nicky Minaj is paralyzed! It may be unable to move!</small><br></div><div class="spacer battle-history"><br></div><div class="battle-history">Nicky Minaj is paralyzed! It can't move!<br></div><div class="spacer battle-history"><br></div><div class="battle-history"><small>Nicky Minaj restored a little HP using its Leftovers!</small><br></div><div class="spacer battle-history"><br></div><h2 class="battle-history">Turn 41</h2><div class="chat chatmessage-megamanclique"><strong style="color:hsl(229,79%,56.21735628715153%)"><small>★</small><span class="username" data-name="megamanclique">megamanclique</span>:</strong> <em>:)</em></div><div class="chat chatmessage-bravekey"><strong style="color:hsl(103,74%,37.476616081693216%)"><small>★</small><span class="username" data-name="Brave Key">Brave Key</span>:</strong> <em>fuck</em></div><div class="spacer battle-history"><br></div><div class="battle-history">Nicky Minaj used <strong>Protect</strong>!<br></div><div class="battle-history"><small>Nicky Minaj protected itself!</small><br></div><div class="spacer battle-history"><br></div><div class="battle-history">The opposing Slowking used <strong>Psychic</strong>!<br></div><div class="battle-history"><small>Nicky Minaj protected itself!</small><br></div><div class="spacer battle-history"><br></div><div class="battle-history"><small>Nicky Minaj restored a little HP using its Leftovers!</small><br></div><div class="spacer battle-history"><br></div><h2 class="battle-history">Turn 42</h2><div class="spacer battle-history"><br></div><div class="battle-history">The opposing Slowking used <strong>Psychic</strong>!<br></div><div class="battle-history"><small>(Nicky Minaj lost <abbr title="−126/406">31.0%</abbr> of its health!)</small><br></div><div class="battle-history"><small>The opposing Slowking lost some of its HP!</small><br></div><div class="spacer battle-history"><br></div><div class="battle-history">Nicky Minaj used <strong>Wish</strong>!<br></div><div class="spacer battle-history"><br></div><div class="battle-history"><small>Nicky Minaj restored a little HP using its Leftovers!</small><br></div><div class="spacer battle-history"><br></div><h2 class="battle-history">Turn 43</h2><div class="chat chatmessage-megamanclique"><strong style="color:hsl(229,79%,56.21735628715153%)"><small>★</small><span class="username" data-name="megamanclique">megamanclique</span>:</strong> <em>where is my sp d drop AT</em></div><div class="spacer battle-history"><br></div><div class="battle-history">Nicky Minaj used <strong>Protect</strong>!<br></div><div class="battle-history"><small>Nicky Minaj protected itself!</small><br></div><div class="spacer battle-history"><br></div><div class="battle-history">The opposing Slowking used <strong>Scald</strong>!<br></div><div class="battle-history"><small>Nicky Minaj protected itself!</small><br></div><div class="spacer battle-history"><br></div><div class="battle-history"><small>Nicky Minaj's wish came true!</small><br></div><div class="battle-history"><small>Nicky Minaj restored a little HP using its Leftovers!</small><br></div><div class="spacer battle-history"><br></div><h2 class="battle-history">Turn 44</h2><div class="chat chatmessage-bravekey"><strong style="color:hsl(103,74%,37.476616081693216%)"><small>★</small><span class="username" data-name="Brave Key">Brave Key</span>:</strong> <em>idk</em></div><div class="chat chatmessage-bravekey"><strong style="color:hsl(103,74%,37.476616081693216%)"><small>★</small><span class="username" data-name="Brave Key">Brave Key</span>:</strong> <em>I always get it when I need it the least</em></div><div class="spacer battle-history"><br></div><div class="battle-history">The opposing Slowking used <strong>Scald</strong>!<br></div><div class="battle-history"><small>(Nicky Minaj lost <abbr title="−97/406">23.9%</abbr> of its health!)</small><br></div><div class="battle-history"><small>The opposing Slowking lost some of its HP!</small><br></div><div class="spacer battle-history"><br></div><div class="battle-history">Nicky Minaj used <strong>Aromatherapy</strong>!<br></div><div class="battle-history"><small>A soothing aroma wafted through the area!</small><br></div><div class="battle-history"><small>Nicky Minaj was cured of paralysis.</small><br></div><div class="spacer battle-history"><br></div><div class="battle-history"><small>Nicky Minaj restored a little HP using its Leftovers!</small><br></div><div class="spacer battle-history"><br></div><h2 class="battle-history">Turn 45</h2><div class="spacer battle-history"><br></div><div class="battle-history">The opposing Slowking used <strong>Scald</strong>!<br></div><div class="battle-history"><small>(Nicky Minaj lost <abbr title="−103/406">25.4%</abbr> of its health!)</small><br></div><div class="battle-history"><small>The opposing Slowking lost some of its HP!</small><br></div><div class="spacer battle-history"><br></div><div class="battle-history">Nicky Minaj used <strong>Wish</strong>!<br></div><div class="spacer battle-history"><br></div><div class="battle-history"><small>Nicky Minaj restored a little HP using its Leftovers!</small><br></div><div class="spacer battle-history"><br></div><h2 class="battle-history">Turn 46</h2><div class="spacer battle-history"><br></div><div class="battle-history">Nicky Minaj used <strong>Protect</strong>!<br></div><div class="battle-history"><small>Nicky Minaj protected itself!</small><br></div><div class="spacer battle-history"><br></div><div class="battle-history">The opposing Slowking used <strong>Slack Off</strong>!<br></div><div class="battle-history"><small>The opposing Slowking restored its HP.</small><br></div><div class="spacer battle-history"><br></div><div class="battle-history"><small>Nicky Minaj's wish came true!</small><br></div><div class="battle-history"><small>Nicky Minaj restored a little HP using its Leftovers!</small><br></div><div class="spacer battle-history"><br></div><h2 class="battle-history">Turn 47</h2><div class="spacer battle-history"><br></div><div class="battle-history">The opposing Slowking used <strong>Thunder Wave</strong>!<br></div><div class="battle-history"><small>Nicky Minaj is paralyzed! It may be unable to move!</small><br></div><div class="spacer battle-history"><br></div><div class="battle-history">Nicky Minaj used <strong>Aromatherapy</strong>!<br></div><div class="battle-history"><small>A soothing aroma wafted through the area!</small><br></div><div class="battle-history"><small>Nicky Minaj was cured of paralysis.</small><br></div><div class="spacer battle-history"><br></div><div class="battle-history"><small>Nicky Minaj restored a little HP using its Leftovers!</small><br></div><div class="spacer battle-history"><br></div><h2 class="battle-history">Turn 48</h2><div class="spacer battle-history"><br></div><div class="battle-history">The opposing Slowking used <strong>Scald</strong>!<br></div><div class="battle-history"><small>(Nicky Minaj lost <abbr title="−101/406">24.9%</abbr> of its health!)</small><br></div><div class="battle-history"><small>Nicky Minaj was burned!</small><br></div><div class="battle-history"><small>The opposing Slowking lost some of its HP!</small><br></div><div class="spacer battle-history"><br></div><div class="battle-history">Nicky Minaj used <strong>Wish</strong>!<br></div><div class="spacer battle-history"><br></div><div class="battle-history"><small>Nicky Minaj restored a little HP using its Leftovers!</small><br></div><div class="battle-history"><small>Nicky Minaj was hurt by its burn!</small><br></div><div class="spacer battle-history"><br></div><h2 class="battle-history">Turn 49</h2><div class="spacer battle-history"><br></div><div class="battle-history">The opposing Slowking used <strong>Scald</strong>!<br></div><div class="battle-history"><small>(Nicky Minaj lost <abbr title="−107/406">26.4%</abbr> of its health!)</small><br></div><div class="battle-history"><small>The opposing Slowking lost some of its HP!</small><br></div><div class="spacer battle-history"><br></div><div class="battle-history">Nicky Minaj used <strong>Aromatherapy</strong>!<br></div><div class="battle-history"><small>A soothing aroma wafted through the area!</small><br></div><div class="battle-history"><small>Nicky Minaj's burn was healed.</small><br></div><div class="spacer battle-history"><br></div><div class="battle-history"><small>Nicky Minaj's wish came true!</small><br></div><div class="battle-history"><small>Nicky Minaj restored a little HP using its Leftovers!</small><br></div><div class="spacer battle-history"><br></div><h2 class="battle-history">Turn 50</h2><div class="spacer battle-history"><br></div><div class="battle-history">Nicky Minaj used <strong>Protect</strong>!<br></div><div class="battle-history"><small>Nicky Minaj protected itself!</small><br></div><div class="spacer battle-history"><br></div><div class="battle-history">The opposing Slowking used <strong>Thunder Wave</strong>!<br></div><div class="battle-history"><small>Nicky Minaj protected itself!</small><br></div><div class="spacer battle-history"><br></div><div class="battle-history"><small>Nicky Minaj restored a little HP using its Leftovers!</small><br></div><div class="spacer battle-history"><br></div><h2 class="battle-history">Turn 51</h2><div class="chat chatmessage-megamanclique"><strong style="color:hsl(229,79%,56.21735628715153%)"><small>★</small><span class="username" data-name="megamanclique">megamanclique</span>:</strong> <em>:0</em></div><div class="spacer battle-history"><br></div><div class="battle-history">The opposing Slowking used <strong>Thunder Wave</strong>!<br></div><div class="battle-history"><small>Nicky Minaj is paralyzed! It may be unable to move!</small><br></div><div class="spacer battle-history"><br></div><div class="battle-history">Nicky Minaj used <strong>Aromatherapy</strong>!<br></div><div class="battle-history"><small>A soothing aroma wafted through the area!</small><br></div><div class="battle-history"><small>Nicky Minaj was cured of paralysis.</small><br></div><div class="spacer battle-history"><br></div><h2 class="battle-history">Turn 52</h2><div class="chat chatmessage-megamanclique"><strong style="color:hsl(229,79%,56.21735628715153%)"><small>★</small><span class="username" data-name="megamanclique">megamanclique</span>:</strong> <em>:))</em></div><div class="chat chatmessage-megamanclique"><strong style="color:hsl(229,79%,56.21735628715153%)"><small>★</small><span class="username" data-name="megamanclique">megamanclique</span>:</strong> <em>:()()()()</em></div><div class="chat chatmessage-bravekey"><strong style="color:hsl(103,74%,37.476616081693216%)"><small>★</small><span class="username" data-name="Brave Key">Brave Key</span>:</strong> <em>lmao</em></div><div class="spacer battle-history"><br></div><div class="battle-history">Nicky Minaj used <strong>Protect</strong>!<br></div><div class="battle-history"><small>Nicky Minaj protected itself!</small><br></div><div class="spacer battle-history"><br></div><div class="battle-history">The opposing Slowking used <strong>Scald</strong>!<br></div><div class="battle-history"><small>Nicky Minaj protected itself!</small><br></div><div class="spacer battle-history"><br></div><h2 class="battle-history">Turn 53</h2><div class="chat chatmessage-bravekey"><strong style="color:hsl(103,74%,37.476616081693216%)"><small>★</small><span class="username" data-name="Brave Key">Brave Key</span>:</strong> <em>I love stalls</em></div><div class="spacer battle-history"><br></div><div class="battle-history">The opposing Slowking used <strong>Scald</strong>!<br></div><div class="battle-history"><small>(Nicky Minaj lost <abbr title="−103/406">25.4%</abbr> of its health!)</small><br></div><div class="battle-history"><small>The opposing Slowking lost some of its HP!</small><br></div><div class="spacer battle-history"><br></div><div class="battle-history">Nicky Minaj used <strong>Aromatherapy</strong>!<br></div><div class="battle-history"><small>A soothing aroma wafted through the area!</small><br></div><div class="spacer battle-history"><br></div><div class="battle-history"><small>Nicky Minaj restored a little HP using its Leftovers!</small><br></div><div class="spacer battle-history"><br></div><h2 class="battle-history">Turn 54</h2><div class="chat chatmessage-megamanclique"><strong style="color:hsl(229,79%,56.21735628715153%)"><small>★</small><span class="username" data-name="megamanclique">megamanclique</span>:</strong> <em>do you not have any more gyro ball</em></div><div class="chat chatmessage-bravekey"><strong style="color:hsl(103,74%,37.476616081693216%)"><small>★</small><span class="username" data-name="Brave Key">Brave Key</span>:</strong> <em>nope</em></div><div class="spacer battle-history"><br></div><div class="battle-history">The opposing Slowking used <strong>Scald</strong>!<br></div><div class="battle-history"><small>(Nicky Minaj lost <abbr title="−95/406">23.4%</abbr> of its health!)</small><br></div><div class="battle-history"><small>Nicky Minaj was burned!</small><br></div><div class="battle-history"><small>The opposing Slowking lost some of its HP!</small><br></div><div class="spacer battle-history"><br></div><div class="battle-history">Nicky Minaj used <strong>Wish</strong>!<br></div><div class="spacer battle-history"><br></div><div class="battle-history"><small>Nicky Minaj restored a little HP using its Leftovers!</small><br></div><div class="battle-history"><small>Nicky Minaj was hurt by its burn!</small><br></div><div class="spacer battle-history"><br></div><h2 class="battle-history">Turn 55</h2><div class="chat chatmessage-bravekey"><strong style="color:hsl(103,74%,37.476616081693216%)"><small>★</small><span class="username" data-name="Brave Key">Brave Key</span>:</strong> <em>I havent for about 30 turns</em></div><div class="chat chatmessage-megamanclique"><strong style="color:hsl(229,79%,56.21735628715153%)"><small>★</small><span class="username" data-name="megamanclique">megamanclique</span>:</strong> <em>LmAO</em></div><div class="spacer battle-history"><br></div><div class="battle-history">The opposing Slowking used <strong>Slack Off</strong>!<br></div><div class="battle-history"><small>The opposing Slowking restored its HP.</small><br></div><div class="spacer battle-history"><br></div><div class="battle-history">Nicky Minaj used <strong>Aromatherapy</strong>!<br></div><div class="battle-history"><small>A soothing aroma wafted through the area!</small><br></div><div class="battle-history"><small>Nicky Minaj's burn was healed.</small><br></div><div class="spacer battle-history"><br></div><div class="battle-history"><small>Nicky Minaj's wish came true!</small><br></div><div class="spacer battle-history"><br></div><h2 class="battle-history">Turn 56</h2><div class="chat chatmessage-megamanclique"><strong style="color:hsl(229,79%,56.21735628715153%)"><small>★</small><span class="username" data-name="megamanclique">megamanclique</span>:</strong> <em>so what happens when i run out of scald</em></div><div class="chat chatmessage-bravekey"><strong style="color:hsl(103,74%,37.476616081693216%)"><small>★</small><span class="username" data-name="Brave Key">Brave Key</span>:</strong> <em>umm</em></div><div class="spacer battle-history"><br></div><div class="battle-history">Nicky Minaj used <strong>Protect</strong>!<br></div><div class="battle-history"><small>Nicky Minaj protected itself!</small><br></div><div class="spacer battle-history"><br></div><div class="battle-history">The opposing Slowking used <strong>Scald</strong>!<br></div><div class="battle-history"><small>Nicky Minaj protected itself!</small><br></div><div class="spacer battle-history"><br></div><h2 class="battle-history">Turn 57</h2><div class="chat chatmessage-bravekey"><strong style="color:hsl(103,74%,37.476616081693216%)"><small>★</small><span class="username" data-name="Brave Key">Brave Key</span>:</strong> <em>i would have ran out of pp myself</em></div><div class="chat chatmessage-bravekey"><strong style="color:hsl(103,74%,37.476616081693216%)"><small>★</small><span class="username" data-name="Brave Key">Brave Key</span>:</strong> <em>double prot?</em></div><div class="chat chatmessage-megamanclique"><strong style="color:hsl(229,79%,56.21735628715153%)"><small>★</small><span class="username" data-name="megamanclique">megamanclique</span>:</strong> <em>I dont have protect lmao</em></div><div class="spacer battle-history"><br></div><div class="battle-history">Nicky Minaj used <strong>Protect</strong>!<br></div><div class="battle-history"><small>Nicky Minaj protected itself!</small><br></div><div class="spacer battle-history"><br></div><div class="battle-history">The opposing Slowking used <strong>Thunder Wave</strong>!<br></div><div class="battle-history"><small>Nicky Minaj protected itself!</small><br></div><div class="spacer battle-history"><br></div><h2 class="battle-history">Turn 58</h2><div class="chat chatmessage-bravekey"><strong style="color:hsl(103,74%,37.476616081693216%)"><small>★</small><span class="username" data-name="Brave Key">Brave Key</span>:</strong> <em>I mean</em></div><div class="chat chatmessage-bravekey"><strong style="color:hsl(103,74%,37.476616081693216%)"><small>★</small><span class="username" data-name="Brave Key">Brave Key</span>:</strong> <em>two turns in a row</em></div><div class="chat chatmessage-megamanclique"><strong style="color:hsl(229,79%,56.21735628715153%)"><small>★</small><span class="username" data-name="megamanclique">megamanclique</span>:</strong> <em>oh SHIT</em></div><div class="spacer battle-history"><br></div><div class="battle-history">The opposing Slowking used <strong>Thunder Wave</strong>!<br></div><div class="battle-history"><small>Nicky Minaj is paralyzed! It may be unable to move!</small><br></div><div class="spacer battle-history"><br></div><div class="battle-history">Nicky Minaj is paralyzed! It can't move!<br></div><div class="spacer battle-history"><br></div><h2 class="battle-history">Turn 59</h2><div class="spacer battle-history"><br></div><div class="battle-history">Nicky Minaj is paralyzed! It can't move!<br></div><div class="spacer battle-history"><br></div><div class="battle-history">The opposing Slowking used <strong>Scald</strong>!<br></div><div class="battle-history"><small>(Nicky Minaj lost <abbr title="−109/406">26.8%</abbr> of its health!)</small><br></div><div class="battle-history"><small>The opposing Slowking lost some of its HP!</small><br></div><div class="spacer battle-history"><br></div><div class="battle-history"><small>Nicky Minaj restored a little HP using its Leftovers!</small><br></div><div class="spacer battle-history"><br></div><h2 class="battle-history">Turn 60</h2><div class="spacer battle-history"><br></div><div class="battle-history">Nicky Minaj is paralyzed! It can't move!<br></div><div class="spacer battle-history"><br></div><div class="battle-history">The opposing Slowking used <strong>Scald</strong>!<br></div><div class="battle-history"><small>(Nicky Minaj lost <abbr title="−103/406">25.4%</abbr> of its health!)</small><br></div><div class="battle-history"><small>The opposing Slowking lost some of its HP!</small><br></div><div class="spacer battle-history"><br></div><div class="battle-history"><small>Nicky Minaj restored a little HP using its Leftovers!</small><br></div><div class="spacer battle-history"><br></div><h2 class="battle-history">Turn 61</h2><div class="spacer battle-history"><br></div><div class="battle-history">Nicky Minaj used <strong>Protect</strong>!<br></div><div class="battle-history"><small>Nicky Minaj protected itself!</small><br></div><div class="spacer battle-history"><br></div><div class="battle-history">The opposing Slowking used <strong>Scald</strong>!<br></div><div class="battle-history"><small>Nicky Minaj protected itself!</small><br></div><div class="spacer battle-history"><br></div><div class="battle-history"><small>Nicky Minaj restored a little HP using its Leftovers!</small><br></div><div class="spacer battle-history"><br></div><h2 class="battle-history">Turn 62</h2><div class="chat chatmessage-bravekey"><strong style="color:hsl(103,74%,37.476616081693216%)"><small>★</small><span class="username" data-name="Brave Key">Brave Key</span>:</strong> <em>nicki</em></div><div class="chat chatmessage-bravekey"><strong style="color:hsl(103,74%,37.476616081693216%)"><small>★</small><span class="username" data-name="Brave Key">Brave Key</span>:</strong> <em>finally</em></div><div class="spacer battle-history"><br></div><div class="battle-history">The opposing Slowking used <strong>Scald</strong>!<br></div><div class="battle-history"><small>(Nicky Minaj lost <abbr title="−109/406">26.8%</abbr> of its health!)</small><br></div><div class="battle-history"><small>The opposing Slowking lost some of its HP!</small><br></div><div class="spacer battle-history"><br></div><div class="battle-history">Nicky Minaj used <strong>Wish</strong>!<br></div><div class="spacer battle-history"><br></div><div class="battle-history"><small>Nicky Minaj restored a little HP using its Leftovers!</small><br></div><div class="spacer battle-history"><br></div><h2 class="battle-history">Turn 63</h2><div class="spacer battle-history"><br></div><div class="battle-history">Nicky Minaj used <strong>Protect</strong>!<br></div><div class="battle-history"><small>Nicky Minaj protected itself!</small><br></div><div class="spacer battle-history"><br></div><div class="battle-history">The opposing Slowking used <strong>Slack Off</strong>!<br></div><div class="battle-history"><small>The opposing Slowking restored its HP.</small><br></div><div class="spacer battle-history"><br></div><div class="battle-history"><small>Nicky Minaj's wish came true!</small><br></div><div class="battle-history"><small>Nicky Minaj restored a little HP using its Leftovers!</small><br></div><div class="spacer battle-history"><br></div><h2 class="battle-history">Turn 64</h2><div class="spacer battle-history"><br></div><div class="battle-history">The opposing Slowking used <strong>Scald</strong>!<br></div><div class="battle-history"><small>(Nicky Minaj lost <abbr title="−107/406">26.4%</abbr> of its health!)</small><br></div><div class="battle-history"><small>The opposing Slowking lost some of its HP!</small><br></div><div class="spacer battle-history"><br></div><div class="battle-history">Nicky Minaj used <strong>Aromatherapy</strong>!<br></div><div class="battle-history"><small>A soothing aroma wafted through the area!</small><br></div><div class="battle-history"><small>Nicky Minaj was cured of paralysis.</small><br></div><div class="spacer battle-history"><br></div><div class="battle-history"><small>Nicky Minaj restored a little HP using its Leftovers!</small><br></div><div class="spacer battle-history"><br></div><h2 class="battle-history">Turn 65</h2><div class="spacer battle-history"><br></div><div class="battle-history">The opposing Slowking used <strong>Thunder Wave</strong>!<br></div><div class="battle-history"><small>Nicky Minaj is paralyzed! It may be unable to move!</small><br></div><div class="spacer battle-history"><br></div><div class="battle-history">Nicky Minaj is paralyzed! It can't move!<br></div><div class="spacer battle-history"><br></div><div class="battle-history"><small>Nicky Minaj restored a little HP using its Leftovers!</small><br></div><div class="spacer battle-history"><br></div><h2 class="battle-history">Turn 66</h2><div class="spacer battle-history"><br></div><div class="battle-history">The opposing Slowking used <strong>Scald</strong>!<br></div><div class="battle-history"><small>A critical hit!</small><br></div><div class="battle-history"><small>(Nicky Minaj lost <abbr title="−152/406">37.4%</abbr> of its health!)</small><br></div><div class="battle-history"><small>The opposing Slowking lost some of its HP!</small><br></div><div class="spacer battle-history"><br></div><div class="battle-history">Nicky Minaj used <strong>Wish</strong>!<br></div><div class="spacer battle-history"><br></div><div class="battle-history"><small>Nicky Minaj restored a little HP using its Leftovers!</small><br></div><div class="spacer battle-history"><br></div><h2 class="battle-history">Turn 67</h2><div class="spacer battle-history"><br></div><div class="battle-history">Nicky Minaj used <strong>Protect</strong>!<br></div><div class="battle-history"><small>Nicky Minaj protected itself!</small><br></div><div class="spacer battle-history"><br></div><div class="battle-history">The opposing Slowking used <strong>Scald</strong>!<br></div><div class="battle-history"><small>Nicky Minaj protected itself!</small><br></div><div class="spacer battle-history"><br></div><div class="battle-history"><small>Nicky Minaj's wish came true!</small><br></div><div class="spacer battle-history"><br></div><h2 class="battle-history">Turn 68</h2><div class="spacer battle-history"><br></div><div class="battle-history">The opposing Slowking used <strong>Scald</strong>!<br></div><div class="battle-history"><small>(Nicky Minaj lost <abbr title="−109/406">26.8%</abbr> of its health!)</small><br></div><div class="battle-history"><small>The opposing Slowking lost some of its HP!</small><br></div><div class="spacer battle-history"><br></div><div class="battle-history">Nicky Minaj used <strong>Wish</strong>!<br></div><div class="spacer battle-history"><br></div><div class="battle-history"><small>Nicky Minaj restored a little HP using its Leftovers!</small><br></div><div class="spacer battle-history"><br></div><h2 class="battle-history">Turn 69</h2><div class="spacer battle-history"><br></div><div class="battle-history">Nicky Minaj used <strong>Protect</strong>!<br></div><div class="battle-history"><small>Nicky Minaj protected itself!</small><br></div><div class="spacer battle-history"><br></div><div class="battle-history">The opposing Slowking used <strong>Scald</strong>!<br></div><div class="battle-history"><small>Nicky Minaj protected itself!</small><br></div><div class="spacer battle-history"><br></div><div class="battle-history"><small>Nicky Minaj's wish came true!</small><br></div><div class="spacer battle-history"><br></div><h2 class="battle-history">Turn 70</h2><div class="spacer battle-history"><br></div><div class="battle-history">The opposing Slowking used <strong>Scald</strong>!<br></div><div class="battle-history"><small>(Nicky Minaj lost <abbr title="−95/406">23.4%</abbr> of its health!)</small><br></div><div class="battle-history"><small>The opposing Slowking lost some of its HP!</small><br></div><div class="spacer battle-history"><br></div><div class="battle-history">Nicky Minaj used <strong>Wish</strong>!<br></div><div class="spacer battle-history"><br></div><div class="battle-history"><small>Nicky Minaj restored a little HP using its Leftovers!</small><br></div><div class="spacer battle-history"><br></div><h2 class="battle-history">Turn 71</h2><div class="spacer battle-history"><br></div><div class="battle-history">The opposing Slowking used <strong>Slack Off</strong>!<br></div><div class="battle-history"><small>The opposing Slowking restored its HP.</small><br></div><div class="spacer battle-history"><br></div><div class="battle-history">Nicky Minaj used <strong>Wish</strong>!<br></div><div class="battle-history"><small>But it failed!</small><br></div><div class="spacer battle-history"><br></div><div class="battle-history"><small>Nicky Minaj's wish came true!</small><br></div><div class="spacer battle-history"><br></div><h2 class="battle-history">Turn 72</h2><div class="spacer battle-history"><br></div><div class="battle-history">The opposing Slowking used <strong>Scald</strong>!<br></div><div class="battle-history"><small>(Nicky Minaj lost <abbr title="−95/406">23.4%</abbr> of its health!)</small><br></div><div class="battle-history"><small>The opposing Slowking lost some of its HP!</small><br></div><div class="spacer battle-history"><br></div><div class="battle-history">Nicky Minaj used <strong>Wish</strong>!<br></div><div class="spacer battle-history"><br></div><div class="battle-history"><small>Nicky Minaj restored a little HP using its Leftovers!</small><br></div><div class="spacer battle-history"><br></div><h2 class="battle-history">Turn 73</h2><div class="spacer battle-history"><br></div><div class="battle-history">The opposing Slowking used <strong>Thunder Wave</strong>!<br></div><div class="battle-history"><small>Nicky Minaj is already paralyzed.</small><br></div><div class="spacer battle-history"><br></div><div class="battle-history">Nicky Minaj is paralyzed! It can't move!<br></div><div class="spacer battle-history"><br></div><div class="battle-history"><small>Nicky Minaj's wish came true!</small><br></div><div class="spacer battle-history"><br></div><h2 class="battle-history">Turn 74</h2><div class="spacer battle-history"><br></div><div class="battle-history">The opposing Slowking used <strong>Thunder Wave</strong>!<br></div><div class="battle-history"><small>Nicky Minaj is already paralyzed.</small><br></div><div class="spacer battle-history"><br></div><div class="battle-history">Nicky Minaj used <strong>Wish</strong>!<br></div><div class="spacer battle-history"><br></div><h2 class="battle-history">Turn 75</h2><div class="spacer battle-history"><br></div><div class="battle-history">The opposing Slowking used <strong>Thunder Wave</strong>!<br></div><div class="battle-history"><small>Nicky Minaj is already paralyzed.</small><br></div><div class="spacer battle-history"><br></div><div class="battle-history">Nicky Minaj used <strong>Wish</strong>!<br></div><div class="battle-history"><small>But it failed!</small><br></div><div class="spacer battle-history"><br></div><h2 class="battle-history">Turn 76</h2><div class="spacer battle-history"><br></div><div class="battle-history">The opposing Slowking used <strong>Thunder Wave</strong>!<br></div><div class="battle-history"><small>Nicky Minaj is already paralyzed.</small><br></div><div class="battle-history"><small>Nicky Minaj has no moves left!</small><br></div><div class="spacer battle-history"><br></div><div class="battle-history">Nicky Minaj used <strong>Struggle</strong>!<br></div><div class="battle-history"><small>A critical hit!</small><br></div><div class="battle-history"><small>(The opposing Slowking lost <abbr title="−39/394">9.9%</abbr> of its health!)</small><br></div><div class="battle-history"><small>Nicky Minaj is damaged by the recoil!</small><br></div><div class="spacer battle-history"><br></div><div class="battle-history"><small>Nicky Minaj restored a little HP using its Leftovers!</small><br></div><div class="spacer battle-history"><br></div><h2 class="battle-history">Turn 77</h2><div class="spacer battle-history"><br></div><div class="battle-history">The opposing Slowking used <strong>Scald</strong>!<br></div><div class="battle-history"><small>(Nicky Minaj lost <abbr title="−97/406">23.9%</abbr> of its health!)</small><br></div><div class="battle-history"><small>The opposing Slowking lost some of its HP!</small><br></div><div class="battle-history"><small>Nicky Minaj has no moves left!</small><br></div><div class="spacer battle-history"><br></div><div class="battle-history">Nicky Minaj used <strong>Struggle</strong>!<br></div><div class="battle-history"><small>(The opposing Slowking lost <abbr title="−27/394">6.9%</abbr> of its health!)</small><br></div><div class="battle-history"><small>Nicky Minaj is damaged by the recoil!</small><br></div><div class="spacer battle-history"><br></div><div class="battle-history"><small>Nicky Minaj restored a little HP using its Leftovers!</small><br></div><div class="spacer battle-history"><br></div><h2 class="battle-history">Turn 78</h2><div class="chat chatmessage-bravekey"><strong style="color:hsl(103,74%,37.476616081693216%)"><small>★</small><span class="username" data-name="Brave Key">Brave Key</span>:</strong> <em>(kills you before kills themself)</em></div><div class="spacer battle-history"><br></div><div class="battle-history">The opposing Slowking used <strong>Scald</strong>!<br></div><div class="battle-history"><small>(Nicky Minaj lost <abbr title="−95/406">23.4%</abbr> of its health!)</small><br></div><div class="battle-history"><small>The opposing Slowking lost some of its HP!</small><br></div><div class="spacer battle-history"><br></div><div class="battle-history">Nicky Minaj is paralyzed! It can't move!<br></div><div class="spacer battle-history"><br></div><div class="battle-history"><small>Nicky Minaj restored a little HP using its Leftovers!</small><br></div><div class="spacer battle-history"><br></div><h2 class="battle-history">Turn 79</h2><div class="spacer battle-history"><br></div><div class="battle-history">The opposing Slowking used <strong>Scald</strong>!<br></div><div class="battle-history"><small>(Nicky Minaj lost <abbr title="−85/406">20.9%</abbr> of its health!)</small><br></div><div class="battle-history"><small>The opposing Slowking lost some of its HP!</small><br></div><div class="spacer battle-history"><br></div><div class="battle-history">Nicky Minaj fainted!<br></div><div class="spacer battle-history"><br></div><div class="battle-history"><strong>megamanclique</strong> won the battle!<br></div><div class="chat chatmessage-bravekey"><strong style="color:hsl(103,74%,37.476616081693216%)"><small>★</small><span class="username" data-name="Brave Key">Brave Key</span>:</strong> <em>lmao</em></div><div class="chat chatmessage-megamanclique"><strong style="color:hsl(229,79%,56.21735628715153%)"><small>★</small><span class="username" data-name="megamanclique">megamanclique</span>:</strong> <em>GG</em></div><div class="chat chatmessage-megamanclique"><strong style="color:hsl(229,79%,56.21735628715153%)"><small>★</small><span class="username" data-name="megamanclique">megamanclique</span>:</strong> <em>lmaoo</em></div><div class="chat chatmessage-bravekey"><strong style="color:hsl(103,74%,37.476616081693216%)"><small>★</small><span class="username" data-name="Brave Key">Brave Key</span>:</strong> <em>our stall game</em></div><div class="chat chatmessage-megamanclique"><strong style="color:hsl(229,79%,56.21735628715153%)"><small>★</small><span class="username" data-name="megamanclique">megamanclique</span>:</strong> <em>iconic</em></div><div class="chat chatmessage-bravekey"><strong style="color:hsl(103,74%,37.476616081693216%)"><small>★</small><span class="username" data-name="Brave Key">Brave Key</span>:</strong> <em>79 TURNS</em></div><div class="chat chatmessage-bravekey"><strong style="color:hsl(103,74%,37.476616081693216%)"><small>★</small><span class="username" data-name="Brave Key">Brave Key</span>:</strong> <em>XD</em></div></div><div class="inner-preempt"></div></div></div>
</div>
<script>
let daily = Math.floor(Date.now()/1000/60/60/24);document.write('<script src="https://play.pokemonshowdown.com/js/replay-embed.js?version'+daily+'"></'+'script>');
</script>
