<!DOCTYPE html>
<meta charset="utf-8" />
<!-- version 1 -->
<title>RU replay: BlackScizor84 vs. whyamigoodman</title>
<style>
html,body {font-family:Verdana, sans-serif;font-size:10pt;margin:0;padding:0;}body{padding:12px 0;} .battle-log {font-family:Verdana, sans-serif;font-size:10pt;} .battle-log-inline {border:1px solid #AAAAAA;background:#EEF2F5;color:black;max-width:640px;margin:0 auto 80px;padding-bottom:5px;} .battle-log .inner {padding:4px 8px 0px 8px;} .battle-log .inner-preempt {padding:0 8px 4px 8px;} .battle-log .inner-after {margin-top:0.5em;} .battle-log h2 {margin:0.5em -8px;padding:4px 8px;border:1px solid #AAAAAA;background:#E0E7EA;border-left:0;border-right:0;font-family:Verdana, sans-serif;font-size:13pt;} .battle-log .chat {vertical-align:middle;padding:3px 0 3px 0;font-size:8pt;} .battle-log .chat strong {color:#40576A;} .battle-log .chat em {padding:1px 4px 1px 3px;color:#000000;font-style:normal;} .chat.mine {background:rgba(0,0,0,0.05);margin-left:-8px;margin-right:-8px;padding-left:8px;padding-right:8px;} .spoiler {color:#BBBBBB;background:#BBBBBB;padding:0px 3px;} .spoiler:hover, .spoiler:active, .spoiler-shown {color:#000000;background:#E2E2E2;padding:0px 3px;} .spoiler a {color:#BBBBBB;} .spoiler:hover a, .spoiler:active a, .spoiler-shown a {color:#2288CC;} .chat code, .chat .spoiler:hover code, .chat .spoiler:active code, .chat .spoiler-shown code {border:1px solid #C0C0C0;background:#EEEEEE;color:black;padding:0 2px;} .chat .spoiler code {border:1px solid #CCCCCC;background:#CCCCCC;color:#CCCCCC;} .battle-log .rated {padding:3px 4px;} .battle-log .rated strong {color:white;background:#89A;padding:1px 4px;border-radius:4px;} .spacer {margin-top:0.5em;} .message-announce {background:#6688AA;color:white;padding:1px 4px 2px;} .message-announce a, .broadcast-green a, .broadcast-blue a, .broadcast-red a {color:#DDEEFF;} .broadcast-green {background-color:#559955;color:white;padding:2px 4px;} .broadcast-blue {background-color:#6688AA;color:white;padding:2px 4px;} .infobox {border:1px solid #6688AA;padding:2px 4px;} .infobox-limited {max-height:200px;overflow:auto;overflow-x:hidden;} .broadcast-red {background-color:#AA5544;color:white;padding:2px 4px;} .message-learn-canlearn {font-weight:bold;color:#228822;text-decoration:underline;} .message-learn-cannotlearn {font-weight:bold;color:#CC2222;text-decoration:underline;} .message-effect-weak {font-weight:bold;color:#CC2222;} .message-effect-resist {font-weight:bold;color:#6688AA;} .message-effect-immune {font-weight:bold;color:#666666;} .message-learn-list {margin-top:0;margin-bottom:0;} .message-throttle-notice, .message-error {color:#992222;} .message-overflow, .chat small.message-overflow {font-size:0pt;} .message-overflow::before {font-size:9pt;content:'...';} .subtle {color:#3A4A66;}
</style>
<div class="wrapper replay-wrapper" style="max-width:1180px;margin:0 auto">
<input type="hidden" name="replayid" value="ru-509808048" />
<div class="battle"></div><div class="battle-log"></div><div class="replay-controls"></div><div class="replay-controls-2"></div>
<h1 style="font-weight:normal;text-align:center"><strong>RU</strong><br /><a href="http://pokemonshowdown.com/users/blackscizor84" class="subtle" target="_blank">BlackScizor84</a> vs. <a href="http://pokemonshowdown.com/users/whyamigoodman" class="subtle" target="_blank">whyamigoodman</a></h1>
<script type="text/plain" class="battle-log-data">|j|BlackScizor84
|j|whyamigoodman
|player|p1|BlackScizor84|266
|player|p2|whyamigoodman|1
|gametype|singles
|gen|6
|tier|RU
|rated
|seed|15034,23049,36910,21896
|rule|Sleep Clause Mod: Limit one foe put to sleep
|rule|Species Clause: Limit one of each Pokémon
|rule|OHKO Clause: OHKO moves are banned
|rule|Moody Clause: Moody is banned
|rule|Evasion Moves Clause: Evasion moves are banned
|rule|Endless Battle Clause: Forcing endless battles is banned
|rule|HP Percentage Mod: HP is shown in percentages
|clearpoke
|poke|p1|Venusaur, M|item
|poke|p1|Rhyperior, F|item
|poke|p1|Alomomola, F|item
|poke|p1|Delphox, M|item
|poke|p1|Hitmontop, M|item
|poke|p1|Aerodactyl, F|item
|poke|p2|Carvanha, M|item
|poke|p2|Golbat, F|item
|poke|p2|Magneton|item
|poke|p2|Cradily, M|item
|poke|p2|Gastrodon, M|item
|poke|p2|Meganium, M|item
|rule|Swagger Clause: Swagger is banned
|rule|Baton Pass Clause: Limit one Baton Passer, can't pass Spe and other stats simultaneously
|teampreview
|choice|team 4, team 2, team 3, team 1, team 5, team 6|team 4, team 2, team 3, team 1, team 5, team 6
|
|start
|switch|p1a: Delphox|Delphox, M|291\/291
|switch|p2a: Cradily|Cradily, M|375\/375
|-item|p2a: Cradily|Air Balloon
|turn|1
|choice|switch 5|move ancientpower
|
|switch|p1a: Hitmontop|Hitmontop, M|304\/304
|-ability|p1a: Hitmontop|Intimidate|boost
|-unboost|p2a: Cradily|atk|1
|move|p2a: Cradily|Ancient Power|p1a: Hitmontop
|-resisted|p1a: Hitmontop
|-crit|p1a: Hitmontop
|-damage|p1a: Hitmontop|263\/304
|
|-heal|p1a: Hitmontop|282\/304|[from] item: Leftovers
|upkeep
|turn|2
|choice|move closecombat|switch 5
|
|switch|p2a: Gastrodon|Gastrodon, M|425\/425
|move|p1a: Hitmontop|Close Combat|p2a: Gastrodon
|-damage|p2a: Gastrodon|311\/425
|-damage|p1a: Hitmontop|232\/304|[from] item: Rocky Helmet|[of] p2a: Gastrodon
|-unboost|p1a: Hitmontop|def|1
|-unboost|p1a: Hitmontop|spd|1
|
|-heal|p1a: Hitmontop|251\/304|[from] item: Leftovers
|upkeep
|turn|3
|choice|switch 4|move recover
|
|switch|p1a: Venusaur|Venusaur, M|307\/307
|move|p2a: Gastrodon|Recover|p2a: Gastrodon
|-heal|p2a: Gastrodon|425\/425
|
|upkeep
|turn|4
|choice|switch 5|switch 4
|
|switch|p1a: Delphox|Delphox, M|291\/291
|switch|p2a: Carvanha|Carvanha, M|231\/231
|
|upkeep
|turn|5
|choice|switch 4|move protect
|
|switch|p1a: Hitmontop|Hitmontop, M|251\/304
|-ability|p1a: Hitmontop|Intimidate|boost
|-unboost|p2a: Carvanha|atk|1
|move|p2a: Carvanha|Protect|p2a: Carvanha
|-fail|p2a: Carvanha
|
|-heal|p1a: Hitmontop|270\/304|[from] item: Leftovers
|-ability|p2a: Carvanha|Speed Boost|boost
|-boost|p2a: Carvanha|spe|1
|upkeep
|turn|6
|j|dattufucker
|choice|switch 4|move scald
|
|switch|p1a: Delphox|Delphox, M|291\/291
|move|p2a: Carvanha|Scald|p1a: Delphox
|-supereffective|p1a: Delphox
|-damage|p1a: Delphox|81\/291
|
|-ability|p2a: Carvanha|Speed Boost|boost
|-boost|p2a: Carvanha|spe|1
|upkeep
|turn|7
|c|★BlackScizor84|sharpedo jr. really?!
|choice|switch 5|move darkpulse
|
|switch|p1a: Venusaur|Venusaur, M|307\/307
|move|p2a: Carvanha|Dark Pulse|p1a: Venusaur
|-damage|p1a: Venusaur|202\/307
|
|-ability|p2a: Carvanha|Speed Boost|boost
|-boost|p2a: Carvanha|spe|1
|upkeep
|turn|8
|choice|move gigadrain|move darkpulse
|
|move|p2a: Carvanha|Dark Pulse|p1a: Venusaur
|-damage|p1a: Venusaur|97\/307
|cant|p1a: Venusaur|flinch
|
|-ability|p2a: Carvanha|Speed Boost|boost
|-boost|p2a: Carvanha|spe|1
|upkeep
|turn|9
|choice|switch 3|move darkpulse
|
|switch|p1a: Alomomola|Alomomola, F|501\/501
|move|p2a: Carvanha|Dark Pulse|p1a: Alomomola
|-damage|p1a: Alomomola|368\/501
|
|-heal|p1a: Alomomola|399\/501|[from] item: Leftovers
|-ability|p2a: Carvanha|Speed Boost|boost
|-boost|p2a: Carvanha|spe|1
|upkeep
|turn|10
|c|★BlackScizor84|GOD DAMN IT!
|choice|move scald|switch 6
|
|switch|p2a: Meganium|Meganium, M|364\/364
|move|p1a: Alomomola|Scald|p2a: Meganium
|-resisted|p2a: Meganium
|-damage|p2a: Meganium|349\/364
|
|-heal|p2a: Meganium|364\/364|[from] item: Leftovers
|-heal|p1a: Alomomola|430\/501|[from] item: Leftovers
|upkeep
|turn|11
|choice|move wish|switch 2
|
|switch|p2a: Golbat|Golbat, F|353\/353
|move|p1a: Alomomola|Wish|p1a: Alomomola
|
|-heal|p1a: Alomomola|461\/501|[from] item: Leftovers
|upkeep
|turn|12
|choice|switch 2|move toxic
|
|switch|p1a: Rhyperior|Rhyperior, F|434\/434
|move|p2a: Golbat|Toxic|p1a: Rhyperior
|-status|p1a: Rhyperior|tox
|
|-damage|p1a: Rhyperior|407\/434 tox|[from] psn
|upkeep
|turn|13
|choice|move stealthrock|switch 2
|
|switch|p2a: Meganium|Meganium, M|364\/364
|move|p1a: Rhyperior|Stealth Rock|p2a: Meganium
|-sidestart|p2: whyamigoodman|move: Stealth Rock
|
|-heal|p1a: Rhyperior|434\/434 tox|[from] item: Leftovers
|-damage|p1a: Rhyperior|380\/434 tox|[from] psn
|upkeep
|turn|14
|choice|switch 3|move gigadrain
|
|switch|p1a: Venusaur|Venusaur, M|97\/307
|move|p2a: Meganium|Giga Drain|p1a: Venusaur
|-resisted|p1a: Venusaur
|-damage|p1a: Venusaur|78\/307
|
|upkeep
|turn|15
|c| dattufucker|so why am i good , whats your first name man
|c| dattufucker|unless u r a spy
|c| dattufucker|and i cant know
|choice|switch 5|switch 6
|
|switch|p1a: Delphox|Delphox, M|81\/291
|switch|p2a: Carvanha|Carvanha, M|231\/231
|-damage|p2a: Carvanha|203\/231|[from] Stealth Rock
|
|upkeep
|turn|16
|choice|switch 2|move protect
|
|switch|p1a: Alomomola|Alomomola, F|501\/501
|move|p2a: Carvanha|Protect|p2a: Carvanha
|-fail|p2a: Carvanha
|
|-ability|p2a: Carvanha|Speed Boost|boost
|-boost|p2a: Carvanha|spe|1
|upkeep
|turn|17
|choice|move scald|switch 2
|
|switch|p2a: Golbat|Golbat, F|353\/353
|-damage|p2a: Golbat|265\/353|[from] Stealth Rock
|move|p1a: Alomomola|Scald|p2a: Golbat
|-damage|p2a: Golbat|235\/353
|
|upkeep
|turn|18
|choice|move scald|move toxic
|
|move|p2a: Golbat|Toxic|p1a: Alomomola
|-status|p1a: Alomomola|tox
|move|p1a: Alomomola|Scald|p2a: Golbat
|-damage|p2a: Golbat|210\/353
|-status|p2a: Golbat|brn
|
|-damage|p2a: Golbat|166\/353 brn|[from] brn
|-damage|p1a: Alomomola|470\/501 tox|[from] psn
|upkeep
|turn|19
|choice|move wish|move roost
|
|move|p2a: Golbat|Roost|p2a: Golbat
|-heal|p2a: Golbat|343\/353 brn
|move|p1a: Alomomola|Wish|p1a: Alomomola
|
|-heal|p1a: Alomomola|501\/501 tox|[from] item: Leftovers
|-damage|p2a: Golbat|299\/353 brn|[from] brn
|-damage|p1a: Alomomola|439\/501 tox|[from] psn
|upkeep
|turn|20
|choice|switch 2|move superfang
|
|switch|p1a: Delphox|Delphox, M|81\/291
|move|p2a: Golbat|Super Fang|p1a: Delphox
|-damage|p1a: Delphox|41\/291
|
|-heal|p1a: Delphox|291\/291|[from] move: Wish|[wisher] Alomomola
|-damage|p2a: Golbat|255\/353 brn|[from] brn
|upkeep
|turn|21
|choice|move psyshock|move toxic
|
|move|p1a: Delphox|Psyshock|p2a: Golbat
|-supereffective|p2a: Golbat
|-damage|p2a: Golbat|21\/353 brn
|move|p2a: Golbat|Toxic|p1a: Delphox
|-status|p1a: Delphox|tox
|
|-damage|p1a: Delphox|273\/291 tox|[from] psn
|-damage|p2a: Golbat|0 fnt|[from] brn
|upkeep
|faint|p2a: Golbat
|choice||switch 2
|
|switch|p2a: Carvanha|Carvanha, M|203\/231
|-damage|p2a: Carvanha|175\/231|[from] Stealth Rock
|turn|22
|choice|switch 2|move protect
|
|switch|p1a: Alomomola|Alomomola, F|501\/501 tox
|move|p2a: Carvanha|Protect|p2a: Carvanha
|-fail|p2a: Carvanha
|
|-damage|p1a: Alomomola|470\/501 tox|[from] psn
|-ability|p2a: Carvanha|Speed Boost|boost
|-boost|p2a: Carvanha|spe|1
|upkeep
|turn|23
|choice|move scald|move darkpulse
|
|move|p2a: Carvanha|Dark Pulse|p1a: Alomomola
|-damage|p1a: Alomomola|340\/501 tox
|cant|p1a: Alomomola|flinch
|
|-heal|p1a: Alomomola|371\/501 tox|[from] item: Leftovers
|-damage|p1a: Alomomola|309\/501 tox|[from] psn
|-ability|p2a: Carvanha|Speed Boost|boost
|-boost|p2a: Carvanha|spe|1
|upkeep
|turn|24
|c|★BlackScizor84|GOD DAMN IT!
|choice|switch 4|move darkpulse
|
|switch|p1a: Hitmontop|Hitmontop, M|270\/304
|-ability|p1a: Hitmontop|Intimidate|boost
|-unboost|p2a: Carvanha|atk|1
|move|p2a: Carvanha|Dark Pulse|p1a: Hitmontop
|-resisted|p1a: Hitmontop
|-crit|p1a: Hitmontop
|-damage|p1a: Hitmontop|205\/304
|
|-heal|p1a: Hitmontop|224\/304|[from] item: Leftovers
|-ability|p2a: Carvanha|Speed Boost|boost
|-boost|p2a: Carvanha|spe|1
|upkeep
|turn|25
|choice|move closecombat|move destinybond
|
|move|p2a: Carvanha|Destiny Bond|p2a: Carvanha
|-singlemove|p2a: Carvanha|Destiny Bond
|move|p1a: Hitmontop|Close Combat|p2a: Carvanha
|-supereffective|p2a: Carvanha
|-damage|p2a: Carvanha|0 fnt
|-unboost|p1a: Hitmontop|def|1
|-unboost|p1a: Hitmontop|spd|1
|faint|p2a: Carvanha
|-activate|p2a: Carvanha|move: Destiny Bond
|faint|p1a: Hitmontop
|
|upkeep
|choice|switch 4|switch 3
|
|switch|p2a: Magneton|Magneton|241\/241
|switch|p1a: Alomomola|Alomomola, F|476\/501 tox
|-damage|p2a: Magneton|226\/241|[from] Stealth Rock
|turn|26
|choice|switch 3|move thunderbolt
|
|switch|p1a: Rhyperior|Rhyperior, F|380\/434 tox
|move|p2a: Magneton|Thunderbolt|p1a: Rhyperior
|-immune|p1a: Rhyperior|[msg]
|
|-heal|p1a: Rhyperior|407\/434 tox|[from] item: Leftovers
|-damage|p1a: Rhyperior|380\/434 tox|[from] psn
|upkeep
|turn|27
|choice|switch 2|switch 6
|
|switch|p2a: Meganium|Meganium, M|364\/364
|-damage|p2a: Meganium|319\/364|[from] Stealth Rock
|switch|p1a: Delphox|Delphox, M|273\/291 tox
|
|-heal|p2a: Meganium|341\/364|[from] item: Leftovers
|-damage|p1a: Delphox|255\/291 tox|[from] psn
|upkeep
|turn|28
|choice|move fireblast|switch 5
|
|switch|p2a: Cradily|Cradily, M|375\/375
|-damage|p2a: Cradily|329\/375|[from] Stealth Rock
|-item|p2a: Cradily|Air Balloon
|move|p1a: Delphox|Fire Blast|p2a: Cradily
|-damage|p2a: Cradily|200\/375
|-enditem|p2a: Cradily|Air Balloon
|
|-damage|p1a: Delphox|219\/291 tox|[from] psn
|upkeep
|turn|29
|choice|switch 3|move recover
|
|switch|p1a: Alomomola|Alomomola, F|501\/501 tox
|move|p2a: Cradily|Recover|p2a: Cradily
|-heal|p2a: Cradily|375\/375
|
|-damage|p1a: Alomomola|470\/501 tox|[from] psn
|upkeep
|turn|30
|choice|move healingwish|move gigadrain
|
|move|p1a: Alomomola|Healing Wish|p1a: Alomomola
|faint|p1a: Alomomola
|move|p2a: Cradily|Giga Drain|p1: Alomomola|[notarget]
|-notarget
|
|upkeep
|choice|switch 5|
|
|switch|p1a: Venusaur|Venusaur, M|78\/307
|-heal|p1a: Venusaur|307\/307|[from] move: Healing Wish
|turn|31
|choice|switch 3|move ancientpower
|
|switch|p1a: Delphox|Delphox, M|219\/291 tox
|move|p2a: Cradily|Ancient Power|p1a: Delphox
|-supereffective|p1a: Delphox
|-damage|p1a: Delphox|109\/291 tox
|
|-damage|p1a: Delphox|91\/291 tox|[from] psn
|upkeep
|turn|32
|choice|move sunnyday|move ancientpower
|
|move|p1a: Delphox|Sunny Day|p1a: Delphox
|-weather|SunnyDay
|move|p2a: Cradily|Ancient Power|p1a: Delphox
|-supereffective|p1a: Delphox
|-damage|p1a: Delphox|0 fnt
|faint|p1a: Delphox
|
|-weather|SunnyDay|[upkeep]
|upkeep
|choice|switch 3|
|
|switch|p1a: Venusaur|Venusaur, M|307\/307
|turn|33
|choice|move growth|move ancientpower
|
|move|p1a: Venusaur|Growth|p1a: Venusaur
|-boost|p1a: Venusaur|atk|2
|-boost|p1a: Venusaur|spa|2
|move|p2a: Cradily|Ancient Power|p1a: Venusaur
|-damage|p1a: Venusaur|243\/307
|
|-weather|SunnyDay|[upkeep]
|upkeep
|turn|34
|choice|move gigadrain|move ancientpower
|
|move|p1a: Venusaur|Giga Drain|p2a: Cradily
|-damage|p2a: Cradily|172\/375
|-heal|p1a: Venusaur|307\/307|[from] drain|[of] p2a: Cradily
|-damage|p1a: Venusaur|277\/307|[from] item: Life Orb
|move|p2a: Cradily|Ancient Power|p1a: Venusaur
|-damage|p1a: Venusaur|219\/307
|-boost|p2a: Cradily|atk|1
|-boost|p2a: Cradily|def|1
|-boost|p2a: Cradily|spa|1
|-boost|p2a: Cradily|spd|1
|-boost|p2a: Cradily|spe|1
|
|-weather|SunnyDay|[upkeep]
|upkeep
|turn|35
|choice|move sludgebomb|move recover
|
|move|p1a: Venusaur|Sludge Bomb|p2a: Cradily
|-damage|p2a: Cradily|0 fnt
|-damage|p1a: Venusaur|189\/307|[from] item: Life Orb
|faint|p2a: Cradily
|
|-weather|SunnyDay|[upkeep]
|upkeep
|choice||switch 6
|
|switch|p2a: Magneton|Magneton|226\/241
|-damage|p2a: Magneton|211\/241|[from] Stealth Rock
|turn|36
|choice|move hiddenpower|move hiddenpower
|
|move|p1a: Venusaur|Hidden Power|p2a: Magneton
|-supereffective|p2a: Magneton
|-damage|p2a: Magneton|0 fnt
|-damage|p1a: Venusaur|159\/307|[from] item: Life Orb
|faint|p2a: Magneton
|
|-weather|SunnyDay|[upkeep]
|upkeep
|c|★whyamigoodman|gg
|-message|whyamigoodman forfeited.
|
|win|BlackScizor84
|player|p1
|player|p2
|l|whyamigoodman
|raw|BlackScizor84's rating: 1367 &rarr; <strong>1375<\/strong><br \/>(+8 for winning)
|raw|whyamigoodman's rating: 1122 &rarr; <strong>1112<\/strong><br \/>(-10 for losing)</script>
</div>
<div class="battle-log battle-log-inline"><div class="inner"><div class="battle-options"></div><div class="inner"><div class="chat"><small>BlackScizor84 joined.</small></div><div class="chat"><small>whyamigoodman joined.</small></div><div class=""><small>Format:</small> <br><strong>RU</strong></div><div class="rated"><strong>Rated battle</strong></div><div class=""><small><em>Sleep Clause Mod:</em> Limit one foe put to sleep</small></div><div class=""><small><em>Species Clause:</em> Limit one of each Pokémon</small></div><div class=""><small><em>OHKO Clause:</em> OHKO moves are banned</small></div><div class=""><small><em>Moody Clause:</em> Moody is banned</small></div><div class=""><small><em>Evasion Moves Clause:</em> Evasion moves are banned</small></div><div class=""><small><em>Endless Battle Clause:</em> Forcing endless battles is banned</small></div><div class=""><small><em>HP Percentage Mod:</em> HP is shown in percentages</small></div><div class=""><small><em>Swagger Clause:</em> Swagger is banned</small></div><div class=""><small><em>Baton Pass Clause:</em> Limit one Baton Passer, can't pass Spe and other stats simultaneously</small></div><div class="chat battle-history"><strong>BlackScizor84's team:</strong> <em style="color:#445566;display:block;">Venusaur / Rhyperior / Alomomola / Delphox / Hitmontop / Aerodactyl</em></div><div class="chat battle-history"><strong>whyamigoodman's team:</strong> <em style="color:#445566;display:block;">Carvanha / Golbat / Magneton / Cradily / Gastrodon / Meganium</em></div><div class="spacer battle-history"><br></div><div class="battle-history">Battle started between BlackScizor84 and whyamigoodman!<br></div><div class="spacer battle-history"><br></div><div class="battle-history">Go! <strong>Delphox</strong>!<br></div><div class="spacer battle-history"><br></div><div class="battle-history">whyamigoodman sent out <strong>Cradily</strong>!<br></div><div class="battle-history"><small>The opposing Cradily floats in the air with its Air Balloon!</small><br></div><div class="spacer battle-history"><br></div><h2 class="battle-history">Turn 1</h2><div class="spacer battle-history"><br></div><div class="battle-history">Delphox, come back!<br></div><div class="battle-history">Go! <strong>Hitmontop</strong>!<br></div><div class="battle-history"><small>[Hitmontop's Intimidate]</small><br></div><div class="battle-history"><small>The opposing Cradily's Attack fell!</small><br></div><div class="spacer battle-history"><br></div><div class="battle-history">The opposing Cradily used <strong>Ancient Power</strong>!<br></div><div class="battle-history"><small>It's not very effective...</small><br></div><div class="battle-history"><small>A critical hit!</small><br></div><div class="battle-history"><small>(Hitmontop lost <abbr title="−41/304">13.5%</abbr> of its health!)</small><br></div><div class="spacer battle-history"><br></div><div class="battle-history"><small>Hitmontop restored a little HP using its Leftovers!</small><br></div><div class="spacer battle-history"><br></div><h2 class="battle-history">Turn 2</h2><div class="spacer battle-history"><br></div><div class="battle-history">whyamigoodman withdrew Cradily!<br></div><div class="battle-history">whyamigoodman sent out <strong>Gastrodon</strong>!<br></div><div class="spacer battle-history"><br></div><div class="battle-history">Hitmontop used <strong>Close Combat</strong>!<br></div><div class="battle-history"><small>(The opposing Gastrodon lost <abbr title="−114/425">26.8%</abbr> of its health!)</small><br></div><div class="battle-history"><small>Hitmontop was hurt by the Rocky Helmet!</small><br></div><div class="battle-history"><small>Hitmontop's Defense fell!</small><br></div><div class="battle-history"><small>Hitmontop's Special Defense fell!</small><br></div><div class="spacer battle-history"><br></div><div class="battle-history"><small>Hitmontop restored a little HP using its Leftovers!</small><br></div><div class="spacer battle-history"><br></div><h2 class="battle-history">Turn 3</h2><div class="spacer battle-history"><br></div><div class="battle-history">Hitmontop, come back!<br></div><div class="battle-history">Go! <strong>Venusaur</strong>!<br></div><div class="spacer battle-history"><br></div><div class="battle-history">The opposing Gastrodon used <strong>Recover</strong>!<br></div><div class="battle-history"><small>The opposing Gastrodon restored its HP.</small><br></div><div class="spacer battle-history"><br></div><h2 class="battle-history">Turn 4</h2><div class="spacer battle-history"><br></div><div class="battle-history">Venusaur, come back!<br></div><div class="battle-history">Go! <strong>Delphox</strong>!<br></div><div class="spacer battle-history"><br></div><div class="battle-history">whyamigoodman withdrew Gastrodon!<br></div><div class="battle-history">whyamigoodman sent out <strong>Carvanha</strong>!<br></div><div class="spacer battle-history"><br></div><h2 class="battle-history">Turn 5</h2><div class="spacer battle-history"><br></div><div class="battle-history">Delphox, come back!<br></div><div class="battle-history">Go! <strong>Hitmontop</strong>!<br></div><div class="battle-history"><small>[Hitmontop's Intimidate]</small><br></div><div class="battle-history"><small>The opposing Carvanha's Attack fell!</small><br></div><div class="spacer battle-history"><br></div><div class="battle-history">The opposing Carvanha used <strong>Protect</strong>!<br></div><div class="battle-history"><small>But it failed!</small><br></div><div class="spacer battle-history"><br></div><div class="battle-history"><small>Hitmontop restored a little HP using its Leftovers!</small><br></div><div class="battle-history"><small>[The opposing Carvanha's Speed Boost]</small><br></div><div class="battle-history"><small>The opposing Carvanha's Speed rose!</small><br></div><div class="spacer battle-history"><br></div><h2 class="battle-history">Turn 6</h2><div class="chat"><small>dattufucker joined.</small></div><div class="spacer battle-history"><br></div><div class="battle-history">Hitmontop, come back!<br></div><div class="battle-history">Go! <strong>Delphox</strong>!<br></div><div class="spacer battle-history"><br></div><div class="battle-history">The opposing Carvanha used <strong>Scald</strong>!<br></div><div class="battle-history"><small>It's super effective!</small><br></div><div class="battle-history"><small>(Delphox lost <abbr title="−210/291">72.2%</abbr> of its health!)</small><br></div><div class="spacer battle-history"><br></div><div class="battle-history"><small>[The opposing Carvanha's Speed Boost]</small><br></div><div class="battle-history"><small>The opposing Carvanha's Speed rose!</small><br></div><div class="spacer battle-history"><br></div><h2 class="battle-history">Turn 7</h2><div class="chat chatmessage-blackscizor84"><strong style="color:hsl(203,67%,44.80439272390638%)"><small>★</small><span class="username" data-name="BlackScizor84">BlackScizor84</span>:</strong> <em>sharpedo jr. really?!</em></div><div class="spacer battle-history"><br></div><div class="battle-history">Delphox, come back!<br></div><div class="battle-history">Go! <strong>Venusaur</strong>!<br></div><div class="spacer battle-history"><br></div><div class="battle-history">The opposing Carvanha used <strong>Dark Pulse</strong>!<br></div><div class="battle-history"><small>(Venusaur lost <abbr title="−105/307">34.2%</abbr> of its health!)</small><br></div><div class="spacer battle-history"><br></div><div class="battle-history"><small>[The opposing Carvanha's Speed Boost]</small><br></div><div class="battle-history"><small>The opposing Carvanha's Speed rose!</small><br></div><div class="spacer battle-history"><br></div><h2 class="battle-history">Turn 8</h2><div class="spacer battle-history"><br></div><div class="battle-history">The opposing Carvanha used <strong>Dark Pulse</strong>!<br></div><div class="battle-history"><small>(Venusaur lost <abbr title="−105/307">34.2%</abbr> of its health!)</small><br></div><div class="spacer battle-history"><br></div><div class="battle-history">Venusaur flinched and couldn't move!<br></div><div class="spacer battle-history"><br></div><div class="battle-history"><small>[The opposing Carvanha's Speed Boost]</small><br></div><div class="battle-history"><small>The opposing Carvanha's Speed rose!</small><br></div><div class="spacer battle-history"><br></div><h2 class="battle-history">Turn 9</h2><div class="spacer battle-history"><br></div><div class="battle-history">Venusaur, come back!<br></div><div class="battle-history">Go! <strong>Alomomola</strong>!<br></div><div class="spacer battle-history"><br></div><div class="battle-history">The opposing Carvanha used <strong>Dark Pulse</strong>!<br></div><div class="battle-history"><small>(Alomomola lost <abbr title="−133/501">26.5%</abbr> of its health!)</small><br></div><div class="spacer battle-history"><br></div><div class="battle-history"><small>Alomomola restored a little HP using its Leftovers!</small><br></div><div class="battle-history"><small>[The opposing Carvanha's Speed Boost]</small><br></div><div class="battle-history"><small>The opposing Carvanha's Speed rose!</small><br></div><div class="spacer battle-history"><br></div><h2 class="battle-history">Turn 10</h2><div class="chat chatmessage-blackscizor84"><strong style="color:hsl(203,67%,44.80439272390638%)"><small>★</small><span class="username" data-name="BlackScizor84">BlackScizor84</span>:</strong> <em>GOD DAMN IT!</em></div><div class="spacer battle-history"><br></div><div class="battle-history">whyamigoodman withdrew Carvanha!<br></div><div class="battle-history">whyamigoodman sent out <strong>Meganium</strong>!<br></div><div class="spacer battle-history"><br></div><div class="battle-history">Alomomola used <strong>Scald</strong>!<br></div><div class="battle-history"><small>It's not very effective...</small><br></div><div class="battle-history"><small>(The opposing Meganium lost <abbr title="−15/364">4.1%</abbr> of its health!)</small><br></div><div class="spacer battle-history"><br></div><div class="battle-history"><small>The opposing Meganium restored a little HP using its Leftovers!</small><br></div><div class="battle-history"><small>Alomomola restored a little HP using its Leftovers!</small><br></div><div class="spacer battle-history"><br></div><h2 class="battle-history">Turn 11</h2><div class="spacer battle-history"><br></div><div class="battle-history">whyamigoodman withdrew Meganium!<br></div><div class="battle-history">whyamigoodman sent out <strong>Golbat</strong>!<br></div><div class="spacer battle-history"><br></div><div class="battle-history">Alomomola used <strong>Wish</strong>!<br></div><div class="spacer battle-history"><br></div><div class="battle-history"><small>Alomomola restored a little HP using its Leftovers!</small><br></div><div class="spacer battle-history"><br></div><h2 class="battle-history">Turn 12</h2><div class="spacer battle-history"><br></div><div class="battle-history">Alomomola, come back!<br></div><div class="battle-history">Go! <strong>Rhyperior</strong>!<br></div><div class="spacer battle-history"><br></div><div class="battle-history">The opposing Golbat used <strong>Toxic</strong>!<br></div><div class="battle-history"><small>Rhyperior was badly poisoned!</small><br></div><div class="spacer battle-history"><br></div><div class="battle-history"><small>Rhyperior was hurt by poison!</small><br></div><div class="spacer battle-history"><br></div><h2 class="battle-history">Turn 13</h2><div class="spacer battle-history"><br></div><div class="battle-history">whyamigoodman withdrew Golbat!<br></div><div class="battle-history">whyamigoodman sent out <strong>Meganium</strong>!<br></div><div class="spacer battle-history"><br></div><div class="battle-history">Rhyperior used <strong>Stealth Rock</strong>!<br></div><div class="battle-history"><small>Pointed stones float in the air around the opposing team!</small><br></div><div class="spacer battle-history"><br></div><div class="battle-history"><small>Rhyperior restored a little HP using its Leftovers!</small><br></div><div class="battle-history"><small>Rhyperior was hurt by poison!</small><br></div><div class="spacer battle-history"><br></div><h2 class="battle-history">Turn 14</h2><div class="spacer battle-history"><br></div><div class="battle-history">Rhyperior, come back!<br></div><div class="battle-history">Go! <strong>Venusaur</strong>!<br></div><div class="spacer battle-history"><br></div><div class="battle-history">The opposing Meganium used <strong>Giga Drain</strong>!<br></div><div class="battle-history"><small>It's not very effective...</small><br></div><div class="battle-history"><small>(Venusaur lost <abbr title="−19/307">6.2%</abbr> of its health!)</small><br></div><div class="spacer battle-history"><br></div><h2 class="battle-history">Turn 15</h2><div class="chat chatmessage-dattufucker"><strong style="color:hsl(331,57%,47%)"><small> </small><span class="username" data-name="dattufucker">dattufucker</span>:</strong> <em>so why am i good , whats your first name man</em></div><div class="chat chatmessage-dattufucker"><strong style="color:hsl(331,57%,47%)"><small> </small><span class="username" data-name="dattufucker">dattufucker</span>:</strong> <em>unless u r a spy</em></div><div class="chat chatmessage-dattufucker"><strong style="color:hsl(331,57%,47%)"><small> </small><span class="username" data-name="dattufucker">dattufucker</span>:</strong> <em>and i cant know</em></div><div class="spacer battle-history"><br></div><div class="battle-history">Venusaur, come back!<br></div><div class="battle-history">Go! <strong>Delphox</strong>!<br></div><div class="spacer battle-history"><br></div><div class="battle-history">whyamigoodman withdrew Meganium!<br></div><div class="battle-history">whyamigoodman sent out <strong>Carvanha</strong>!<br></div><div class="battle-history"><small>Pointed stones dug into the opposing Carvanha!</small><br></div><div class="spacer battle-history"><br></div><h2 class="battle-history">Turn 16</h2><div class="spacer battle-history"><br></div><div class="battle-history">Delphox, come back!<br></div><div class="battle-history">Go! <strong>Alomomola</strong>!<br></div><div class="spacer battle-history"><br></div><div class="battle-history">The opposing Carvanha used <strong>Protect</strong>!<br></div><div class="battle-history"><small>But it failed!</small><br></div><div class="spacer battle-history"><br></div><div class="battle-history"><small>[The opposing Carvanha's Speed Boost]</small><br></div><div class="battle-history"><small>The opposing Carvanha's Speed rose!</small><br></div><div class="spacer battle-history"><br></div><h2 class="battle-history">Turn 17</h2><div class="spacer battle-history"><br></div><div class="battle-history">whyamigoodman withdrew Carvanha!<br></div><div class="battle-history">whyamigoodman sent out <strong>Golbat</strong>!<br></div><div class="battle-history"><small>Pointed stones dug into the opposing Golbat!</small><br></div><div class="spacer battle-history"><br></div><div class="battle-history">Alomomola used <strong>Scald</strong>!<br></div><div class="battle-history"><small>(The opposing Golbat lost <abbr title="−30/353">8.5%</abbr> of its health!)</small><br></div><div class="spacer battle-history"><br></div><h2 class="battle-history">Turn 18</h2><div class="spacer battle-history"><br></div><div class="battle-history">The opposing Golbat used <strong>Toxic</strong>!<br></div><div class="battle-history"><small>Alomomola was badly poisoned!</small><br></div><div class="spacer battle-history"><br></div><div class="battle-history">Alomomola used <strong>Scald</strong>!<br></div><div class="battle-history"><small>(The opposing Golbat lost <abbr title="−25/353">7.1%</abbr> of its health!)</small><br></div><div class="battle-history"><small>The opposing Golbat was burned!</small><br></div><div class="spacer battle-history"><br></div><div class="battle-history"><small>The opposing Golbat was hurt by its burn!</small><br></div><div class="battle-history"><small>Alomomola was hurt by poison!</small><br></div><div class="spacer battle-history"><br></div><h2 class="battle-history">Turn 19</h2><div class="spacer battle-history"><br></div><div class="battle-history">The opposing Golbat used <strong>Roost</strong>!<br></div><div class="battle-history"><small>The opposing Golbat restored its HP.</small><br></div><div class="spacer battle-history"><br></div><div class="battle-history">Alomomola used <strong>Wish</strong>!<br></div><div class="spacer battle-history"><br></div><div class="battle-history"><small>Alomomola restored a little HP using its Leftovers!</small><br></div><div class="battle-history"><small>The opposing Golbat was hurt by its burn!</small><br></div><div class="battle-history"><small>Alomomola was hurt by poison!</small><br></div><div class="spacer battle-history"><br></div><h2 class="battle-history">Turn 20</h2><div class="spacer battle-history"><br></div><div class="battle-history">Alomomola, come back!<br></div><div class="battle-history">Go! <strong>Delphox</strong>!<br></div><div class="spacer battle-history"><br></div><div class="battle-history">The opposing Golbat used <strong>Super Fang</strong>!<br></div><div class="battle-history"><small>(Delphox lost <abbr title="−40/291">13.7%</abbr> of its health!)</small><br></div><div class="spacer battle-history"><br></div><div class="battle-history"><small>Alomomola's wish came true!</small><br></div><div class="battle-history"><small>The opposing Golbat was hurt by its burn!</small><br></div><div class="spacer battle-history"><br></div><h2 class="battle-history">Turn 21</h2><div class="spacer battle-history"><br></div><div class="battle-history">Delphox used <strong>Psyshock</strong>!<br></div><div class="battle-history"><small>It's super effective!</small><br></div><div class="battle-history"><small>(The opposing Golbat lost <abbr title="−234/353">66.3%</abbr> of its health!)</small><br></div><div class="spacer battle-history"><br></div><div class="battle-history">The opposing Golbat used <strong>Toxic</strong>!<br></div><div class="battle-history"><small>Delphox was badly poisoned!</small><br></div><div class="spacer battle-history"><br></div><div class="battle-history"><small>Delphox was hurt by poison!</small><br></div><div class="battle-history"><small>The opposing Golbat was hurt by its burn!</small><br></div><div class="spacer battle-history"><br></div><div class="battle-history">The opposing Golbat fainted!<br></div><div class="spacer battle-history"><br></div><div class="battle-history">whyamigoodman sent out <strong>Carvanha</strong>!<br></div><div class="battle-history"><small>Pointed stones dug into the opposing Carvanha!</small><br></div><div class="spacer battle-history"><br></div><h2 class="battle-history">Turn 22</h2><div class="spacer battle-history"><br></div><div class="battle-history">Delphox, come back!<br></div><div class="battle-history">Go! <strong>Alomomola</strong>!<br></div><div class="spacer battle-history"><br></div><div class="battle-history">The opposing Carvanha used <strong>Protect</strong>!<br></div><div class="battle-history"><small>But it failed!</small><br></div><div class="spacer battle-history"><br></div><div class="battle-history"><small>Alomomola was hurt by poison!</small><br></div><div class="battle-history"><small>[The opposing Carvanha's Speed Boost]</small><br></div><div class="battle-history"><small>The opposing Carvanha's Speed rose!</small><br></div><div class="spacer battle-history"><br></div><h2 class="battle-history">Turn 23</h2><div class="spacer battle-history"><br></div><div class="battle-history">The opposing Carvanha used <strong>Dark Pulse</strong>!<br></div><div class="battle-history"><small>(Alomomola lost <abbr title="−130/501">25.9%</abbr> of its health!)</small><br></div><div class="spacer battle-history"><br></div><div class="battle-history">Alomomola flinched and couldn't move!<br></div><div class="spacer battle-history"><br></div><div class="battle-history"><small>Alomomola restored a little HP using its Leftovers!</small><br></div><div class="battle-history"><small>Alomomola was hurt by poison!</small><br></div><div class="battle-history"><small>[The opposing Carvanha's Speed Boost]</small><br></div><div class="battle-history"><small>The opposing Carvanha's Speed rose!</small><br></div><div class="spacer battle-history"><br></div><h2 class="battle-history">Turn 24</h2><div class="chat chatmessage-blackscizor84"><strong style="color:hsl(203,67%,44.80439272390638%)"><small>★</small><span class="username" data-name="BlackScizor84">BlackScizor84</span>:</strong> <em>GOD DAMN IT!</em></div><div class="spacer battle-history"><br></div><div class="battle-history">Alomomola, come back!<br></div><div class="battle-history">Go! <strong>Hitmontop</strong>!<br></div><div class="battle-history"><small>[Hitmontop's Intimidate]</small><br></div><div class="battle-history"><small>The opposing Carvanha's Attack fell!</small><br></div><div class="spacer battle-history"><br></div><div class="battle-history">The opposing Carvanha used <strong>Dark Pulse</strong>!<br></div><div class="battle-history"><small>It's not very effective...</small><br></div><div class="battle-history"><small>A critical hit!</small><br></div><div class="battle-history"><small>(Hitmontop lost <abbr title="−65/304">21.4%</abbr> of its health!)</small><br></div><div class="spacer battle-history"><br></div><div class="battle-history"><small>Hitmontop restored a little HP using its Leftovers!</small><br></div><div class="battle-history"><small>[The opposing Carvanha's Speed Boost]</small><br></div><div class="battle-history"><small>The opposing Carvanha's Speed rose!</small><br></div><div class="spacer battle-history"><br></div><h2 class="battle-history">Turn 25</h2><div class="spacer battle-history"><br></div><div class="battle-history">The opposing Carvanha used <strong>Destiny Bond</strong>!<br></div><div class="battle-history">The opposing Carvanha is hoping to take its attacker down with it!<br></div><div class="spacer battle-history"><br></div><div class="battle-history">Hitmontop used <strong>Close Combat</strong>!<br></div><div class="battle-history"><small>It's super effective!</small><br></div><div class="battle-history"><small>(The opposing Carvanha lost <abbr title="−175/231">75.8%</abbr> of its health!)</small><br></div><div class="battle-history"><small>Hitmontop's Defense fell!</small><br></div><div class="battle-history"><small>Hitmontop's Special Defense fell!</small><br></div><div class="spacer battle-history"><br></div><div class="battle-history">The opposing Carvanha fainted!<br></div><div class="battle-history"><small>The opposing Carvanha took its attacker down with it!</small><br></div><div class="spacer battle-history"><br></div><div class="battle-history">Hitmontop fainted!<br></div><div class="spacer battle-history"><br></div><div class="battle-history">whyamigoodman sent out <strong>Magneton</strong>!<br></div><div class="spacer battle-history"><br></div><div class="battle-history">Go! <strong>Alomomola</strong>!<br></div><div class="battle-history"><small>Pointed stones dug into the opposing Magneton!</small><br></div><div class="spacer battle-history"><br></div><h2 class="battle-history">Turn 26</h2><div class="spacer battle-history"><br></div><div class="battle-history">Alomomola, come back!<br></div><div class="battle-history">Go! <strong>Rhyperior</strong>!<br></div><div class="spacer battle-history"><br></div><div class="battle-history">The opposing Magneton used <strong>Thunderbolt</strong>!<br></div><div class="battle-history"><small>It doesn't affect Rhyperior...</small><br></div><div class="spacer battle-history"><br></div><div class="battle-history"><small>Rhyperior restored a little HP using its Leftovers!</small><br></div><div class="battle-history"><small>Rhyperior was hurt by poison!</small><br></div><div class="spacer battle-history"><br></div><h2 class="battle-history">Turn 27</h2><div class="spacer battle-history"><br></div><div class="battle-history">whyamigoodman withdrew Magneton!<br></div><div class="battle-history">whyamigoodman sent out <strong>Meganium</strong>!<br></div><div class="battle-history"><small>Pointed stones dug into the opposing Meganium!</small><br></div><div class="spacer battle-history"><br></div><div class="battle-history">Rhyperior, come back!<br></div><div class="battle-history">Go! <strong>Delphox</strong>!<br></div><div class="spacer battle-history"><br></div><div class="battle-history"><small>The opposing Meganium restored a little HP using its Leftovers!</small><br></div><div class="battle-history"><small>Delphox was hurt by poison!</small><br></div><div class="spacer battle-history"><br></div><h2 class="battle-history">Turn 28</h2><div class="spacer battle-history"><br></div><div class="battle-history">whyamigoodman withdrew Meganium!<br></div><div class="battle-history">whyamigoodman sent out <strong>Cradily</strong>!<br></div><div class="battle-history"><small>Pointed stones dug into the opposing Cradily!</small><br></div><div class="battle-history"><small>The opposing Cradily floats in the air with its Air Balloon!</small><br></div><div class="spacer battle-history"><br></div><div class="battle-history">Delphox used <strong>Fire Blast</strong>!<br></div><div class="battle-history"><small>(The opposing Cradily lost <abbr title="−129/375">34.4%</abbr> of its health!)</small><br></div><div class="battle-history"><small>The opposing Cradily's Air Balloon popped!</small><br></div><div class="spacer battle-history"><br></div><div class="battle-history"><small>Delphox was hurt by poison!</small><br></div><div class="spacer battle-history"><br></div><h2 class="battle-history">Turn 29</h2><div class="spacer battle-history"><br></div><div class="battle-history">Delphox, come back!<br></div><div class="battle-history">Go! <strong>Alomomola</strong>!<br></div><div class="spacer battle-history"><br></div><div class="battle-history">The opposing Cradily used <strong>Recover</strong>!<br></div><div class="battle-history"><small>The opposing Cradily restored its HP.</small><br></div><div class="spacer battle-history"><br></div><div class="battle-history"><small>Alomomola was hurt by poison!</small><br></div><div class="spacer battle-history"><br></div><h2 class="battle-history">Turn 30</h2><div class="spacer battle-history"><br></div><div class="battle-history">Alomomola used <strong>Healing Wish</strong>!<br></div><div class="spacer battle-history"><br></div><div class="battle-history">Alomomola fainted!<br></div><div class="battle-history">The opposing Cradily used <strong>Giga Drain</strong>!<br></div><div class="battle-history"><small>But there was no target...</small><br></div><div class="spacer battle-history"><br></div><div class="battle-history">Go! <strong>Venusaur</strong>!<br></div><div class="battle-history"><small>The healing wish came true for Venusaur!</small><br></div><div class="spacer battle-history"><br></div><h2 class="battle-history">Turn 31</h2><div class="spacer battle-history"><br></div><div class="battle-history">Venusaur, come back!<br></div><div class="battle-history">Go! <strong>Delphox</strong>!<br></div><div class="spacer battle-history"><br></div><div class="battle-history">The opposing Cradily used <strong>Ancient Power</strong>!<br></div><div class="battle-history"><small>It's super effective!</small><br></div><div class="battle-history"><small>(Delphox lost <abbr title="−110/291">37.8%</abbr> of its health!)</small><br></div><div class="spacer battle-history"><br></div><div class="battle-history"><small>Delphox was hurt by poison!</small><br></div><div class="spacer battle-history"><br></div><h2 class="battle-history">Turn 32</h2><div class="spacer battle-history"><br></div><div class="battle-history">Delphox used <strong>Sunny Day</strong>!<br></div><div class="battle-history"><small>The sunlight turned harsh!</small><br></div><div class="spacer battle-history"><br></div><div class="battle-history">The opposing Cradily used <strong>Ancient Power</strong>!<br></div><div class="battle-history"><small>It's super effective!</small><br></div><div class="battle-history"><small>(Delphox lost <abbr title="−91/291">31.3%</abbr> of its health!)</small><br></div><div class="spacer battle-history"><br></div><div class="battle-history">Delphox fainted!<br></div><div class="spacer battle-history"><br></div><div class="battle-history"><small>(The sunlight is strong!)</small><br></div><div class="spacer battle-history"><br></div><div class="battle-history">Go! <strong>Venusaur</strong>!<br></div><div class="spacer battle-history"><br></div><h2 class="battle-history">Turn 33</h2><div class="spacer battle-history"><br></div><div class="battle-history">Venusaur used <strong>Growth</strong>!<br></div><div class="battle-history"><small>Venusaur's Attack rose sharply!</small><br></div><div class="battle-history"><small>Venusaur's Special Attack rose sharply!</small><br></div><div class="spacer battle-history"><br></div><div class="battle-history">The opposing Cradily used <strong>Ancient Power</strong>!<br></div><div class="battle-history"><small>(Venusaur lost <abbr title="−64/307">20.8%</abbr> of its health!)</small><br></div><div class="spacer battle-history"><br></div><div class="battle-history"><small>(The sunlight is strong!)</small><br></div><div class="spacer battle-history"><br></div><h2 class="battle-history">Turn 34</h2><div class="spacer battle-history"><br></div><div class="battle-history">Venusaur used <strong>Giga Drain</strong>!<br></div><div class="battle-history"><small>(The opposing Cradily lost <abbr title="−203/375">54.1%</abbr> of its health!)</small><br></div><div class="battle-history"><small>The opposing Cradily had its energy drained!</small><br></div><div class="battle-history"><small>Venusaur lost some of its HP!</small><br></div><div class="spacer battle-history"><br></div><div class="battle-history">The opposing Cradily used <strong>Ancient Power</strong>!<br></div><div class="battle-history"><small>(Venusaur lost <abbr title="−58/307">18.9%</abbr> of its health!)</small><br></div><div class="battle-history"><small>The opposing Cradily's Attack rose!</small><br></div><div class="battle-history"><small>The opposing Cradily's Defense rose!</small><br></div><div class="battle-history"><small>The opposing Cradily's Special Attack rose!</small><br></div><div class="battle-history"><small>The opposing Cradily's Special Defense rose!</small><br></div><div class="battle-history"><small>The opposing Cradily's Speed rose!</small><br></div><div class="spacer battle-history"><br></div><div class="battle-history"><small>(The sunlight is strong!)</small><br></div><div class="spacer battle-history"><br></div><h2 class="battle-history">Turn 35</h2><div class="spacer battle-history"><br></div><div class="battle-history">Venusaur used <strong>Sludge Bomb</strong>!<br></div><div class="battle-history"><small>(The opposing Cradily lost <abbr title="−172/375">45.9%</abbr> of its health!)</small><br></div><div class="battle-history"><small>Venusaur lost some of its HP!</small><br></div><div class="spacer battle-history"><br></div><div class="battle-history">The opposing Cradily fainted!<br></div><div class="spacer battle-history"><br></div><div class="battle-history"><small>(The sunlight is strong!)</small><br></div><div class="spacer battle-history"><br></div><div class="battle-history">whyamigoodman sent out <strong>Magneton</strong>!<br></div><div class="battle-history"><small>Pointed stones dug into the opposing Magneton!</small><br></div><div class="spacer battle-history"><br></div><h2 class="battle-history">Turn 36</h2><div class="spacer battle-history"><br></div><div class="battle-history">Venusaur used <strong>Hidden Power</strong>!<br></div><div class="battle-history"><small>It's super effective!</small><br></div><div class="battle-history"><small>(The opposing Magneton lost <abbr title="−211/241">87.6%</abbr> of its health!)</small><br></div><div class="battle-history"><small>Venusaur lost some of its HP!</small><br></div><div class="spacer battle-history"><br></div><div class="battle-history">The opposing Magneton fainted!<br></div><div class="spacer battle-history"><br></div><div class="battle-history"><small>(The sunlight is strong!)</small><br></div><div class="chat chatmessage-whyamigoodman"><strong style="color:hsl(95,56%,35%)"><small>★</small><span class="username" data-name="whyamigoodman">whyamigoodman</span>:</strong> <em>gg</em></div><div class="spacer battle-history"><br></div><div class="battle-history"><small>whyamigoodman forfeited.</small><br></div><div class="spacer battle-history"><br></div><div class="battle-history"><strong>BlackScizor84</strong> won the battle!<br></div><div class="chat"><small>whyamigoodman left.</small></div><div class="chat">BlackScizor84's rating: 1367 → <strong>1375</strong><br>(+8 for winning)</div><div class="chat">whyamigoodman's rating: 1122 → <strong>1112</strong><br>(-10 for losing)</div></div><div class="inner-preempt"></div></div></div>
</div>
<script>
let daily = Math.floor(Date.now()/1000/60/60/24);document.write('<script src="https://play.pokemonshowdown.com/js/replay-embed.js?version'+daily+'"></'+'script>');
</script>
