<!DOCTYPE html>
<meta charset="utf-8" />
<!-- version 1 -->
<title>RU replay: Kushalos vs. Eren.</title>
<style>
html,body {font-family:Verdana, sans-serif;font-size:10pt;margin:0;padding:0;}body{padding:12px 0;} .battle-log {font-family:Verdana, sans-serif;font-size:10pt;} .battle-log-inline {border:1px solid #AAAAAA;background:#EEF2F5;color:black;max-width:640px;margin:0 auto 80px;padding-bottom:5px;} .battle-log .inner {padding:4px 8px 0px 8px;} .battle-log .inner-preempt {padding:0 8px 4px 8px;} .battle-log .inner-after {margin-top:0.5em;} .battle-log h2 {margin:0.5em -8px;padding:4px 8px;border:1px solid #AAAAAA;background:#E0E7EA;border-left:0;border-right:0;font-family:Verdana, sans-serif;font-size:13pt;} .battle-log .chat {vertical-align:middle;padding:3px 0 3px 0;font-size:8pt;} .battle-log .chat strong {color:#40576A;} .battle-log .chat em {padding:1px 4px 1px 3px;color:#000000;font-style:normal;} .chat.mine {background:rgba(0,0,0,0.05);margin-left:-8px;margin-right:-8px;padding-left:8px;padding-right:8px;} .spoiler {color:#BBBBBB;background:#BBBBBB;padding:0px 3px;} .spoiler:hover, .spoiler:active, .spoiler-shown {color:#000000;background:#E2E2E2;padding:0px 3px;} .spoiler a {color:#BBBBBB;} .spoiler:hover a, .spoiler:active a, .spoiler-shown a {color:#2288CC;} .chat code, .chat .spoiler:hover code, .chat .spoiler:active code, .chat .spoiler-shown code {border:1px solid #C0C0C0;background:#EEEEEE;color:black;padding:0 2px;} .chat .spoiler code {border:1px solid #CCCCCC;background:#CCCCCC;color:#CCCCCC;} .battle-log .rated {padding:3px 4px;} .battle-log .rated strong {color:white;background:#89A;padding:1px 4px;border-radius:4px;} .spacer {margin-top:0.5em;} .message-announce {background:#6688AA;color:white;padding:1px 4px 2px;} .message-announce a, .broadcast-green a, .broadcast-blue a, .broadcast-red a {color:#DDEEFF;} .broadcast-green {background-color:#559955;color:white;padding:2px 4px;} .broadcast-blue {background-color:#6688AA;color:white;padding:2px 4px;} .infobox {border:1px solid #6688AA;padding:2px 4px;} .infobox-limited {max-height:200px;overflow:auto;overflow-x:hidden;} .broadcast-red {background-color:#AA5544;color:white;padding:2px 4px;} .message-learn-canlearn {font-weight:bold;color:#228822;text-decoration:underline;} .message-learn-cannotlearn {font-weight:bold;color:#CC2222;text-decoration:underline;} .message-effect-weak {font-weight:bold;color:#CC2222;} .message-effect-resist {font-weight:bold;color:#6688AA;} .message-effect-immune {font-weight:bold;color:#666666;} .message-learn-list {margin-top:0;margin-bottom:0;} .message-throttle-notice, .message-error {color:#992222;} .message-overflow, .chat small.message-overflow {font-size:0pt;} .message-overflow::before {font-size:9pt;content:'...';} .subtle {color:#3A4A66;}
</style>
<div class="wrapper replay-wrapper" style="max-width:1180px;margin:0 auto">
<input type="hidden" name="replayid" value="smogtours-ru-291898" />
<div class="battle"></div><div class="battle-log"></div><div class="replay-controls"></div><div class="replay-controls-2"></div>
<h1 style="font-weight:normal;text-align:center"><strong>RU</strong><br /><a href="http://pokemonshowdown.com/users/kushalos" class="subtle" target="_blank">Kushalos</a> vs. <a href="http://pokemonshowdown.com/users/eren" class="subtle" target="_blank">Eren.</a></h1>
<script type="text/plain" class="battle-log-data">|J|Kushalos
|J|Eren.
|player|p1|Kushalos|34
|teamsize|p1|6
|player|p2|Eren.|187
|teamsize|p2|6
|gametype|singles
|gen|6
|tier|RU
|seed|48987,32464,55512,43505
|rule|Sleep Clause Mod: Limit one foe put to sleep
|rule|Species Clause: Limit one of each Pokémon
|rule|OHKO Clause: OHKO moves are banned
|rule|Moody Clause: Moody is banned
|rule|Evasion Moves Clause: Evasion moves are banned
|rule|Endless Battle Clause: Forcing endless battles is banned
|rule|HP Percentage Mod: HP is shown in percentages
|clearpoke
|poke|p1|Diancie|item
|poke|p1|Alomomola, F|item
|poke|p1|Seismitoad, F|item
|poke|p1|Xatu, M|item
|poke|p1|Drapion, F|item
|poke|p1|Golbat, M|item
|poke|p2|Braviary, M|item
|poke|p2|Rotom-Mow|item
|poke|p2|Jellicent, F|item
|poke|p2|Garbodor, F|item
|poke|p2|Camerupt, M, shiny|item
|poke|p2|Sneasel, M|item
|rule|Swagger Clause: Swagger is banned
|rule|Baton Pass Clause: Limit one Baton Passer, can't pass Spe and other stats simultaneously
|teampreview
|J|kamisama_no49
|J|never gonna change
|J|TSR
|J|eifo
|J|passion キッス
|J|Abarame
|J|lax
|J|ThatRandomPerson42
|J|PetitEwok
|J|Ajna
|J|Dundies
|c|☆Eren.|hf dude
|c|+Ajna|love both of u
|c|+Ajna|gl guys
|J|irk'd
|c|+passion キッス|aw
|J|Feliburn
|c|+lax|hate both of u
|c|+lax|bad luck
|c|+passion キッス|ajna so nice ;w;
|L|irk'd
|c|+lax|to u both.
|L|Abarame
|c|+Feliburn|I need u kush
|J|irk'd
|c|+Dundies|wow kush new team??????
|c|+Dundies|nice!
|J|The Welsh Wall♪
|c|☆Kushalos|ty
|J|Just Random Nick
|J|lighthouses
|J|3d
|c|☆Kushalos|got cteamed
|c|☆Kushalos|with the rotom tho
|choice|team 6, team 2, team 3, team 4, team 5, team 1|team 5, team 2, team 3, team 4, team 1, team 6
|
|start
|switch|p1a: Golbat|Golbat, M|353\/353
|switch|p2a: untitled|Camerupt, M, shiny|281\/281
|turn|1
|J|Mr. Aldo
|c|+Dundies|shoulda used that
|c|+The Welsh Wall♪|i mean... 
|c|+Dundies|i just used
|choice|move toxic|move flamethrower mega
|
|detailschange|p2a: untitled|Camerupt-Mega, M, shiny
|-mega|p2a: untitled|Camerupt|Cameruptite
|move|p1a: Golbat|Toxic|p2a: untitled
|-status|p2a: untitled|tox
|move|p2a: untitled|Flamethrower|p1a: Golbat
|-damage|p1a: Golbat|196\/353
|
|-damage|p2a: untitled|264\/281 tox|[from] psn
|upkeep
|turn|2
|c|+Dundies|flash cannon sigi
|c|+Dundies|and it did nothing.
|choice|move roost|move stealthrock
|
|move|p1a: Golbat|Roost|p1a: Golbat
|-heal|p1a: Golbat|353\/353
|move|p2a: untitled|Stealth Rock|p1a: Golbat
|-sidestart|p1: Kushalos|move: Stealth Rock
|
|-damage|p2a: untitled|230\/281 tox|[from] psn
|upkeep
|turn|3
|choice|move defog|switch 3
|
|switch|p2a: idioteque|Jellicent, F|404\/404
|move|p1a: Golbat|Defog|p2a: idioteque
|-unboost|p2a: idioteque|evasion|1
|-sideend|p1: Kushalos|Stealth Rock|[from] move: Defog|[of] p1a: Golbat
|
|upkeep
|turn|4
|L|ThatRandomPerson42
|c|+Mr. Aldo|you didnt used it with an absol
|choice|move toxic|move taunt
|
|move|p1a: Golbat|Toxic|p2a: idioteque
|-status|p2a: idioteque|tox
|move|p2a: idioteque|Taunt|p1a: Golbat
|-start|p1a: Golbat|move: Taunt
|
|-damage|p2a: idioteque|379\/404 tox|[from] psn
|upkeep
|turn|5
|c|☆Eren.|jesus
|c|+lighthouses|looking grim
|c|+Ajna|well
|c|+Ajna|this was
|c|+Ajna|fun
|c|+Ajna|!
|choice|switch 2|move scald
|
|switch|p1a: Alomomola|Alomomola, F|501\/501
|move|p2a: idioteque|Scald|p1a: Alomomola
|-resisted|p1a: Alomomola
|-damage|p1a: Alomomola|450\/501
|-status|p1a: Alomomola|brn
|
|-heal|p1a: Alomomola|481\/501 brn|[from] item: Leftovers
|-damage|p2a: idioteque|329\/404 tox|[from] psn
|-damage|p1a: Alomomola|419\/501 brn|[from] brn
|upkeep
|turn|6
|J|el morrissey
|c|+Dundies|why is eren playing so good rn?
|J|Ninjacalibur~
|choice|move scald|switch 4
|
|switch|p2a: treefingers|Garbodor, F|363\/363
|move|p1a: Alomomola|Scald|p2a: treefingers
|-damage|p2a: treefingers|317\/363
|
|-heal|p2a: treefingers|339\/363|[from] item: Black Sludge
|-heal|p1a: Alomomola|450\/501 brn|[from] item: Leftovers
|-damage|p1a: Alomomola|388\/501 brn|[from] brn
|upkeep
|turn|7
|L|Mr. Aldo
|J|EviGaro
|L|Ninjacalibur~
|choice|switch 3|switch 2
|
|switch|p2a: optimistic|Rotom-Mow|241\/241
|switch|p1a: Seismitoad|Seismitoad, F|405\/405
|
|upkeep
|turn|8
|choice|switch 2|move leafstorm
|
|switch|p1a: Golbat|Golbat, M|353\/353
|move|p2a: optimistic|Leaf Storm|p1a: Golbat
|-resisted|p1a: Golbat
|-damage|p1a: Golbat|311\/353
|-unboost|p2a: optimistic|spa|2
|-damage|p2a: optimistic|217\/241|[from] item: Life Orb
|
|upkeep
|turn|9
|J|Mr. Aldo
|J|ThatRandomPerson42
|choice|move roost|move voltswitch
|
|move|p2a: optimistic|Volt Switch|p1a: Golbat
|-supereffective|p1a: Golbat
|-damage|p1a: Golbat|215\/353
|-damage|p2a: optimistic|193\/241|[from] item: Life Orb
|c|+Mr. Aldo|looking hella grimmy with this around
|choice||switch 6
|
|switch|p2a: kid a|Sneasel, M|251\/251
|move|p1a: Golbat|Roost|p1a: Golbat
|-heal|p1a: Golbat|353\/353
|
|upkeep
|turn|10
|J|Arifeen
|c|+Mr. Aldo|nvm
|choice|switch 6|move knockoff
|
|switch|p1a: Diancie|Diancie|304\/304
|move|p2a: kid a|Knock Off|p1a: Diancie
|-resisted|p1a: Diancie
|-damage|p1a: Diancie|252\/304
|-enditem|p1a: Diancie|Leftovers|[from] move: Knock Off|[of] p2a: kid a
|-damage|p2a: kid a|226\/251|[from] item: Life Orb
|
|upkeep
|turn|11
|c|+Mr. Aldo|well actually
|choice|move stealthrock|switch 3
|
|switch|p2a: untitled|Camerupt-Mega, M, shiny|230\/281 tox
|move|p1a: Diancie|Stealth Rock|p2a: untitled
|-sidestart|p2: Eren.|move: Stealth Rock
|
|-damage|p2a: untitled|213\/281 tox|[from] psn
|upkeep
|turn|12
|choice|switch 2|move stealthrock
|
|switch|p1a: Seismitoad|Seismitoad, F|405\/405
|move|p2a: untitled|Stealth Rock|p1a: Seismitoad
|-sidestart|p1: Kushalos|move: Stealth Rock
|
|-damage|p2a: untitled|179\/281 tox|[from] psn
|upkeep
|turn|13
|c|+Arifeen|Mr Aldo
|choice|move substitute|move earthpower
|
|move|p1a: Seismitoad|Substitute|p1a: Seismitoad
|-start|p1a: Seismitoad|Substitute
|-damage|p1a: Seismitoad|304\/405
|move|p2a: untitled|Earth Power|p1a: Seismitoad
|-end|p1a: Seismitoad|Substitute
|
|-heal|p1a: Seismitoad|329\/405|[from] item: Leftovers
|-damage|p2a: untitled|128\/281 tox|[from] psn
|upkeep
|turn|14
|choice|move earthquake|switch 6
|
|switch|p2a: optimistic|Rotom-Mow|193\/241
|-damage|p2a: optimistic|163\/241|[from] Stealth Rock
|move|p1a: Seismitoad|Earthquake|p2a: optimistic
|-immune|p2a: optimistic|[msg]|[from] ability: Levitate
|
|-heal|p1a: Seismitoad|354\/405|[from] item: Leftovers
|upkeep
|turn|15
|c|+Arifeen|Give sm cup
|c|+Mr. Aldo|yes
|c|+Mr. Aldo|on that
|choice|switch 6|move voltswitch
|
|switch|p1a: Golbat|Golbat, M|353\/353
|-damage|p1a: Golbat|265\/353|[from] Stealth Rock
|move|p2a: optimistic|Volt Switch|p1a: Golbat
|-supereffective|p1a: Golbat
|-damage|p1a: Golbat|93\/353
|-damage|p2a: optimistic|139\/241|[from] item: Life Orb
|choice||switch 3
|
|switch|p2a: kid a|Sneasel, M|226\/251
|-damage|p2a: kid a|164\/251|[from] Stealth Rock
|
|upkeep
|turn|16
|c|+Mr. Aldo|just saw the matchup done
|L|ThatRandomPerson42
|choice|switch 2|move pursuit
|
|-activate|p1a: Golbat|move: Pursuit
|move|p2a: kid a|Pursuit|p1a: Golbat|[from]Pursuit
|-damage|p1a: Golbat|0 fnt
|-damage|p2a: kid a|139\/251|[from] item: Life Orb
|faint|p1a: Golbat
|
|upkeep
|c|+Arifeen|Kush is so bad
|c|+Arifeen|Omy
|c|+Ajna|pppp
|choice|switch 5|
|
|switch|p1a: Drapion|Drapion, F|281\/281
|-damage|p1a: Drapion|246\/281|[from] Stealth Rock
|turn|17
|c|+Ajna|oooo**
|choice|move knockoff|switch 2
|
|switch|p2a: treefingers|Garbodor, F|339\/363
|-damage|p2a: treefingers|294\/363|[from] Stealth Rock
|move|p1a: Drapion|Knock Off|p2a: treefingers
|-damage|p2a: treefingers|152\/363
|-enditem|p2a: treefingers|Black Sludge|[from] move: Knock Off|[of] p1a: Drapion
|
|upkeep
|turn|18
|c|+lighthouses|masterfully played by the user with the bad alt
|choice|switch 4|move gunkshot
|
|switch|p1a: Xatu|Xatu, M|333\/333
|-damage|p1a: Xatu|250\/333|[from] Stealth Rock
|move|p2a: treefingers|Gunk Shot|p1a: Xatu
|-crit|p1a: Xatu
|-damage|p1a: Xatu|55\/333
|
|upkeep
|turn|19
|choice|move heatwave|move gunkshot
|
|move|p1a: Xatu|Heat Wave|p2a: treefingers
|-damage|p2a: treefingers|68\/363
|move|p2a: treefingers|Gunk Shot|p1a: Xatu
|-damage|p1a: Xatu|0 fnt
|faint|p1a: Xatu
|
|upkeep
|c|+Dundies|is he doin it.
|choice|switch 4|
|
|switch|p1a: Drapion|Drapion, F|246\/281
|-damage|p1a: Drapion|211\/281|[from] Stealth Rock
|turn|20
|c|+Arifeen|Kush
|c|+passion キッス|dam
|choice|move knockoff|move protect
|
|move|p2a: treefingers|Protect|p2a: treefingers
|-singleturn|p2a: treefingers|Protect
|move|p1a: Drapion|Knock Off|p2a: treefingers
|-activate|p2a: treefingers|move: Protect
|
|upkeep
|turn|21
|c|+Arifeen|KUSH
|c|☆Eren.|shoutouts
|c|☆Eren.|diogo
|c|☆Eren.|sama
|c|+passion キッス|slurmz looking like he is getting ghosted by me.
|c|☆Kushalos|what is it
|c|+Arifeen|Getting the dic
|c|+Arifeen|K
|choice|move knockoff|move spikes
|
|move|p1a: Drapion|Knock Off|p2a: treefingers
|-damage|p2a: treefingers|0 fnt
|-damage|p1a: Drapion|141\/281|[from] ability: Aftermath|[of] p2a: treefingers
|faint|p2a: treefingers
|
|upkeep
|c|+Dundies|arifeen
|c|+Dundies|for kush's sake
|choice||switch 6
|
|switch|p2a: untitled|Camerupt-Mega, M, shiny|128\/281 tox
|-damage|p2a: untitled|93\/281 tox|[from] Stealth Rock
|turn|22
|c|+Dundies|can you stfu
|c|☆Eren.|y
|c|+Arifeen|No
|c|+lighthouses|i read that as for fucks sake
|J|ThatRandomPerson42
|c|+lighthouses|that would have been
|c|+lighthouses|really rude
|c|+Dundies|no no no im a kind fella
|c|+EviGaro|Arifeen is already hard at work justifying his draft strategy
|L|Arifeen
|c|+Dundies|hello lighthouses aka teammate how are u
|c|+lighthouses|im good bro how about you
|c|+lighthouses|my mom\/bird\/anime character is doing fine as well
|choice|switch 6|move earthpower
|
|switch|p1a: Seismitoad|Seismitoad, F|354\/405
|-damage|p1a: Seismitoad|329\/405|[from] Stealth Rock
|move|p2a: untitled|Earth Power|p1a: Seismitoad
|-damage|p1a: Seismitoad|34\/405
|
|-heal|p1a: Seismitoad|59\/405|[from] item: Leftovers
|-damage|p2a: untitled|76\/281 tox|[from] psn
|upkeep
|turn|23
|L|ThatRandomPerson42
|choice|move earthquake|move earthpower
|
|move|p1a: Seismitoad|Earthquake|p2a: untitled
|-supereffective|p2a: untitled
|-damage|p2a: untitled|0 fnt
|faint|p2a: untitled
|
|-heal|p1a: Seismitoad|84\/405|[from] item: Leftovers
|upkeep
|choice||switch 2
|
|switch|p2a: kid a|Sneasel, M|139\/251
|-damage|p2a: kid a|77\/251|[from] Stealth Rock
|turn|24
|choice|switch 3|move knockoff
|
|switch|p1a: Alomomola|Alomomola, F|501\/501 brn
|-damage|p1a: Alomomola|439\/501 brn|[from] Stealth Rock
|move|p2a: kid a|Knock Off|p1a: Alomomola
|-damage|p1a: Alomomola|278\/501 brn
|-enditem|p1a: Alomomola|Leftovers|[from] move: Knock Off|[of] p2a: kid a
|-damage|p2a: kid a|52\/251|[from] item: Life Orb
|
|-damage|p1a: Alomomola|216\/501 brn|[from] brn
|upkeep
|turn|25
|J|Garay oak
|choice|move wish|switch 3
|
|switch|p2a: optimistic|Rotom-Mow|139\/241
|-damage|p2a: optimistic|109\/241|[from] Stealth Rock
|move|p1a: Alomomola|Wish|p1a: Alomomola
|
|-damage|p1a: Alomomola|154\/501 brn|[from] brn
|upkeep
|turn|26
|J|Arifeen
|choice|move protect|move thunderbolt
|
|move|p1a: Alomomola|Protect|p1a: Alomomola
|-singleturn|p1a: Alomomola|Protect
|move|p2a: optimistic|Thunderbolt|p1a: Alomomola
|-activate|p1a: Alomomola|move: Protect
|
|-heal|p1a: Alomomola|404\/501 brn|[from] move: Wish|[wisher] Alomomola
|-damage|p1a: Alomomola|342\/501 brn|[from] brn
|upkeep
|turn|27
|choice|switch 3|move thunderbolt
|
|switch|p1a: Seismitoad|Seismitoad, F|84\/405
|-damage|p1a: Seismitoad|59\/405|[from] Stealth Rock
|move|p2a: optimistic|Thunderbolt|p1a: Seismitoad
|-immune|p1a: Seismitoad|[msg]
|
|-heal|p1a: Seismitoad|84\/405|[from] item: Leftovers
|upkeep
|turn|28
|choice|move earthquake|move leafstorm
|
|move|p2a: optimistic|Leaf Storm|p1a: Seismitoad
|-supereffective|p1a: Seismitoad
|-damage|p1a: Seismitoad|0 fnt
|-unboost|p2a: optimistic|spa|2
|-damage|p2a: optimistic|85\/241|[from] item: Life Orb
|faint|p1a: Seismitoad
|
|upkeep
|choice|switch 6|
|
|switch|p1a: Drapion|Drapion, F|141\/281
|-damage|p1a: Drapion|106\/281|[from] Stealth Rock
|turn|29
|c|+lighthouses|missplay dude.
|choice|move knockoff|move voltswitch
|
|move|p1a: Drapion|Knock Off|p2a: optimistic
|-damage|p2a: optimistic|0 fnt
|-enditem|p2a: optimistic|Life Orb|[from] move: Knock Off|[of] p1a: Drapion
|faint|p2a: optimistic
|
|upkeep
|choice||switch 5
|
|switch|p2a: national anthem|Braviary, M|404\/404
|-damage|p2a: national anthem|303\/404|[from] Stealth Rock
|turn|30
|c|+Garay oak|Is this finals?
|c|☆Eren.|Semifinals
|c|+Mr. Aldo|semi finals
|c|+lighthouses|i believe its semis
|c|+lighthouses|yea
|c|+lighthouses|sniped
|choice|move knockoff|move bulkup
|
|move|p1a: Drapion|Knock Off|p2a: national anthem
|-crit|p2a: national anthem
|-damage|p2a: national anthem|0 fnt
|-enditem|p2a: national anthem|Leftovers|[from] move: Knock Off|[of] p1a: Drapion
|faint|p2a: national anthem
|
|upkeep
|c|+lighthouses|oof
|c|☆Eren.|ok
|c|+passion キッス|goat.
|choice||switch 4
|
|switch|p2a: idioteque|Jellicent, F|329\/404 tox
|-damage|p2a: idioteque|279\/404 tox|[from] Stealth Rock
|turn|31
|c|+Arifeen|YES
|c|+Garay oak|G1?
|c|+lighthouses|ya
|choice|move knockoff|move scald
|
|move|p1a: Drapion|Knock Off|p2a: idioteque
|-supereffective|p2a: idioteque
|-enditem|p2a: idioteque|Colbur Berry|[eat]
|-enditem|p2a: idioteque|Colbur Berry|[weaken]
|-damage|p2a: idioteque|117\/404 tox
|move|p2a: idioteque|Scald|p1a: Drapion
|-damage|p1a: Drapion|4\/281
|
|-damage|p2a: idioteque|92\/404 tox|[from] psn
|upkeep
|turn|32
|J|XXXKAMINARI
|choice|move knockoff|move recover
|
|move|p1a: Drapion|Knock Off|p2a: idioteque
|-supereffective|p2a: idioteque
|-damage|p2a: idioteque|0 fnt
|faint|p2a: idioteque
|
|upkeep
|c|☆Eren.|gg I suppose
|c|☆Kushalos|gg
|choice||switch 3
|
|switch|p2a: kid a|Sneasel, M|52\/251
|-damage|p2a: kid a|0 fnt|[from] Stealth Rock
|faint|p2a: kid a
|
|win|Kushalos</script>
</div>
<div class="battle-log battle-log-inline"><div class="inner"><div class="battle-options"></div><div class="inner"><div class=""><small>Format:</small> <br><strong>RU</strong></div><div class=""><small><em>Sleep Clause Mod:</em> Limit one foe put to sleep</small></div><div class=""><small><em>Species Clause:</em> Limit one of each Pokémon</small></div><div class=""><small><em>OHKO Clause:</em> OHKO moves are banned</small></div><div class=""><small><em>Moody Clause:</em> Moody is banned</small></div><div class=""><small><em>Evasion Moves Clause:</em> Evasion moves are banned</small></div><div class=""><small><em>Endless Battle Clause:</em> Forcing endless battles is banned</small></div><div class=""><small><em>HP Percentage Mod:</em> HP is shown in percentages</small></div><div class=""><small><em>Swagger Clause:</em> Swagger is banned</small></div><div class=""><small><em>Baton Pass Clause:</em> Limit one Baton Passer, can't pass Spe and other stats simultaneously</small></div><div class="chat battle-history"><strong>Kushalos's team:</strong> <em style="color:#445566;display:block;">Diancie / Alomomola / Seismitoad / Xatu / Drapion / Golbat</em></div><div class="chat battle-history"><strong>Eren.'s team:</strong> <em style="color:#445566;display:block;">Braviary / Rotom-Mow / Jellicent / Garbodor / Camerupt / Sneasel</em></div><div class="chat chatmessage-eren"><strong style="color:hsl(283,71%,48%)"><small>☆</small><span class="username" data-name="Eren.">Eren.</span>:</strong> <em>hf dude</em></div><div class="chat chatmessage-ajna"><strong style="color:hsl(16,65%,44.207154230337885%)"><small>+</small><span class="username" data-name="Ajna">Ajna</span>:</strong> <em>love both of u</em></div><div class="chat chatmessage-ajna"><strong style="color:hsl(16,65%,44.207154230337885%)"><small>+</small><span class="username" data-name="Ajna">Ajna</span>:</strong> <em>gl guys</em></div><div class="chat chatmessage-passion"><strong style="color:hsl(139,57%,31%)"><small>+</small><span class="username" data-name="passion キッス">passion キッス</span>:</strong> <em>aw</em></div><div class="chat chatmessage-lax"><strong style="color:hsl(177,74%,40.86308566089215%)"><small>+</small><span class="username" data-name="lax">lax</span>:</strong> <em>hate both of u</em></div><div class="chat chatmessage-lax"><strong style="color:hsl(177,74%,40.86308566089215%)"><small>+</small><span class="username" data-name="lax">lax</span>:</strong> <em>bad luck</em></div><div class="chat chatmessage-passion"><strong style="color:hsl(139,57%,31%)"><small>+</small><span class="username" data-name="passion キッス">passion キッス</span>:</strong> <em>ajna so nice ;w;</em></div><div class="chat chatmessage-lax"><strong style="color:hsl(177,74%,40.86308566089215%)"><small>+</small><span class="username" data-name="lax">lax</span>:</strong> <em>to u both.</em></div><div class="chat chatmessage-feliburn"><strong style="color:hsl(59,89%,31.085366448508736%)"><small>+</small><span class="username" data-name="Feliburn">Feliburn</span>:</strong> <em>I need u kush</em></div><div class="chat chatmessage-dundies"><strong style="color:hsl(218,48%,51.92178491239487%)"><small>+</small><span class="username" data-name="Dundies">Dundies</span>:</strong> <em>wow kush new team??????</em></div><div class="chat chatmessage-dundies"><strong style="color:hsl(218,48%,51.92178491239487%)"><small>+</small><span class="username" data-name="Dundies">Dundies</span>:</strong> <em>nice!</em></div><div class="chat chatmessage-kushalos"><strong style="color:hsl(241,86%,63.275220778172695%)"><small>☆</small><span class="username" data-name="Kushalos">Kushalos</span>:</strong> <em>ty</em></div><div class="chat chatmessage-kushalos"><strong style="color:hsl(241,86%,63.275220778172695%)"><small>☆</small><span class="username" data-name="Kushalos">Kushalos</span>:</strong> <em>got cteamed</em></div><div class="chat chatmessage-kushalos"><strong style="color:hsl(241,86%,63.275220778172695%)"><small>☆</small><span class="username" data-name="Kushalos">Kushalos</span>:</strong> <em>with the rotom tho</em></div><div class="spacer battle-history"><br></div><div class="battle-history">Battle started between Kushalos and Eren.!<br></div><div class="spacer battle-history"><br></div><div class="battle-history">Go! <strong>Golbat</strong>!<br></div><div class="spacer battle-history"><br></div><div class="battle-history">Eren. sent out untitled (<strong>Camerupt</strong>)!<br></div><div class="spacer battle-history"><br></div><h2 class="battle-history">Turn 1</h2><div class="chat chatmessage-dundies"><strong style="color:hsl(218,48%,51.92178491239487%)"><small>+</small><span class="username" data-name="Dundies">Dundies</span>:</strong> <em>shoulda used that</em></div><div class="chat chatmessage-thewelshwall"><strong style="color:hsl(358,87%,41.640571185818075%)"><small>+</small><span class="username" data-name="The Welsh Wall♪">The Welsh Wall♪</span>:</strong> <em>i mean... </em></div><div class="chat chatmessage-dundies"><strong style="color:hsl(218,48%,51.92178491239487%)"><small>+</small><span class="username" data-name="Dundies">Dundies</span>:</strong> <em>i just used</em></div><div class="spacer battle-history"><br></div><div class="battle-history"><small>The opposing untitled's Cameruptite is reacting to Eren.'s Mega Bracelet!</small><br>The opposing untitled has Mega Evolved into Mega Camerupt!<br></div><div class="spacer battle-history"><br></div><div class="battle-history">Golbat used <strong>Toxic</strong>!<br></div><div class="battle-history"><small>The opposing untitled was badly poisoned!</small><br></div><div class="spacer battle-history"><br></div><div class="battle-history">The opposing untitled used <strong>Flamethrower</strong>!<br></div><div class="battle-history"><small>(Golbat lost <abbr title="−157/353">44.5%</abbr> of its health!)</small><br></div><div class="spacer battle-history"><br></div><div class="battle-history"><small>The opposing untitled was hurt by poison!</small><br></div><div class="spacer battle-history"><br></div><h2 class="battle-history">Turn 2</h2><div class="chat chatmessage-dundies"><strong style="color:hsl(218,48%,51.92178491239487%)"><small>+</small><span class="username" data-name="Dundies">Dundies</span>:</strong> <em>flash cannon sigi</em></div><div class="chat chatmessage-dundies"><strong style="color:hsl(218,48%,51.92178491239487%)"><small>+</small><span class="username" data-name="Dundies">Dundies</span>:</strong> <em>and it did nothing.</em></div><div class="spacer battle-history"><br></div><div class="battle-history">Golbat used <strong>Roost</strong>!<br></div><div class="battle-history"><small>Golbat restored its HP.</small><br></div><div class="spacer battle-history"><br></div><div class="battle-history">The opposing untitled used <strong>Stealth Rock</strong>!<br></div><div class="battle-history"><small>Pointed stones float in the air around your team!</small><br></div><div class="spacer battle-history"><br></div><div class="battle-history"><small>The opposing untitled was hurt by poison!</small><br></div><div class="spacer battle-history"><br></div><h2 class="battle-history">Turn 3</h2><div class="spacer battle-history"><br></div><div class="battle-history">Eren. withdrew untitled!<br></div><div class="battle-history">Eren. sent out idioteque (<strong>Jellicent</strong>)!<br></div><div class="spacer battle-history"><br></div><div class="battle-history">Golbat used <strong>Defog</strong>!<br></div><div class="battle-history"><small>The opposing idioteque's evasiveness fell!</small><br></div><div class="battle-history"><small>The pointed stones disappeared from around your team!</small><br></div><div class="spacer battle-history"><br></div><h2 class="battle-history">Turn 4</h2><div class="chat chatmessage-mraldo"><strong style="color:hsl(234,45%,61.885059011812395%)"><small>+</small><span class="username" data-name="Mr. Aldo">Mr. Aldo</span>:</strong> <em>you didnt used it with an absol</em></div><div class="spacer battle-history"><br></div><div class="battle-history">Golbat used <strong>Toxic</strong>!<br></div><div class="battle-history"><small>The opposing idioteque was badly poisoned!</small><br></div><div class="spacer battle-history"><br></div><div class="battle-history">The opposing idioteque used <strong>Taunt</strong>!<br></div><div class="battle-history"><small>Golbat fell for the taunt!</small><br></div><div class="spacer battle-history"><br></div><div class="battle-history"><small>The opposing idioteque was hurt by poison!</small><br></div><div class="spacer battle-history"><br></div><h2 class="battle-history">Turn 5</h2><div class="chat chatmessage-eren"><strong style="color:hsl(283,71%,48%)"><small>☆</small><span class="username" data-name="Eren.">Eren.</span>:</strong> <em>jesus</em></div><div class="chat chatmessage-lighthouses"><strong style="color:hsl(320,49%,50.56078876181623%)"><small>+</small><span class="username" data-name="lighthouses">lighthouses</span>:</strong> <em>looking grim</em></div><div class="chat chatmessage-ajna"><strong style="color:hsl(16,65%,44.207154230337885%)"><small>+</small><span class="username" data-name="Ajna">Ajna</span>:</strong> <em>well</em></div><div class="chat chatmessage-ajna"><strong style="color:hsl(16,65%,44.207154230337885%)"><small>+</small><span class="username" data-name="Ajna">Ajna</span>:</strong> <em>this was</em></div><div class="chat chatmessage-ajna"><strong style="color:hsl(16,65%,44.207154230337885%)"><small>+</small><span class="username" data-name="Ajna">Ajna</span>:</strong> <em>fun</em></div><div class="chat chatmessage-ajna"><strong style="color:hsl(16,65%,44.207154230337885%)"><small>+</small><span class="username" data-name="Ajna">Ajna</span>:</strong> <em>!</em></div><div class="spacer battle-history"><br></div><div class="battle-history">Golbat, come back!<br></div><div class="battle-history">Go! <strong>Alomomola</strong>!<br></div><div class="spacer battle-history"><br></div><div class="battle-history">The opposing idioteque used <strong>Scald</strong>!<br></div><div class="battle-history"><small>It's not very effective...</small><br></div><div class="battle-history"><small>(Alomomola lost <abbr title="−51/501">10.2%</abbr> of its health!)</small><br></div><div class="battle-history"><small>Alomomola was burned!</small><br></div><div class="spacer battle-history"><br></div><div class="battle-history"><small>Alomomola restored a little HP using its Leftovers!</small><br></div><div class="battle-history"><small>The opposing idioteque was hurt by poison!</small><br></div><div class="battle-history"><small>Alomomola was hurt by its burn!</small><br></div><div class="spacer battle-history"><br></div><h2 class="battle-history">Turn 6</h2><div class="chat chatmessage-dundies"><strong style="color:hsl(218,48%,51.92178491239487%)"><small>+</small><span class="username" data-name="Dundies">Dundies</span>:</strong> <em>why is eren playing so good rn?</em></div><div class="spacer battle-history"><br></div><div class="battle-history">Eren. withdrew idioteque!<br></div><div class="battle-history">Eren. sent out treefingers (<strong>Garbodor</strong>)!<br></div><div class="spacer battle-history"><br></div><div class="battle-history">Alomomola used <strong>Scald</strong>!<br></div><div class="battle-history"><small>(The opposing treefingers lost <abbr title="−46/363">12.7%</abbr> of its health!)</small><br></div><div class="spacer battle-history"><br></div><div class="battle-history"><small>The opposing treefingers restored a little HP using its Black Sludge!</small><br></div><div class="battle-history"><small>Alomomola restored a little HP using its Leftovers!</small><br></div><div class="battle-history"><small>Alomomola was hurt by its burn!</small><br></div><div class="spacer battle-history"><br></div><h2 class="battle-history">Turn 7</h2><div class="spacer battle-history"><br></div><div class="battle-history">Eren. withdrew treefingers!<br></div><div class="battle-history">Eren. sent out optimistic (<strong>Rotom-Mow</strong>)!<br></div><div class="spacer battle-history"><br></div><div class="battle-history">Alomomola, come back!<br></div><div class="battle-history">Go! <strong>Seismitoad</strong>!<br></div><div class="spacer battle-history"><br></div><h2 class="battle-history">Turn 8</h2><div class="spacer battle-history"><br></div><div class="battle-history">Seismitoad, come back!<br></div><div class="battle-history">Go! <strong>Golbat</strong>!<br></div><div class="spacer battle-history"><br></div><div class="battle-history">The opposing optimistic used <strong>Leaf Storm</strong>!<br></div><div class="battle-history"><small>It's not very effective...</small><br></div><div class="battle-history"><small>(Golbat lost <abbr title="−42/353">11.9%</abbr> of its health!)</small><br></div><div class="battle-history"><small>The opposing optimistic's Special Attack fell harshly!</small><br></div><div class="battle-history"><small>The opposing optimistic lost some of its HP!</small><br></div><div class="spacer battle-history"><br></div><h2 class="battle-history">Turn 9</h2><div class="spacer battle-history"><br></div><div class="battle-history">The opposing optimistic used <strong>Volt Switch</strong>!<br></div><div class="battle-history"><small>It's super effective!</small><br></div><div class="battle-history"><small>(Golbat lost <abbr title="−96/353">27.2%</abbr> of its health!)</small><br></div><div class="battle-history"><small>The opposing optimistic lost some of its HP!</small><br></div><div class="chat chatmessage-mraldo"><strong style="color:hsl(234,45%,61.885059011812395%)"><small>+</small><span class="username" data-name="Mr. Aldo">Mr. Aldo</span>:</strong> <em>looking hella grimmy with this around</em></div><div class="spacer battle-history"><br></div><div class="battle-history">The opposing optimistic went back to Eren.!<br></div><div class="battle-history">Eren. sent out kid a (<strong>Sneasel</strong>)!<br></div><div class="spacer battle-history"><br></div><div class="battle-history">Golbat used <strong>Roost</strong>!<br></div><div class="battle-history"><small>Golbat restored its HP.</small><br></div><div class="spacer battle-history"><br></div><h2 class="battle-history">Turn 10</h2><div class="chat chatmessage-mraldo"><strong style="color:hsl(234,45%,61.885059011812395%)"><small>+</small><span class="username" data-name="Mr. Aldo">Mr. Aldo</span>:</strong> <em>nvm</em></div><div class="spacer battle-history"><br></div><div class="battle-history">Golbat, come back!<br></div><div class="battle-history">Go! <strong>Diancie</strong>!<br></div><div class="spacer battle-history"><br></div><div class="battle-history">The opposing kid a used <strong>Knock Off</strong>!<br></div><div class="battle-history"><small>It's not very effective...</small><br></div><div class="battle-history"><small>(Diancie lost <abbr title="−52/304">17.1%</abbr> of its health!)</small><br></div><div class="battle-history"><small>The opposing kid a knocked off Diancie's Leftovers!</small><br></div><div class="battle-history"><small>The opposing kid a lost some of its HP!</small><br></div><div class="spacer battle-history"><br></div><h2 class="battle-history">Turn 11</h2><div class="chat chatmessage-mraldo"><strong style="color:hsl(234,45%,61.885059011812395%)"><small>+</small><span class="username" data-name="Mr. Aldo">Mr. Aldo</span>:</strong> <em>well actually</em></div><div class="spacer battle-history"><br></div><div class="battle-history">Eren. withdrew kid a!<br></div><div class="battle-history">Eren. sent out untitled (<strong>Camerupt-Mega</strong>)!<br></div><div class="spacer battle-history"><br></div><div class="battle-history">Diancie used <strong>Stealth Rock</strong>!<br></div><div class="battle-history"><small>Pointed stones float in the air around the opposing team!</small><br></div><div class="spacer battle-history"><br></div><div class="battle-history"><small>The opposing untitled was hurt by poison!</small><br></div><div class="spacer battle-history"><br></div><h2 class="battle-history">Turn 12</h2><div class="spacer battle-history"><br></div><div class="battle-history">Diancie, come back!<br></div><div class="battle-history">Go! <strong>Seismitoad</strong>!<br></div><div class="spacer battle-history"><br></div><div class="battle-history">The opposing untitled used <strong>Stealth Rock</strong>!<br></div><div class="battle-history"><small>Pointed stones float in the air around your team!</small><br></div><div class="spacer battle-history"><br></div><div class="battle-history"><small>The opposing untitled was hurt by poison!</small><br></div><div class="spacer battle-history"><br></div><h2 class="battle-history">Turn 13</h2><div class="chat chatmessage-arifeen"><strong style="color:hsl(351,68%,47.77101180383878%)"><small>+</small><span class="username" data-name="Arifeen">Arifeen</span>:</strong> <em>Mr Aldo</em></div><div class="spacer battle-history"><br></div><div class="battle-history">Seismitoad used <strong>Substitute</strong>!<br></div><div class="battle-history"><small>Seismitoad put in a substitute!</small><br></div><div class="battle-history"><small>(Seismitoad lost <abbr title="−101/405">24.9%</abbr> of its health!)</small><br></div><div class="spacer battle-history"><br></div><div class="battle-history">The opposing untitled used <strong>Earth Power</strong>!<br></div><div class="battle-history"><small>Seismitoad's substitute faded!</small><br></div><div class="spacer battle-history"><br></div><div class="battle-history"><small>Seismitoad restored a little HP using its Leftovers!</small><br></div><div class="battle-history"><small>The opposing untitled was hurt by poison!</small><br></div><div class="spacer battle-history"><br></div><h2 class="battle-history">Turn 14</h2><div class="spacer battle-history"><br></div><div class="battle-history">Eren. withdrew untitled!<br></div><div class="battle-history">Eren. sent out optimistic (<strong>Rotom-Mow</strong>)!<br></div><div class="battle-history"><small>Pointed stones dug into the opposing optimistic!</small><br></div><div class="spacer battle-history"><br></div><div class="battle-history">Seismitoad used <strong>Earthquake</strong>!<br></div><div class="battle-history"><small>[The opposing optimistic's Levitate]</small><br><small>It doesn't affect the opposing optimistic...</small><br></div><div class="spacer battle-history"><br></div><div class="battle-history"><small>Seismitoad restored a little HP using its Leftovers!</small><br></div><div class="spacer battle-history"><br></div><h2 class="battle-history">Turn 15</h2><div class="chat chatmessage-arifeen"><strong style="color:hsl(351,68%,47.77101180383878%)"><small>+</small><span class="username" data-name="Arifeen">Arifeen</span>:</strong> <em>Give sm cup</em></div><div class="chat chatmessage-mraldo"><strong style="color:hsl(234,45%,61.885059011812395%)"><small>+</small><span class="username" data-name="Mr. Aldo">Mr. Aldo</span>:</strong> <em>yes</em></div><div class="chat chatmessage-mraldo"><strong style="color:hsl(234,45%,61.885059011812395%)"><small>+</small><span class="username" data-name="Mr. Aldo">Mr. Aldo</span>:</strong> <em>on that</em></div><div class="spacer battle-history"><br></div><div class="battle-history">Seismitoad, come back!<br></div><div class="battle-history">Go! <strong>Golbat</strong>!<br></div><div class="battle-history"><small>Pointed stones dug into Golbat!</small><br></div><div class="spacer battle-history"><br></div><div class="battle-history">The opposing optimistic used <strong>Volt Switch</strong>!<br></div><div class="battle-history"><small>It's super effective!</small><br></div><div class="battle-history"><small>(Golbat lost <abbr title="−172/353">48.7%</abbr> of its health!)</small><br></div><div class="battle-history"><small>The opposing optimistic lost some of its HP!</small><br></div><div class="spacer battle-history"><br></div><div class="battle-history">The opposing optimistic went back to Eren.!<br></div><div class="battle-history">Eren. sent out kid a (<strong>Sneasel</strong>)!<br></div><div class="battle-history"><small>Pointed stones dug into the opposing kid a!</small><br></div><div class="spacer battle-history"><br></div><h2 class="battle-history">Turn 16</h2><div class="chat chatmessage-mraldo"><strong style="color:hsl(234,45%,61.885059011812395%)"><small>+</small><span class="username" data-name="Mr. Aldo">Mr. Aldo</span>:</strong> <em>just saw the matchup done</em></div><div class="spacer battle-history"><br></div><div class="battle-history"><small>(Golbat is being withdrawn...)</small><br></div><div class="spacer battle-history"><br></div><div class="battle-history">The opposing kid a used <strong>Pursuit</strong>!<br></div><div class="battle-history"><small>(Golbat lost <abbr title="−93/353">26.3%</abbr> of its health!)</small><br></div><div class="battle-history"><small>The opposing kid a lost some of its HP!</small><br></div><div class="spacer battle-history"><br></div><div class="battle-history">Golbat fainted!<br></div><div class="chat chatmessage-arifeen"><strong style="color:hsl(351,68%,47.77101180383878%)"><small>+</small><span class="username" data-name="Arifeen">Arifeen</span>:</strong> <em>Kush is so bad</em></div><div class="chat chatmessage-arifeen"><strong style="color:hsl(351,68%,47.77101180383878%)"><small>+</small><span class="username" data-name="Arifeen">Arifeen</span>:</strong> <em>Omy</em></div><div class="chat chatmessage-ajna"><strong style="color:hsl(16,65%,44.207154230337885%)"><small>+</small><span class="username" data-name="Ajna">Ajna</span>:</strong> <em>pppp</em></div><div class="spacer battle-history"><br></div><div class="battle-history">Go! <strong>Drapion</strong>!<br></div><div class="battle-history"><small>Pointed stones dug into Drapion!</small><br></div><div class="spacer battle-history"><br></div><h2 class="battle-history">Turn 17</h2><div class="chat chatmessage-ajna"><strong style="color:hsl(16,65%,44.207154230337885%)"><small>+</small><span class="username" data-name="Ajna">Ajna</span>:</strong> <em>oooo**</em></div><div class="spacer battle-history"><br></div><div class="battle-history">Eren. withdrew kid a!<br></div><div class="battle-history">Eren. sent out treefingers (<strong>Garbodor</strong>)!<br></div><div class="battle-history"><small>Pointed stones dug into the opposing treefingers!</small><br></div><div class="spacer battle-history"><br></div><div class="battle-history">Drapion used <strong>Knock Off</strong>!<br></div><div class="battle-history"><small>(The opposing treefingers lost <abbr title="−142/363">39.1%</abbr> of its health!)</small><br></div><div class="battle-history"><small>Drapion knocked off the opposing treefingers's Black Sludge!</small><br></div><div class="spacer battle-history"><br></div><h2 class="battle-history">Turn 18</h2><div class="chat chatmessage-lighthouses"><strong style="color:hsl(320,49%,50.56078876181623%)"><small>+</small><span class="username" data-name="lighthouses">lighthouses</span>:</strong> <em>masterfully played by the user with the bad alt</em></div><div class="spacer battle-history"><br></div><div class="battle-history">Drapion, come back!<br></div><div class="battle-history">Go! <strong>Xatu</strong>!<br></div><div class="battle-history"><small>Pointed stones dug into Xatu!</small><br></div><div class="spacer battle-history"><br></div><div class="battle-history">The opposing treefingers used <strong>Gunk Shot</strong>!<br></div><div class="battle-history"><small>A critical hit!</small><br></div><div class="battle-history"><small>(Xatu lost <abbr title="−195/333">58.6%</abbr> of its health!)</small><br></div><div class="spacer battle-history"><br></div><h2 class="battle-history">Turn 19</h2><div class="spacer battle-history"><br></div><div class="battle-history">Xatu used <strong>Heat Wave</strong>!<br></div><div class="battle-history"><small>(The opposing treefingers lost <abbr title="−84/363">23.1%</abbr> of its health!)</small><br></div><div class="spacer battle-history"><br></div><div class="battle-history">The opposing treefingers used <strong>Gunk Shot</strong>!<br></div><div class="battle-history"><small>(Xatu lost <abbr title="−55/333">16.5%</abbr> of its health!)</small><br></div><div class="spacer battle-history"><br></div><div class="battle-history">Xatu fainted!<br></div><div class="chat chatmessage-dundies"><strong style="color:hsl(218,48%,51.92178491239487%)"><small>+</small><span class="username" data-name="Dundies">Dundies</span>:</strong> <em>is he doin it.</em></div><div class="spacer battle-history"><br></div><div class="battle-history">Go! <strong>Drapion</strong>!<br></div><div class="battle-history"><small>Pointed stones dug into Drapion!</small><br></div><div class="spacer battle-history"><br></div><h2 class="battle-history">Turn 20</h2><div class="chat chatmessage-arifeen"><strong style="color:hsl(351,68%,47.77101180383878%)"><small>+</small><span class="username" data-name="Arifeen">Arifeen</span>:</strong> <em>Kush</em></div><div class="chat chatmessage-passion"><strong style="color:hsl(139,57%,31%)"><small>+</small><span class="username" data-name="passion キッス">passion キッス</span>:</strong> <em>dam</em></div><div class="spacer battle-history"><br></div><div class="battle-history">The opposing treefingers used <strong>Protect</strong>!<br></div><div class="battle-history"><small>The opposing treefingers protected itself!</small><br></div><div class="spacer battle-history"><br></div><div class="battle-history">Drapion used <strong>Knock Off</strong>!<br></div><div class="battle-history"><small>The opposing treefingers protected itself!</small><br></div><div class="spacer battle-history"><br></div><h2 class="battle-history">Turn 21</h2><div class="chat chatmessage-arifeen"><strong style="color:hsl(351,68%,47.77101180383878%)"><small>+</small><span class="username" data-name="Arifeen">Arifeen</span>:</strong> <em>KUSH</em></div><div class="chat chatmessage-eren"><strong style="color:hsl(283,71%,48%)"><small>☆</small><span class="username" data-name="Eren.">Eren.</span>:</strong> <em>shoutouts</em></div><div class="chat chatmessage-eren"><strong style="color:hsl(283,71%,48%)"><small>☆</small><span class="username" data-name="Eren.">Eren.</span>:</strong> <em>diogo</em></div><div class="chat chatmessage-eren"><strong style="color:hsl(283,71%,48%)"><small>☆</small><span class="username" data-name="Eren.">Eren.</span>:</strong> <em>sama</em></div><div class="chat chatmessage-passion"><strong style="color:hsl(139,57%,31%)"><small>+</small><span class="username" data-name="passion キッス">passion キッス</span>:</strong> <em>slurmz looking like he is getting ghosted by me.</em></div><div class="chat chatmessage-kushalos"><strong style="color:hsl(241,86%,63.275220778172695%)"><small>☆</small><span class="username" data-name="Kushalos">Kushalos</span>:</strong> <em>what is it</em></div><div class="chat chatmessage-arifeen"><strong style="color:hsl(351,68%,47.77101180383878%)"><small>+</small><span class="username" data-name="Arifeen">Arifeen</span>:</strong> <em>Getting the dic</em></div><div class="chat chatmessage-arifeen"><strong style="color:hsl(351,68%,47.77101180383878%)"><small>+</small><span class="username" data-name="Arifeen">Arifeen</span>:</strong> <em>K</em></div><div class="spacer battle-history"><br></div><div class="battle-history">Drapion used <strong>Knock Off</strong>!<br></div><div class="battle-history"><small>(The opposing treefingers lost <abbr title="−68/363">18.7%</abbr> of its health!)</small><br></div><div class="battle-history"><small>[The opposing treefingers's Aftermath]</small><br><small>Drapion is hurt!</small><br></div><div class="spacer battle-history"><br></div><div class="battle-history">The opposing treefingers fainted!<br></div><div class="chat chatmessage-dundies"><strong style="color:hsl(218,48%,51.92178491239487%)"><small>+</small><span class="username" data-name="Dundies">Dundies</span>:</strong> <em>arifeen</em></div><div class="chat chatmessage-dundies"><strong style="color:hsl(218,48%,51.92178491239487%)"><small>+</small><span class="username" data-name="Dundies">Dundies</span>:</strong> <em>for kush's sake</em></div><div class="spacer battle-history"><br></div><div class="battle-history">Eren. sent out untitled (<strong>Camerupt-Mega</strong>)!<br></div><div class="battle-history"><small>Pointed stones dug into the opposing untitled!</small><br></div><div class="spacer battle-history"><br></div><h2 class="battle-history">Turn 22</h2><div class="chat chatmessage-dundies"><strong style="color:hsl(218,48%,51.92178491239487%)"><small>+</small><span class="username" data-name="Dundies">Dundies</span>:</strong> <em>can you stfu</em></div><div class="chat chatmessage-eren"><strong style="color:hsl(283,71%,48%)"><small>☆</small><span class="username" data-name="Eren.">Eren.</span>:</strong> <em>y</em></div><div class="chat chatmessage-arifeen"><strong style="color:hsl(351,68%,47.77101180383878%)"><small>+</small><span class="username" data-name="Arifeen">Arifeen</span>:</strong> <em>No</em></div><div class="chat chatmessage-lighthouses"><strong style="color:hsl(320,49%,50.56078876181623%)"><small>+</small><span class="username" data-name="lighthouses">lighthouses</span>:</strong> <em>i read that as for fucks sake</em></div><div class="chat chatmessage-lighthouses"><strong style="color:hsl(320,49%,50.56078876181623%)"><small>+</small><span class="username" data-name="lighthouses">lighthouses</span>:</strong> <em>that would have been</em></div><div class="chat chatmessage-lighthouses"><strong style="color:hsl(320,49%,50.56078876181623%)"><small>+</small><span class="username" data-name="lighthouses">lighthouses</span>:</strong> <em>really rude</em></div><div class="chat chatmessage-dundies"><strong style="color:hsl(218,48%,51.92178491239487%)"><small>+</small><span class="username" data-name="Dundies">Dundies</span>:</strong> <em>no no no im a kind fella</em></div><div class="chat chatmessage-evigaro"><strong style="color:hsl(57,78%,32.99963059042893%)"><small>+</small><span class="username" data-name="EviGaro">EviGaro</span>:</strong> <em>Arifeen is already hard at work justifying his draft strategy</em></div><div class="chat chatmessage-dundies"><strong style="color:hsl(218,48%,51.92178491239487%)"><small>+</small><span class="username" data-name="Dundies">Dundies</span>:</strong> <em>hello lighthouses aka teammate how are u</em></div><div class="chat chatmessage-lighthouses"><strong style="color:hsl(320,49%,50.56078876181623%)"><small>+</small><span class="username" data-name="lighthouses">lighthouses</span>:</strong> <em>im good bro how about you</em></div><div class="chat chatmessage-lighthouses"><strong style="color:hsl(320,49%,50.56078876181623%)"><small>+</small><span class="username" data-name="lighthouses">lighthouses</span>:</strong> <em>my mom/bird/anime character is doing fine as well</em></div><div class="spacer battle-history"><br></div><div class="battle-history">Drapion, come back!<br></div><div class="battle-history">Go! <strong>Seismitoad</strong>!<br></div><div class="battle-history"><small>Pointed stones dug into Seismitoad!</small><br></div><div class="spacer battle-history"><br></div><div class="battle-history">The opposing untitled used <strong>Earth Power</strong>!<br></div><div class="battle-history"><small>(Seismitoad lost <abbr title="−295/405">72.8%</abbr> of its health!)</small><br></div><div class="spacer battle-history"><br></div><div class="battle-history"><small>Seismitoad restored a little HP using its Leftovers!</small><br></div><div class="battle-history"><small>The opposing untitled was hurt by poison!</small><br></div><div class="spacer battle-history"><br></div><h2 class="battle-history">Turn 23</h2><div class="spacer battle-history"><br></div><div class="battle-history">Seismitoad used <strong>Earthquake</strong>!<br></div><div class="battle-history"><small>It's super effective!</small><br></div><div class="battle-history"><small>(The opposing untitled lost <abbr title="−76/281">27.0%</abbr> of its health!)</small><br></div><div class="spacer battle-history"><br></div><div class="battle-history">The opposing untitled fainted!<br></div><div class="spacer battle-history"><br></div><div class="battle-history"><small>Seismitoad restored a little HP using its Leftovers!</small><br></div><div class="spacer battle-history"><br></div><div class="battle-history">Eren. sent out kid a (<strong>Sneasel</strong>)!<br></div><div class="battle-history"><small>Pointed stones dug into the opposing kid a!</small><br></div><div class="spacer battle-history"><br></div><h2 class="battle-history">Turn 24</h2><div class="spacer battle-history"><br></div><div class="battle-history">Seismitoad, come back!<br></div><div class="battle-history">Go! <strong>Alomomola</strong>!<br></div><div class="battle-history"><small>Pointed stones dug into Alomomola!</small><br></div><div class="spacer battle-history"><br></div><div class="battle-history">The opposing kid a used <strong>Knock Off</strong>!<br></div><div class="battle-history"><small>(Alomomola lost <abbr title="−161/501">32.1%</abbr> of its health!)</small><br></div><div class="battle-history"><small>The opposing kid a knocked off Alomomola's Leftovers!</small><br></div><div class="battle-history"><small>The opposing kid a lost some of its HP!</small><br></div><div class="spacer battle-history"><br></div><div class="battle-history"><small>Alomomola was hurt by its burn!</small><br></div><div class="spacer battle-history"><br></div><h2 class="battle-history">Turn 25</h2><div class="spacer battle-history"><br></div><div class="battle-history">Eren. withdrew kid a!<br></div><div class="battle-history">Eren. sent out optimistic (<strong>Rotom-Mow</strong>)!<br></div><div class="battle-history"><small>Pointed stones dug into the opposing optimistic!</small><br></div><div class="spacer battle-history"><br></div><div class="battle-history">Alomomola used <strong>Wish</strong>!<br></div><div class="spacer battle-history"><br></div><div class="battle-history"><small>Alomomola was hurt by its burn!</small><br></div><div class="spacer battle-history"><br></div><h2 class="battle-history">Turn 26</h2><div class="spacer battle-history"><br></div><div class="battle-history">Alomomola used <strong>Protect</strong>!<br></div><div class="battle-history"><small>Alomomola protected itself!</small><br></div><div class="spacer battle-history"><br></div><div class="battle-history">The opposing optimistic used <strong>Thunderbolt</strong>!<br></div><div class="battle-history"><small>Alomomola protected itself!</small><br></div><div class="spacer battle-history"><br></div><div class="battle-history"><small>Alomomola's wish came true!</small><br></div><div class="battle-history"><small>Alomomola was hurt by its burn!</small><br></div><div class="spacer battle-history"><br></div><h2 class="battle-history">Turn 27</h2><div class="spacer battle-history"><br></div><div class="battle-history">Alomomola, come back!<br></div><div class="battle-history">Go! <strong>Seismitoad</strong>!<br></div><div class="battle-history"><small>Pointed stones dug into Seismitoad!</small><br></div><div class="spacer battle-history"><br></div><div class="battle-history">The opposing optimistic used <strong>Thunderbolt</strong>!<br></div><div class="battle-history"><small>It doesn't affect Seismitoad...</small><br></div><div class="spacer battle-history"><br></div><div class="battle-history"><small>Seismitoad restored a little HP using its Leftovers!</small><br></div><div class="spacer battle-history"><br></div><h2 class="battle-history">Turn 28</h2><div class="spacer battle-history"><br></div><div class="battle-history">The opposing optimistic used <strong>Leaf Storm</strong>!<br></div><div class="battle-history"><small>It's super effective!</small><br></div><div class="battle-history"><small>(Seismitoad lost <abbr title="−84/405">20.7%</abbr> of its health!)</small><br></div><div class="battle-history"><small>The opposing optimistic's Special Attack fell harshly!</small><br></div><div class="battle-history"><small>The opposing optimistic lost some of its HP!</small><br></div><div class="spacer battle-history"><br></div><div class="battle-history">Seismitoad fainted!<br></div><div class="spacer battle-history"><br></div><div class="battle-history">Go! <strong>Drapion</strong>!<br></div><div class="battle-history"><small>Pointed stones dug into Drapion!</small><br></div><div class="spacer battle-history"><br></div><h2 class="battle-history">Turn 29</h2><div class="chat chatmessage-lighthouses"><strong style="color:hsl(320,49%,50.56078876181623%)"><small>+</small><span class="username" data-name="lighthouses">lighthouses</span>:</strong> <em>missplay dude.</em></div><div class="spacer battle-history"><br></div><div class="battle-history">Drapion used <strong>Knock Off</strong>!<br></div><div class="battle-history"><small>(The opposing optimistic lost <abbr title="−85/241">35.3%</abbr> of its health!)</small><br></div><div class="battle-history"><small>Drapion knocked off the opposing optimistic's Life Orb!</small><br></div><div class="spacer battle-history"><br></div><div class="battle-history">The opposing optimistic fainted!<br></div><div class="spacer battle-history"><br></div><div class="battle-history">Eren. sent out national anthem (<strong>Braviary</strong>)!<br></div><div class="battle-history"><small>Pointed stones dug into the opposing national anthem!</small><br></div><div class="spacer battle-history"><br></div><h2 class="battle-history">Turn 30</h2><div class="chat chatmessage-garayoak"><strong style="color:hsl(180,40%,51.02009642336%)"><small>+</small><span class="username" data-name="Garay oak">Garay oak</span>:</strong> <em>Is this finals?</em></div><div class="chat chatmessage-eren"><strong style="color:hsl(283,71%,48%)"><small>☆</small><span class="username" data-name="Eren.">Eren.</span>:</strong> <em>Semifinals</em></div><div class="chat chatmessage-mraldo"><strong style="color:hsl(234,45%,61.885059011812395%)"><small>+</small><span class="username" data-name="Mr. Aldo">Mr. Aldo</span>:</strong> <em>semi finals</em></div><div class="chat chatmessage-lighthouses"><strong style="color:hsl(320,49%,50.56078876181623%)"><small>+</small><span class="username" data-name="lighthouses">lighthouses</span>:</strong> <em>i believe its semis</em></div><div class="chat chatmessage-lighthouses"><strong style="color:hsl(320,49%,50.56078876181623%)"><small>+</small><span class="username" data-name="lighthouses">lighthouses</span>:</strong> <em>yea</em></div><div class="chat chatmessage-lighthouses"><strong style="color:hsl(320,49%,50.56078876181623%)"><small>+</small><span class="username" data-name="lighthouses">lighthouses</span>:</strong> <em>sniped</em></div><div class="spacer battle-history"><br></div><div class="battle-history">Drapion used <strong>Knock Off</strong>!<br></div><div class="battle-history"><small>A critical hit!</small><br></div><div class="battle-history"><small>(The opposing national anthem lost <abbr title="−303/404">75%</abbr> of its health!)</small><br></div><div class="battle-history"><small>Drapion knocked off the opposing national anthem's Leftovers!</small><br></div><div class="spacer battle-history"><br></div><div class="battle-history">The opposing national anthem fainted!<br></div><div class="chat chatmessage-lighthouses"><strong style="color:hsl(320,49%,50.56078876181623%)"><small>+</small><span class="username" data-name="lighthouses">lighthouses</span>:</strong> <em>oof</em></div><div class="chat chatmessage-eren"><strong style="color:hsl(283,71%,48%)"><small>☆</small><span class="username" data-name="Eren.">Eren.</span>:</strong> <em>ok</em></div><div class="chat chatmessage-passion"><strong style="color:hsl(139,57%,31%)"><small>+</small><span class="username" data-name="passion キッス">passion キッス</span>:</strong> <em>goat.</em></div><div class="spacer battle-history"><br></div><div class="battle-history">Eren. sent out idioteque (<strong>Jellicent</strong>)!<br></div><div class="battle-history"><small>Pointed stones dug into the opposing idioteque!</small><br></div><div class="spacer battle-history"><br></div><h2 class="battle-history">Turn 31</h2><div class="chat chatmessage-arifeen"><strong style="color:hsl(351,68%,47.77101180383878%)"><small>+</small><span class="username" data-name="Arifeen">Arifeen</span>:</strong> <em>YES</em></div><div class="chat chatmessage-garayoak"><strong style="color:hsl(180,40%,51.02009642336%)"><small>+</small><span class="username" data-name="Garay oak">Garay oak</span>:</strong> <em>G1?</em></div><div class="chat chatmessage-lighthouses"><strong style="color:hsl(320,49%,50.56078876181623%)"><small>+</small><span class="username" data-name="lighthouses">lighthouses</span>:</strong> <em>ya</em></div><div class="spacer battle-history"><br></div><div class="battle-history">Drapion used <strong>Knock Off</strong>!<br></div><div class="battle-history"><small>It's super effective!</small><br></div><div class="battle-history"><small>The opposing idioteque ate its Colbur Berry!</small><br></div><div class="battle-history"><small>The Colbur Berry weakened the damage to the opposing idioteque!</small><br></div><div class="battle-history"><small>(The opposing idioteque lost <abbr title="−162/404">40.1%</abbr> of its health!)</small><br></div><div class="spacer battle-history"><br></div><div class="battle-history">The opposing idioteque used <strong>Scald</strong>!<br></div><div class="battle-history"><small>(Drapion lost <abbr title="−102/281">36.3%</abbr> of its health!)</small><br></div><div class="spacer battle-history"><br></div><div class="battle-history"><small>The opposing idioteque was hurt by poison!</small><br></div><div class="spacer battle-history"><br></div><h2 class="battle-history">Turn 32</h2><div class="spacer battle-history"><br></div><div class="battle-history">Drapion used <strong>Knock Off</strong>!<br></div><div class="battle-history"><small>It's super effective!</small><br></div><div class="battle-history"><small>(The opposing idioteque lost <abbr title="−92/404">22.8%</abbr> of its health!)</small><br></div><div class="spacer battle-history"><br></div><div class="battle-history">The opposing idioteque fainted!<br></div><div class="chat chatmessage-eren"><strong style="color:hsl(283,71%,48%)"><small>☆</small><span class="username" data-name="Eren.">Eren.</span>:</strong> <em>gg I suppose</em></div><div class="chat chatmessage-kushalos"><strong style="color:hsl(241,86%,63.275220778172695%)"><small>☆</small><span class="username" data-name="Kushalos">Kushalos</span>:</strong> <em>gg</em></div><div class="spacer battle-history"><br></div><div class="battle-history">Eren. sent out kid a (<strong>Sneasel</strong>)!<br></div><div class="battle-history"><small>Pointed stones dug into the opposing kid a!</small><br></div><div class="spacer battle-history"><br></div><div class="battle-history">The opposing kid a fainted!<br></div><div class="spacer battle-history"><br></div><div class="battle-history"><strong>Kushalos</strong> won the battle!<br></div></div><div class="inner-preempt"></div></div></div>
</div>
<script>
let daily = Math.floor(Date.now()/1000/60/60/24);document.write('<script src="https://play.pokemonshowdown.com/js/replay-embed.js?version'+daily+'"></'+'script>');
</script>
