<!DOCTYPE html>
<meta charset="utf-8" />
<!-- version 1 -->
<title>RU replay: EviGaro vs. Empo.♪</title>
<style>
html,body {font-family:Verdana, sans-serif;font-size:10pt;margin:0;padding:0;}body{padding:12px 0;} .battle-log {font-family:Verdana, sans-serif;font-size:10pt;} .battle-log-inline {border:1px solid #AAAAAA;background:#EEF2F5;color:black;max-width:640px;margin:0 auto 80px;padding-bottom:5px;} .battle-log .inner {padding:4px 8px 0px 8px;} .battle-log .inner-preempt {padding:0 8px 4px 8px;} .battle-log .inner-after {margin-top:0.5em;} .battle-log h2 {margin:0.5em -8px;padding:4px 8px;border:1px solid #AAAAAA;background:#E0E7EA;border-left:0;border-right:0;font-family:Verdana, sans-serif;font-size:13pt;} .battle-log .chat {vertical-align:middle;padding:3px 0 3px 0;font-size:8pt;} .battle-log .chat strong {color:#40576A;} .battle-log .chat em {padding:1px 4px 1px 3px;color:#000000;font-style:normal;} .chat.mine {background:rgba(0,0,0,0.05);margin-left:-8px;margin-right:-8px;padding-left:8px;padding-right:8px;} .spoiler {color:#BBBBBB;background:#BBBBBB;padding:0px 3px;} .spoiler:hover, .spoiler:active, .spoiler-shown {color:#000000;background:#E2E2E2;padding:0px 3px;} .spoiler a {color:#BBBBBB;} .spoiler:hover a, .spoiler:active a, .spoiler-shown a {color:#2288CC;} .chat code, .chat .spoiler:hover code, .chat .spoiler:active code, .chat .spoiler-shown code {border:1px solid #C0C0C0;background:#EEEEEE;color:black;padding:0 2px;} .chat .spoiler code {border:1px solid #CCCCCC;background:#CCCCCC;color:#CCCCCC;} .battle-log .rated {padding:3px 4px;} .battle-log .rated strong {color:white;background:#89A;padding:1px 4px;border-radius:4px;} .spacer {margin-top:0.5em;} .message-announce {background:#6688AA;color:white;padding:1px 4px 2px;} .message-announce a, .broadcast-green a, .broadcast-blue a, .broadcast-red a {color:#DDEEFF;} .broadcast-green {background-color:#559955;color:white;padding:2px 4px;} .broadcast-blue {background-color:#6688AA;color:white;padding:2px 4px;} .infobox {border:1px solid #6688AA;padding:2px 4px;} .infobox-limited {max-height:200px;overflow:auto;overflow-x:hidden;} .broadcast-red {background-color:#AA5544;color:white;padding:2px 4px;} .message-learn-canlearn {font-weight:bold;color:#228822;text-decoration:underline;} .message-learn-cannotlearn {font-weight:bold;color:#CC2222;text-decoration:underline;} .message-effect-weak {font-weight:bold;color:#CC2222;} .message-effect-resist {font-weight:bold;color:#6688AA;} .message-effect-immune {font-weight:bold;color:#666666;} .message-learn-list {margin-top:0;margin-bottom:0;} .message-throttle-notice, .message-error {color:#992222;} .message-overflow, .chat small.message-overflow {font-size:0pt;} .message-overflow::before {font-size:9pt;content:'...';} .subtle {color:#3A4A66;}
</style>
<div class="wrapper replay-wrapper" style="max-width:1180px;margin:0 auto">
<input type="hidden" name="replayid" value="ru-486635869" />
<div class="battle"></div><div class="battle-log"></div><div class="replay-controls"></div><div class="replay-controls-2"></div>
<h1 style="font-weight:normal;text-align:center"><strong>RU</strong><br /><a href="http://pokemonshowdown.com/users/evigaro" class="subtle" target="_blank">EviGaro</a> vs. <a href="http://pokemonshowdown.com/users/empo" class="subtle" target="_blank">Empo.♪</a></h1>
<script type="text/plain" class="battle-log-data">|j|EviGaro
|j|Empo.♪
|player|p1|EviGaro|128
|player|p2|Empo.♪|101
|gametype|singles
|gen|6
|tier|RU
|seed|37672,15522,33764,36584
|rule|Sleep Clause Mod: Limit one foe put to sleep
|rule|Species Clause: Limit one of each Pokémon
|rule|OHKO Clause: OHKO moves are banned
|rule|Moody Clause: Moody is banned
|rule|Evasion Moves Clause: Evasion moves are banned
|rule|Endless Battle Clause: Forcing endless battles is banned
|rule|HP Percentage Mod: HP is shown in percentages
|clearpoke
|poke|p1|Aurorus, M|item
|poke|p1|Abomasnow, M|item
|poke|p1|Sigilyph, F|item
|poke|p1|Blastoise, M|item
|poke|p1|Delphox, F|item
|poke|p1|Clefairy, F|item
|poke|p2|Jolteon, F|item
|poke|p2|Garbodor, M|item
|poke|p2|Rhyperior, M|item
|poke|p2|Virizion|item
|poke|p2|Jellicent, F|item
|poke|p2|Absol, M|item
|rule|Swagger Clause: Swagger is banned
|rule|Baton Pass Clause: Limit one Baton Passer, can't pass Spe and other stats simultaneously
|teampreview
|choice|team 6, team 2, team 3, team 4, team 5, team 1|team 6, team 2, team 3, team 4, team 5, team 1
|
|start
|switch|p1a: Clefairy|Clefairy, F|344\/344
|switch|p2a: Absol|Absol, M|271\/271
|-ability|p2a: Absol|Pressure
|turn|1
|choice|move stealthrock|switch 3
|
|switch|p2a: Rhyperior|Rhyperior, M|434\/434
|move|p1a: Clefairy|Stealth Rock|p2a: Rhyperior
|-sidestart|p2: Empo.♪|move: Stealth Rock
|
|turn|2
|choice|switch 4|move stealthrock
|
|switch|p1a: Blastoise|Blastoise, M|361\/361
|move|p2a: Rhyperior|Stealth Rock|p1a: Blastoise
|-sidestart|p1: EviGaro|move: Stealth Rock
|
|turn|3
|choice|move rapidspin|switch 4
|
|switch|p2a: Virizion|Virizion|323\/323
|-damage|p2a: Virizion|303\/323|[from] Stealth Rock
|move|p1a: Blastoise|Rapid Spin|p2a: Virizion
|-damage|p2a: Virizion|288\/323
|-sideend|p1: EviGaro|Stealth Rock|[from] move: Rapid Spin|[of] p1a: Blastoise
|
|turn|4
|choice|switch 4|move closecombat
|
|switch|p1a: Clefairy|Clefairy, F|344\/344
|move|p2a: Virizion|Close Combat|p1a: Clefairy
|-resisted|p1a: Clefairy
|-damage|p1a: Clefairy|304\/344
|-unboost|p2a: Virizion|def|1
|-unboost|p2a: Virizion|spd|1
|
|turn|5
|choice|move moonblast|switch 4
|
|switch|p2a: Rhyperior|Rhyperior, M|434\/434
|-damage|p2a: Rhyperior|407\/434|[from] Stealth Rock
|move|p1a: Clefairy|Moonblast|p2a: Rhyperior
|-damage|p2a: Rhyperior|322\/434
|
|-heal|p2a: Rhyperior|349\/434|[from] item: Leftovers
|turn|6
|choice|switch 4|move stealthrock
|
|switch|p1a: Blastoise|Blastoise, M|361\/361
|move|p2a: Rhyperior|Stealth Rock|p1a: Blastoise
|-sidestart|p1: EviGaro|move: Stealth Rock
|
|-heal|p2a: Rhyperior|376\/434|[from] item: Leftovers
|turn|7
|choice|move toxic|move earthquake
|
|move|p1a: Blastoise|Toxic|p2a: Rhyperior
|-status|p2a: Rhyperior|tox
|move|p2a: Rhyperior|Earthquake|p1a: Blastoise
|-damage|p1a: Blastoise|220\/361
|
|-heal|p1a: Blastoise|242\/361|[from] item: Leftovers
|-heal|p2a: Rhyperior|403\/434 tox|[from] item: Leftovers
|-damage|p2a: Rhyperior|376\/434 tox|[from] psn
|turn|8
|choice|move toxic|move earthquake
|
|move|p1a: Blastoise|Toxic|p2a: Rhyperior
|-fail|p2a: Rhyperior|tox
|move|p2a: Rhyperior|Earthquake|p1a: Blastoise
|-damage|p1a: Blastoise|118\/361
|
|-heal|p1a: Blastoise|140\/361|[from] item: Leftovers
|-heal|p2a: Rhyperior|403\/434 tox|[from] item: Leftovers
|-damage|p2a: Rhyperior|349\/434 tox|[from] psn
|turn|9
|choice|move rapidspin|switch 4
|
|switch|p2a: Virizion|Virizion|288\/323
|-damage|p2a: Virizion|268\/323|[from] Stealth Rock
|move|p1a: Blastoise|Rapid Spin|p2a: Virizion
|-crit|p2a: Virizion
|-damage|p2a: Virizion|245\/323
|-sideend|p1: EviGaro|Stealth Rock|[from] move: Rapid Spin|[of] p1a: Blastoise
|
|-heal|p1a: Blastoise|162\/361|[from] item: Leftovers
|turn|10
|choice|switch 4|move swordsdance
|
|switch|p1a: Clefairy|Clefairy, F|304\/344
|move|p2a: Virizion|Swords Dance|p2a: Virizion
|-boost|p2a: Virizion|atk|2
|
|turn|11
|choice|move moonblast|move leafblade
|
|move|p2a: Virizion|Leaf Blade|p1a: Clefairy
|-damage|p1a: Clefairy|175\/344
|move|p1a: Clefairy|Moonblast|p2a: Virizion
|-supereffective|p2a: Virizion
|-damage|p2a: Virizion|119\/323
|
|turn|12
|choice|move moonblast|move leafblade
|
|move|p2a: Virizion|Leaf Blade|p1a: Clefairy
|-crit|p1a: Clefairy
|-damage|p1a: Clefairy|0 fnt
|faint|p1a: Clefairy
|
|choice|switch 2|
|
|switch|p1a: Abomasnow|Abomasnow, M|321\/321
|-weather|Hail|[from] ability: Snow Warning|[of] p1a: Abomasnow
|turn|13
|choice|move iceshard|switch 2
|
|switch|p2a: Garbodor|Garbodor, M|364\/364
|-damage|p2a: Garbodor|319\/364|[from] Stealth Rock
|move|p1a: Abomasnow|Ice Shard|p2a: Garbodor
|-damage|p2a: Garbodor|259\/364
|-damage|p1a: Abomasnow|289\/321|[from] item: Life Orb
|
|-weather|Hail|[upkeep]
|-damage|p2a: Garbodor|237\/364|[from] hail
|-heal|p2a: Garbodor|259\/364|[from] item: Black Sludge
|turn|14
|choice|move blizzard|move gunkshot
|
|move|p1a: Abomasnow|Blizzard|p2a: Garbodor
|-damage|p2a: Garbodor|72\/364
|-status|p2a: Garbodor|frz
|-damage|p1a: Abomasnow|257\/321|[from] item: Life Orb
|cant|p2a: Garbodor|frz
|
|-weather|Hail|[upkeep]
|-damage|p2a: Garbodor|50\/364 frz|[from] hail
|-heal|p2a: Garbodor|72\/364 frz|[from] item: Black Sludge
|turn|15
|c|★Empo.♪|HOLY
|c|★Empo.♪|LOL
|choice|move blizzard|move gunkshot
|
|move|p1a: Abomasnow|Blizzard|p2a: Garbodor
|-damage|p2a: Garbodor|0 fnt
|-damage|p1a: Abomasnow|225\/321|[from] item: Life Orb
|faint|p2a: Garbodor
|
|-weather|Hail|[upkeep]
|choice||switch 3
|
|switch|p2a: Absol|Absol, M|271\/271
|-damage|p2a: Absol|238\/271|[from] Stealth Rock
|-ability|p2a: Absol|Pressure
|turn|16
|c|★EviGaro|Yeah.
|c|★Empo.♪|Yeah.
|choice|move iceshard|move superpower
|
|move|p1a: Abomasnow|Ice Shard|p2a: Absol
|-damage|p2a: Absol|156\/271
|-damage|p1a: Abomasnow|193\/321|[from] item: Life Orb
|move|p2a: Absol|Superpower|p1a: Abomasnow
|-supereffective|p1a: Abomasnow
|-damage|p1a: Abomasnow|0 fnt
|-unboost|p2a: Absol|atk|1
|-unboost|p2a: Absol|def|1
|-damage|p2a: Absol|129\/271|[from] item: Life Orb
|faint|p1a: Abomasnow
|
|-weather|Hail|[upkeep]
|-damage|p2a: Absol|113\/271|[from] hail
|choice|switch 3|
|
|switch|p1a: Sigilyph|Sigilyph, F|285\/285
|turn|17
|choice|move airslash|switch 2
|
|switch|p2a: Virizion|Virizion|119\/323
|-damage|p2a: Virizion|99\/323|[from] Stealth Rock
|move|p1a: Sigilyph|Air Slash|p2a: Virizion
|-supereffective|p2a: Virizion
|-damage|p2a: Virizion|0 fnt
|faint|p2a: Virizion
|
|-weather|none
|choice||switch 2
|
|switch|p2a: Absol|Absol, M|113\/271
|-damage|p2a: Absol|80\/271|[from] Stealth Rock
|-ability|p2a: Absol|Pressure
|turn|18
|choice|move airslash|move pursuit
|
|move|p1a: Sigilyph|Air Slash|p2a: Absol
|-damage|p2a: Absol|0 fnt
|faint|p2a: Absol
|
|choice||switch 6
|
|switch|p2a: Jolteon|Jolteon, F|271\/271
|-damage|p2a: Jolteon|238\/271|[from] Stealth Rock
|turn|19
|choice|move darkpulse|move thunderbolt
|
|move|p2a: Jolteon|Thunderbolt|p1a: Sigilyph
|-supereffective|p1a: Sigilyph
|-enditem|p1a: Sigilyph|Focus Sash
|-damage|p1a: Sigilyph|1\/285
|-damage|p2a: Jolteon|211\/271|[from] item: Life Orb
|move|p1a: Sigilyph|Dark Pulse|p2a: Jolteon
|-crit|p2a: Jolteon
|-damage|p2a: Jolteon|83\/271
|
|turn|20
|choice|move darkpulse|move thunderbolt
|
|move|p2a: Jolteon|Thunderbolt|p1a: Sigilyph
|-supereffective|p1a: Sigilyph
|-damage|p1a: Sigilyph|0 fnt
|-damage|p2a: Jolteon|56\/271|[from] item: Life Orb
|faint|p1a: Sigilyph
|
|choice|switch 5|
|
|switch|p1a: Delphox|Delphox, F|291\/291
|turn|21
|choice|move psyshock|move thunderbolt
|
|move|p1a: Delphox|Psyshock|p2a: Jolteon
|-damage|p2a: Jolteon|0 fnt
|faint|p2a: Jolteon
|
|choice||switch 4
|
|switch|p2a: Rhyperior|Rhyperior, M|349\/434 tox
|-damage|p2a: Rhyperior|322\/434 tox|[from] Stealth Rock
|turn|22
|choice|switch 4|move earthquake
|
|switch|p1a: Blastoise|Blastoise, M|162\/361
|move|p2a: Rhyperior|Earthquake|p1a: Blastoise
|-damage|p1a: Blastoise|39\/361
|
|-heal|p1a: Blastoise|61\/361|[from] item: Leftovers
|-heal|p2a: Rhyperior|349\/434 tox|[from] item: Leftovers
|-damage|p2a: Rhyperior|322\/434 tox|[from] psn
|turn|23
|choice|move scald|switch 5
|
|switch|p2a: Jellicent|Jellicent, F|404\/404
|-damage|p2a: Jellicent|354\/404|[from] Stealth Rock
|move|p1a: Blastoise|Scald|p2a: Jellicent
|-heal|p2a: Jellicent|404\/404|[from] ability: Water Absorb|[of] p1a: Blastoise
|
|-heal|p1a: Blastoise|83\/361|[from] item: Leftovers
|turn|24
|choice|move toxic|move taunt
|
|move|p2a: Jellicent|Taunt|p1a: Blastoise
|-start|p1a: Blastoise|move: Taunt
|cant|p1a: Blastoise|move: Taunt|Toxic
|
|-heal|p1a: Blastoise|105\/361|[from] item: Leftovers
|turn|25
|choice|move scald|move willowisp
|
|move|p2a: Jellicent|Will-O-Wisp|p1a: Blastoise
|-status|p1a: Blastoise|brn
|move|p1a: Blastoise|Scald|p2a: Jellicent
|-immune|p2a: Jellicent|[msg]|[from] ability: Water Absorb
|
|-heal|p1a: Blastoise|127\/361 brn|[from] item: Leftovers
|-damage|p1a: Blastoise|82\/361 brn|[from] brn
|turn|26
|choice|move scald|move scald
|
|move|p2a: Jellicent|Scald|p1a: Blastoise
|-resisted|p1a: Blastoise
|-damage|p1a: Blastoise|46\/361 brn
|move|p1a: Blastoise|Scald|p2a: Jellicent
|-immune|p2a: Jellicent|[msg]|[from] ability: Water Absorb
|
|-heal|p1a: Blastoise|68\/361 brn|[from] item: Leftovers
|-damage|p1a: Blastoise|23\/361 brn|[from] brn
|-end|p1a: Blastoise|move: Taunt
|turn|27
|choice|move scald|move scald
|
|move|p2a: Jellicent|Scald|p1a: Blastoise
|-resisted|p1a: Blastoise
|-damage|p1a: Blastoise|0 fnt
|faint|p1a: Blastoise
|
|choice|switch 6|
|
|switch|p1a: Aurorus|Aurorus, M|401\/401
|-weather|Hail|[from] ability: Snow Warning|[of] p1a: Aurorus
|turn|28
|choice|move freezedry|move scald
|
|move|p1a: Aurorus|Freeze-Dry|p2a: Jellicent
|-supereffective|p2a: Jellicent
|-damage|p2a: Jellicent|84\/404
|move|p2a: Jellicent|Scald|p1a: Aurorus
|-supereffective|p1a: Aurorus
|-damage|p1a: Aurorus|233\/401
|
|-weather|Hail|[upkeep]
|-damage|p2a: Jellicent|59\/404|[from] hail
|-heal|p2a: Jellicent|84\/404|[from] item: Leftovers
|turn|29
|-message|Empo.♪ forfeited.
|l|Empo.♪
|
|win|EviGaro
|player|p2
|player|p1</script>
</div>
<div class="battle-log battle-log-inline"><div class="inner"><div class="battle-options"></div><div class="inner"><div class="chat"><small>EviGaro joined.</small></div><div class="chat"><small>Empo.♪ joined.</small></div><div class=""><small>Format:</small> <br><strong>RU</strong></div><div class=""><small><em>Sleep Clause Mod:</em> Limit one foe put to sleep</small></div><div class=""><small><em>Species Clause:</em> Limit one of each Pokémon</small></div><div class=""><small><em>OHKO Clause:</em> OHKO moves are banned</small></div><div class=""><small><em>Moody Clause:</em> Moody is banned</small></div><div class=""><small><em>Evasion Moves Clause:</em> Evasion moves are banned</small></div><div class=""><small><em>Endless Battle Clause:</em> Forcing endless battles is banned</small></div><div class=""><small><em>HP Percentage Mod:</em> HP is shown in percentages</small></div><div class=""><small><em>Swagger Clause:</em> Swagger is banned</small></div><div class=""><small><em>Baton Pass Clause:</em> Limit one Baton Passer, can't pass Spe and other stats simultaneously</small></div><div class="chat battle-history"><strong>EviGaro's team:</strong> <em style="color:#445566;display:block;">Aurorus / Abomasnow / Sigilyph / Blastoise / Delphox / Clefairy</em></div><div class="chat battle-history"><strong>Empo.♪'s team:</strong> <em style="color:#445566;display:block;">Jolteon / Garbodor / Rhyperior / Virizion / Jellicent / Absol</em></div><div class="spacer battle-history"><br></div><div class="battle-history">Battle started between EviGaro and Empo.♪!<br></div><div class="spacer battle-history"><br></div><div class="battle-history">Go! <strong>Clefairy</strong>!<br></div><div class="spacer battle-history"><br></div><div class="battle-history">Empo.♪ sent out <strong>Absol</strong>!<br></div><div class="battle-history"><small>[The opposing Absol's Pressure]</small><br><small>The opposing Absol is exerting its pressure!</small><br></div><div class="spacer battle-history"><br></div><h2 class="battle-history">Turn 1</h2><div class="spacer battle-history"><br></div><div class="battle-history">Empo.♪ withdrew Absol!<br></div><div class="battle-history">Empo.♪ sent out <strong>Rhyperior</strong>!<br></div><div class="spacer battle-history"><br></div><div class="battle-history">Clefairy used <strong>Stealth Rock</strong>!<br></div><div class="battle-history"><small>Pointed stones float in the air around the opposing team!</small><br></div><div class="spacer battle-history"><br></div><h2 class="battle-history">Turn 2</h2><div class="spacer battle-history"><br></div><div class="battle-history">Clefairy, come back!<br></div><div class="battle-history">Go! <strong>Blastoise</strong>!<br></div><div class="spacer battle-history"><br></div><div class="battle-history">The opposing Rhyperior used <strong>Stealth Rock</strong>!<br></div><div class="battle-history"><small>Pointed stones float in the air around your team!</small><br></div><div class="spacer battle-history"><br></div><h2 class="battle-history">Turn 3</h2><div class="spacer battle-history"><br></div><div class="battle-history">Empo.♪ withdrew Rhyperior!<br></div><div class="battle-history">Empo.♪ sent out <strong>Virizion</strong>!<br></div><div class="battle-history"><small>Pointed stones dug into the opposing Virizion!</small><br></div><div class="spacer battle-history"><br></div><div class="battle-history">Blastoise used <strong>Rapid Spin</strong>!<br></div><div class="battle-history"><small>(The opposing Virizion lost <abbr title="−15/323">4.6%</abbr> of its health!)</small><br></div><div class="battle-history"><small>The pointed stones disappeared from around your team!</small><br></div><div class="spacer battle-history"><br></div><h2 class="battle-history">Turn 4</h2><div class="spacer battle-history"><br></div><div class="battle-history">Blastoise, come back!<br></div><div class="battle-history">Go! <strong>Clefairy</strong>!<br></div><div class="spacer battle-history"><br></div><div class="battle-history">The opposing Virizion used <strong>Close Combat</strong>!<br></div><div class="battle-history"><small>It's not very effective...</small><br></div><div class="battle-history"><small>(Clefairy lost <abbr title="−40/344">11.6%</abbr> of its health!)</small><br></div><div class="battle-history"><small>The opposing Virizion's Defense fell!</small><br></div><div class="battle-history"><small>The opposing Virizion's Special Defense fell!</small><br></div><div class="spacer battle-history"><br></div><h2 class="battle-history">Turn 5</h2><div class="spacer battle-history"><br></div><div class="battle-history">Empo.♪ withdrew Virizion!<br></div><div class="battle-history">Empo.♪ sent out <strong>Rhyperior</strong>!<br></div><div class="battle-history"><small>Pointed stones dug into the opposing Rhyperior!</small><br></div><div class="spacer battle-history"><br></div><div class="battle-history">Clefairy used <strong>Moonblast</strong>!<br></div><div class="battle-history"><small>(The opposing Rhyperior lost <abbr title="−85/434">19.6%</abbr> of its health!)</small><br></div><div class="spacer battle-history"><br></div><div class="battle-history"><small>The opposing Rhyperior restored a little HP using its Leftovers!</small><br></div><div class="spacer battle-history"><br></div><h2 class="battle-history">Turn 6</h2><div class="spacer battle-history"><br></div><div class="battle-history">Clefairy, come back!<br></div><div class="battle-history">Go! <strong>Blastoise</strong>!<br></div><div class="spacer battle-history"><br></div><div class="battle-history">The opposing Rhyperior used <strong>Stealth Rock</strong>!<br></div><div class="battle-history"><small>Pointed stones float in the air around your team!</small><br></div><div class="spacer battle-history"><br></div><div class="battle-history"><small>The opposing Rhyperior restored a little HP using its Leftovers!</small><br></div><div class="spacer battle-history"><br></div><h2 class="battle-history">Turn 7</h2><div class="spacer battle-history"><br></div><div class="battle-history">Blastoise used <strong>Toxic</strong>!<br></div><div class="battle-history"><small>The opposing Rhyperior was badly poisoned!</small><br></div><div class="spacer battle-history"><br></div><div class="battle-history">The opposing Rhyperior used <strong>Earthquake</strong>!<br></div><div class="battle-history"><small>(Blastoise lost <abbr title="−141/361">39.1%</abbr> of its health!)</small><br></div><div class="spacer battle-history"><br></div><div class="battle-history"><small>Blastoise restored a little HP using its Leftovers!</small><br></div><div class="battle-history"><small>The opposing Rhyperior restored a little HP using its Leftovers!</small><br></div><div class="battle-history"><small>The opposing Rhyperior was hurt by poison!</small><br></div><div class="spacer battle-history"><br></div><h2 class="battle-history">Turn 8</h2><div class="spacer battle-history"><br></div><div class="battle-history">Blastoise used <strong>Toxic</strong>!<br></div><div class="battle-history"><small>But it failed!</small><br></div><div class="spacer battle-history"><br></div><div class="battle-history">The opposing Rhyperior used <strong>Earthquake</strong>!<br></div><div class="battle-history"><small>(Blastoise lost <abbr title="−124/361">34.3%</abbr> of its health!)</small><br></div><div class="spacer battle-history"><br></div><div class="battle-history"><small>Blastoise restored a little HP using its Leftovers!</small><br></div><div class="battle-history"><small>The opposing Rhyperior restored a little HP using its Leftovers!</small><br></div><div class="battle-history"><small>The opposing Rhyperior was hurt by poison!</small><br></div><div class="spacer battle-history"><br></div><h2 class="battle-history">Turn 9</h2><div class="spacer battle-history"><br></div><div class="battle-history">Empo.♪ withdrew Rhyperior!<br></div><div class="battle-history">Empo.♪ sent out <strong>Virizion</strong>!<br></div><div class="battle-history"><small>Pointed stones dug into the opposing Virizion!</small><br></div><div class="spacer battle-history"><br></div><div class="battle-history">Blastoise used <strong>Rapid Spin</strong>!<br></div><div class="battle-history"><small>A critical hit!</small><br></div><div class="battle-history"><small>(The opposing Virizion lost <abbr title="−23/323">7.1%</abbr> of its health!)</small><br></div><div class="battle-history"><small>The pointed stones disappeared from around your team!</small><br></div><div class="spacer battle-history"><br></div><div class="battle-history"><small>Blastoise restored a little HP using its Leftovers!</small><br></div><div class="spacer battle-history"><br></div><h2 class="battle-history">Turn 10</h2><div class="spacer battle-history"><br></div><div class="battle-history">Blastoise, come back!<br></div><div class="battle-history">Go! <strong>Clefairy</strong>!<br></div><div class="spacer battle-history"><br></div><div class="battle-history">The opposing Virizion used <strong>Swords Dance</strong>!<br></div><div class="battle-history"><small>The opposing Virizion's Attack rose sharply!</small><br></div><div class="spacer battle-history"><br></div><h2 class="battle-history">Turn 11</h2><div class="spacer battle-history"><br></div><div class="battle-history">The opposing Virizion used <strong>Leaf Blade</strong>!<br></div><div class="battle-history"><small>(Clefairy lost <abbr title="−129/344">37.5%</abbr> of its health!)</small><br></div><div class="spacer battle-history"><br></div><div class="battle-history">Clefairy used <strong>Moonblast</strong>!<br></div><div class="battle-history"><small>It's super effective!</small><br></div><div class="battle-history"><small>(The opposing Virizion lost <abbr title="−126/323">39.0%</abbr> of its health!)</small><br></div><div class="spacer battle-history"><br></div><h2 class="battle-history">Turn 12</h2><div class="spacer battle-history"><br></div><div class="battle-history">The opposing Virizion used <strong>Leaf Blade</strong>!<br></div><div class="battle-history"><small>A critical hit!</small><br></div><div class="battle-history"><small>(Clefairy lost <abbr title="−175/344">50.9%</abbr> of its health!)</small><br></div><div class="spacer battle-history"><br></div><div class="battle-history">Clefairy fainted!<br></div><div class="spacer battle-history"><br></div><div class="battle-history">Go! <strong>Abomasnow</strong>!<br></div><div class="battle-history"><small>[Abomasnow's Snow Warning]</small><br><small>It started to hail!</small><br></div><div class="spacer battle-history"><br></div><h2 class="battle-history">Turn 13</h2><div class="spacer battle-history"><br></div><div class="battle-history">Empo.♪ withdrew Virizion!<br></div><div class="battle-history">Empo.♪ sent out <strong>Garbodor</strong>!<br></div><div class="battle-history"><small>Pointed stones dug into the opposing Garbodor!</small><br></div><div class="spacer battle-history"><br></div><div class="battle-history">Abomasnow used <strong>Ice Shard</strong>!<br></div><div class="battle-history"><small>(The opposing Garbodor lost <abbr title="−60/364">16.5%</abbr> of its health!)</small><br></div><div class="battle-history"><small>Abomasnow lost some of its HP!</small><br></div><div class="spacer battle-history"><br></div><div class="battle-history"><small>The hail is crashing down.</small><br></div><div class="battle-history"><small>The opposing Garbodor is buffeted by the hail!</small><br></div><div class="battle-history"><small>The opposing Garbodor restored a little HP using its Black Sludge!</small><br></div><div class="spacer battle-history"><br></div><h2 class="battle-history">Turn 14</h2><div class="spacer battle-history"><br></div><div class="battle-history">Abomasnow used <strong>Blizzard</strong>!<br></div><div class="battle-history"><small>(The opposing Garbodor lost <abbr title="−187/364">51.4%</abbr> of its health!)</small><br></div><div class="battle-history"><small>The opposing Garbodor was frozen solid!</small><br></div><div class="battle-history"><small>Abomasnow lost some of its HP!</small><br></div><div class="spacer battle-history"><br></div><div class="battle-history">The opposing Garbodor is frozen solid!<br></div><div class="spacer battle-history"><br></div><div class="battle-history"><small>The hail is crashing down.</small><br></div><div class="battle-history"><small>The opposing Garbodor is buffeted by the hail!</small><br></div><div class="battle-history"><small>The opposing Garbodor restored a little HP using its Black Sludge!</small><br></div><div class="spacer battle-history"><br></div><h2 class="battle-history">Turn 15</h2><div class="chat chatmessage-empo"><strong style="color:hsl(43,45%,37.65590455329068%)"><small>★</small><span class="username" data-name="Empo.♪">Empo.♪</span>:</strong> <em>HOLY</em></div><div class="chat chatmessage-empo"><strong style="color:hsl(43,45%,37.65590455329068%)"><small>★</small><span class="username" data-name="Empo.♪">Empo.♪</span>:</strong> <em>LOL</em></div><div class="spacer battle-history"><br></div><div class="battle-history">Abomasnow used <strong>Blizzard</strong>!<br></div><div class="battle-history"><small>(The opposing Garbodor lost <abbr title="−72/364">19.8%</abbr> of its health!)</small><br></div><div class="battle-history"><small>Abomasnow lost some of its HP!</small><br></div><div class="spacer battle-history"><br></div><div class="battle-history">The opposing Garbodor fainted!<br></div><div class="spacer battle-history"><br></div><div class="battle-history"><small>The hail is crashing down.</small><br></div><div class="spacer battle-history"><br></div><div class="battle-history">Empo.♪ sent out <strong>Absol</strong>!<br></div><div class="battle-history"><small>Pointed stones dug into the opposing Absol!</small><br></div><div class="battle-history"><small>[The opposing Absol's Pressure]</small><br><small>The opposing Absol is exerting its pressure!</small><br></div><div class="spacer battle-history"><br></div><h2 class="battle-history">Turn 16</h2><div class="chat chatmessage-evigaro"><strong style="color:hsl(57,78%,32.99963059042893%)"><small>★</small><span class="username" data-name="EviGaro">EviGaro</span>:</strong> <em>Yeah.</em></div><div class="chat chatmessage-empo"><strong style="color:hsl(43,45%,37.65590455329068%)"><small>★</small><span class="username" data-name="Empo.♪">Empo.♪</span>:</strong> <em>Yeah.</em></div><div class="spacer battle-history"><br></div><div class="battle-history">Abomasnow used <strong>Ice Shard</strong>!<br></div><div class="battle-history"><small>(The opposing Absol lost <abbr title="−82/271">30.3%</abbr> of its health!)</small><br></div><div class="battle-history"><small>Abomasnow lost some of its HP!</small><br></div><div class="spacer battle-history"><br></div><div class="battle-history">The opposing Absol used <strong>Superpower</strong>!<br></div><div class="battle-history"><small>It's super effective!</small><br></div><div class="battle-history"><small>(Abomasnow lost <abbr title="−193/321">60.1%</abbr> of its health!)</small><br></div><div class="battle-history"><small>The opposing Absol's Attack fell!</small><br></div><div class="battle-history"><small>The opposing Absol's Defense fell!</small><br></div><div class="battle-history"><small>The opposing Absol lost some of its HP!</small><br></div><div class="spacer battle-history"><br></div><div class="battle-history">Abomasnow fainted!<br></div><div class="spacer battle-history"><br></div><div class="battle-history"><small>The hail is crashing down.</small><br></div><div class="battle-history"><small>The opposing Absol is buffeted by the hail!</small><br></div><div class="spacer battle-history"><br></div><div class="battle-history">Go! <strong>Sigilyph</strong>!<br></div><div class="spacer battle-history"><br></div><h2 class="battle-history">Turn 17</h2><div class="spacer battle-history"><br></div><div class="battle-history">Empo.♪ withdrew Absol!<br></div><div class="battle-history">Empo.♪ sent out <strong>Virizion</strong>!<br></div><div class="battle-history"><small>Pointed stones dug into the opposing Virizion!</small><br></div><div class="spacer battle-history"><br></div><div class="battle-history">Sigilyph used <strong>Air Slash</strong>!<br></div><div class="battle-history"><small>It's super effective!</small><br></div><div class="battle-history"><small>(The opposing Virizion lost <abbr title="−99/323">30.7%</abbr> of its health!)</small><br></div><div class="spacer battle-history"><br></div><div class="battle-history">The opposing Virizion fainted!<br></div><div class="spacer battle-history"><br></div><div class="battle-history"><small>The hail stopped.</small><br></div><div class="spacer battle-history"><br></div><div class="battle-history">Empo.♪ sent out <strong>Absol</strong>!<br></div><div class="battle-history"><small>Pointed stones dug into the opposing Absol!</small><br></div><div class="battle-history"><small>[The opposing Absol's Pressure]</small><br><small>The opposing Absol is exerting its pressure!</small><br></div><div class="spacer battle-history"><br></div><h2 class="battle-history">Turn 18</h2><div class="spacer battle-history"><br></div><div class="battle-history">Sigilyph used <strong>Air Slash</strong>!<br></div><div class="battle-history"><small>(The opposing Absol lost <abbr title="−80/271">29.5%</abbr> of its health!)</small><br></div><div class="spacer battle-history"><br></div><div class="battle-history">The opposing Absol fainted!<br></div><div class="spacer battle-history"><br></div><div class="battle-history">Empo.♪ sent out <strong>Jolteon</strong>!<br></div><div class="battle-history"><small>Pointed stones dug into the opposing Jolteon!</small><br></div><div class="spacer battle-history"><br></div><h2 class="battle-history">Turn 19</h2><div class="spacer battle-history"><br></div><div class="battle-history">The opposing Jolteon used <strong>Thunderbolt</strong>!<br></div><div class="battle-history"><small>It's super effective!</small><br></div><div class="battle-history"><small>Sigilyph hung on using its Focus Sash!</small><br></div><div class="battle-history"><small>(Sigilyph lost <abbr title="−284/285">99.6%</abbr> of its health!)</small><br></div><div class="battle-history"><small>The opposing Jolteon lost some of its HP!</small><br></div><div class="spacer battle-history"><br></div><div class="battle-history">Sigilyph used <strong>Dark Pulse</strong>!<br></div><div class="battle-history"><small>A critical hit!</small><br></div><div class="battle-history"><small>(The opposing Jolteon lost <abbr title="−128/271">47.2%</abbr> of its health!)</small><br></div><div class="spacer battle-history"><br></div><h2 class="battle-history">Turn 20</h2><div class="spacer battle-history"><br></div><div class="battle-history">The opposing Jolteon used <strong>Thunderbolt</strong>!<br></div><div class="battle-history"><small>It's super effective!</small><br></div><div class="battle-history"><small>(Sigilyph lost <abbr title="−1/285">0.4%</abbr> of its health!)</small><br></div><div class="battle-history"><small>The opposing Jolteon lost some of its HP!</small><br></div><div class="spacer battle-history"><br></div><div class="battle-history">Sigilyph fainted!<br></div><div class="spacer battle-history"><br></div><div class="battle-history">Go! <strong>Delphox</strong>!<br></div><div class="spacer battle-history"><br></div><h2 class="battle-history">Turn 21</h2><div class="spacer battle-history"><br></div><div class="battle-history">Delphox used <strong>Psyshock</strong>!<br></div><div class="battle-history"><small>(The opposing Jolteon lost <abbr title="−56/271">20.7%</abbr> of its health!)</small><br></div><div class="spacer battle-history"><br></div><div class="battle-history">The opposing Jolteon fainted!<br></div><div class="spacer battle-history"><br></div><div class="battle-history">Empo.♪ sent out <strong>Rhyperior</strong>!<br></div><div class="battle-history"><small>Pointed stones dug into the opposing Rhyperior!</small><br></div><div class="spacer battle-history"><br></div><h2 class="battle-history">Turn 22</h2><div class="spacer battle-history"><br></div><div class="battle-history">Delphox, come back!<br></div><div class="battle-history">Go! <strong>Blastoise</strong>!<br></div><div class="spacer battle-history"><br></div><div class="battle-history">The opposing Rhyperior used <strong>Earthquake</strong>!<br></div><div class="battle-history"><small>(Blastoise lost <abbr title="−123/361">34.1%</abbr> of its health!)</small><br></div><div class="spacer battle-history"><br></div><div class="battle-history"><small>Blastoise restored a little HP using its Leftovers!</small><br></div><div class="battle-history"><small>The opposing Rhyperior restored a little HP using its Leftovers!</small><br></div><div class="battle-history"><small>The opposing Rhyperior was hurt by poison!</small><br></div><div class="spacer battle-history"><br></div><h2 class="battle-history">Turn 23</h2><div class="spacer battle-history"><br></div><div class="battle-history">Empo.♪ withdrew Rhyperior!<br></div><div class="battle-history">Empo.♪ sent out <strong>Jellicent</strong>!<br></div><div class="battle-history"><small>Pointed stones dug into the opposing Jellicent!</small><br></div><div class="spacer battle-history"><br></div><div class="battle-history">Blastoise used <strong>Scald</strong>!<br></div><div class="battle-history"><small>[The opposing Jellicent's Water Absorb]</small><br><small>The opposing Jellicent restored its HP.</small><br></div><div class="spacer battle-history"><br></div><div class="battle-history"><small>Blastoise restored a little HP using its Leftovers!</small><br></div><div class="spacer battle-history"><br></div><h2 class="battle-history">Turn 24</h2><div class="spacer battle-history"><br></div><div class="battle-history">The opposing Jellicent used <strong>Taunt</strong>!<br></div><div class="battle-history"><small>Blastoise fell for the taunt!</small><br></div><div class="spacer battle-history"><br></div><div class="battle-history">Blastoise can't use Toxic after the taunt!<br></div><div class="spacer battle-history"><br></div><div class="battle-history"><small>Blastoise restored a little HP using its Leftovers!</small><br></div><div class="spacer battle-history"><br></div><h2 class="battle-history">Turn 25</h2><div class="spacer battle-history"><br></div><div class="battle-history">The opposing Jellicent used <strong>Will-O-Wisp</strong>!<br></div><div class="battle-history"><small>Blastoise was burned!</small><br></div><div class="spacer battle-history"><br></div><div class="battle-history">Blastoise used <strong>Scald</strong>!<br></div><div class="battle-history"><small>[The opposing Jellicent's Water Absorb]</small><br><small>It doesn't affect the opposing Jellicent...</small><br></div><div class="spacer battle-history"><br></div><div class="battle-history"><small>Blastoise restored a little HP using its Leftovers!</small><br></div><div class="battle-history"><small>Blastoise was hurt by its burn!</small><br></div><div class="spacer battle-history"><br></div><h2 class="battle-history">Turn 26</h2><div class="spacer battle-history"><br></div><div class="battle-history">The opposing Jellicent used <strong>Scald</strong>!<br></div><div class="battle-history"><small>It's not very effective...</small><br></div><div class="battle-history"><small>(Blastoise lost <abbr title="−36/361">10.0%</abbr> of its health!)</small><br></div><div class="spacer battle-history"><br></div><div class="battle-history">Blastoise used <strong>Scald</strong>!<br></div><div class="battle-history"><small>[The opposing Jellicent's Water Absorb]</small><br><small>It doesn't affect the opposing Jellicent...</small><br></div><div class="spacer battle-history"><br></div><div class="battle-history"><small>Blastoise restored a little HP using its Leftovers!</small><br></div><div class="battle-history"><small>Blastoise was hurt by its burn!</small><br></div><div class="battle-history"><small>Blastoise's taunt wore off!</small><br></div><div class="spacer battle-history"><br></div><h2 class="battle-history">Turn 27</h2><div class="spacer battle-history"><br></div><div class="battle-history">The opposing Jellicent used <strong>Scald</strong>!<br></div><div class="battle-history"><small>It's not very effective...</small><br></div><div class="battle-history"><small>(Blastoise lost <abbr title="−23/361">6.4%</abbr> of its health!)</small><br></div><div class="spacer battle-history"><br></div><div class="battle-history">Blastoise fainted!<br></div><div class="spacer battle-history"><br></div><div class="battle-history">Go! <strong>Aurorus</strong>!<br></div><div class="battle-history"><small>[Aurorus's Snow Warning]</small><br><small>It started to hail!</small><br></div><div class="spacer battle-history"><br></div><h2 class="battle-history">Turn 28</h2><div class="spacer battle-history"><br></div><div class="battle-history">Aurorus used <strong>Freeze-Dry</strong>!<br></div><div class="battle-history"><small>It's super effective!</small><br></div><div class="battle-history"><small>(The opposing Jellicent lost <abbr title="−320/404">79.2%</abbr> of its health!)</small><br></div><div class="spacer battle-history"><br></div><div class="battle-history">The opposing Jellicent used <strong>Scald</strong>!<br></div><div class="battle-history"><small>It's super effective!</small><br></div><div class="battle-history"><small>(Aurorus lost <abbr title="−168/401">41.9%</abbr> of its health!)</small><br></div><div class="spacer battle-history"><br></div><div class="battle-history"><small>The hail is crashing down.</small><br></div><div class="battle-history"><small>The opposing Jellicent is buffeted by the hail!</small><br></div><div class="battle-history"><small>The opposing Jellicent restored a little HP using its Leftovers!</small><br></div><div class="spacer battle-history"><br></div><h2 class="battle-history">Turn 29</h2><div class="spacer battle-history"><br></div><div class="battle-history"><small>Empo.♪ forfeited.</small><br></div><div class="chat"><small>Empo.♪ left.</small></div><div class="spacer battle-history"><br></div><div class="battle-history"><strong>EviGaro</strong> won the battle!<br></div></div><div class="inner-preempt"></div></div></div>
</div>
<script>
let daily = Math.floor(Date.now()/1000/60/60/24);document.write('<script src="https://play.pokemonshowdown.com/js/replay-embed.js?version'+daily+'"></'+'script>');
</script>
