<!DOCTYPE html>
<meta charset="utf-8" />
<!-- version 1 -->
<title>RU replay: LCezasfuck vs. NaiiXus</title>
<style>
html,body {font-family:Verdana, sans-serif;font-size:10pt;margin:0;padding:0;}body{padding:12px 0;} .battle-log {font-family:Verdana, sans-serif;font-size:10pt;} .battle-log-inline {border:1px solid #AAAAAA;background:#EEF2F5;color:black;max-width:640px;margin:0 auto 80px;padding-bottom:5px;} .battle-log .inner {padding:4px 8px 0px 8px;} .battle-log .inner-preempt {padding:0 8px 4px 8px;} .battle-log .inner-after {margin-top:0.5em;} .battle-log h2 {margin:0.5em -8px;padding:4px 8px;border:1px solid #AAAAAA;background:#E0E7EA;border-left:0;border-right:0;font-family:Verdana, sans-serif;font-size:13pt;} .battle-log .chat {vertical-align:middle;padding:3px 0 3px 0;font-size:8pt;} .battle-log .chat strong {color:#40576A;} .battle-log .chat em {padding:1px 4px 1px 3px;color:#000000;font-style:normal;} .chat.mine {background:rgba(0,0,0,0.05);margin-left:-8px;margin-right:-8px;padding-left:8px;padding-right:8px;} .spoiler {color:#BBBBBB;background:#BBBBBB;padding:0px 3px;} .spoiler:hover, .spoiler:active, .spoiler-shown {color:#000000;background:#E2E2E2;padding:0px 3px;} .spoiler a {color:#BBBBBB;} .spoiler:hover a, .spoiler:active a, .spoiler-shown a {color:#2288CC;} .chat code, .chat .spoiler:hover code, .chat .spoiler:active code, .chat .spoiler-shown code {border:1px solid #C0C0C0;background:#EEEEEE;color:black;padding:0 2px;} .chat .spoiler code {border:1px solid #CCCCCC;background:#CCCCCC;color:#CCCCCC;} .battle-log .rated {padding:3px 4px;} .battle-log .rated strong {color:white;background:#89A;padding:1px 4px;border-radius:4px;} .spacer {margin-top:0.5em;} .message-announce {background:#6688AA;color:white;padding:1px 4px 2px;} .message-announce a, .broadcast-green a, .broadcast-blue a, .broadcast-red a {color:#DDEEFF;} .broadcast-green {background-color:#559955;color:white;padding:2px 4px;} .broadcast-blue {background-color:#6688AA;color:white;padding:2px 4px;} .infobox {border:1px solid #6688AA;padding:2px 4px;} .infobox-limited {max-height:200px;overflow:auto;overflow-x:hidden;} .broadcast-red {background-color:#AA5544;color:white;padding:2px 4px;} .message-learn-canlearn {font-weight:bold;color:#228822;text-decoration:underline;} .message-learn-cannotlearn {font-weight:bold;color:#CC2222;text-decoration:underline;} .message-effect-weak {font-weight:bold;color:#CC2222;} .message-effect-resist {font-weight:bold;color:#6688AA;} .message-effect-immune {font-weight:bold;color:#666666;} .message-learn-list {margin-top:0;margin-bottom:0;} .message-throttle-notice, .message-error {color:#992222;} .message-overflow, .chat small.message-overflow {font-size:0pt;} .message-overflow::before {font-size:9pt;content:'...';} .subtle {color:#3A4A66;}
</style>
<div class="wrapper replay-wrapper" style="max-width:1180px;margin:0 auto">
<input type="hidden" name="replayid" value="ru-502289260" />
<div class="battle"></div><div class="battle-log"></div><div class="replay-controls"></div><div class="replay-controls-2"></div>
<h1 style="font-weight:normal;text-align:center"><strong>RU</strong><br /><a href="http://pokemonshowdown.com/users/lcezasfuck" class="subtle" target="_blank">LCezasfuck</a> vs. <a href="http://pokemonshowdown.com/users/naiixus" class="subtle" target="_blank">NaiiXus</a></h1>
<script type="text/plain" class="battle-log-data">|j|LCezasfuck
|j|NaiiXus
|player|p1|LCezasfuck|184
|player|p2|NaiiXus|96
|gametype|singles
|gen|6
|tier|RU
|rated
|seed|2529,28840,40364,17459
|rule|Sleep Clause Mod: Limit one foe put to sleep
|rule|Species Clause: Limit one of each Pokémon
|rule|OHKO Clause: OHKO moves are banned
|rule|Moody Clause: Moody is banned
|rule|Evasion Moves Clause: Evasion moves are banned
|rule|Endless Battle Clause: Forcing endless battles is banned
|rule|HP Percentage Mod: HP is shown in percentages
|clearpoke
|poke|p1|Alomomola, F|item
|poke|p1|Togetic, M|item
|poke|p1|Bronzong|item
|poke|p1|Virizion|item
|poke|p1|Glalie, M|item
|poke|p1|Hitmontop, M|item
|poke|p2|Jolteon, M|item
|poke|p2|Omastar, M, shiny|item
|poke|p2|Drifblim, M, shiny|item
|poke|p2|Ferroseed, M, shiny|item
|poke|p2|Sandslash, M, shiny|item
|poke|p2|Miltank, F|item
|rule|Swagger Clause: Swagger is banned
|rule|Baton Pass Clause: Limit one Baton Passer, can't pass Spe and other stats simultaneously
|teampreview
|c|★LCezasfuck|Easy team
|c|★NaiiXus|Helo :)
|c|★NaiiXus|We will see this ^^
|choice|team 3, team 2, team 1, team 4, team 5, team 6|team 5, team 2, team 3, team 4, team 1, team 6
|
|start
|switch|p1a: U know my pain?|Bronzong|338\/338
|switch|p2a: Sandslash|Sandslash, M, shiny|354\/354
|turn|1
|c|★LCezasfuck|see what
|choice|switch 6|move knockoff
|
|switch|p1a: Bulk up sweep mach|Hitmontop, M|304\/304
|-ability|p1a: Bulk up sweep mach|Intimidate|boost
|-unboost|p2a: Sandslash|atk|1
|move|p2a: Sandslash|Knock Off|p1a: Bulk up sweep mach
|-resisted|p1a: Bulk up sweep mach
|-damage|p1a: Bulk up sweep mach|285\/304
|-enditem|p1a: Bulk up sweep mach|Leftovers|[from] move: Knock Off|[of] p2a: Sandslash
|
|upkeep
|turn|2
|choice|move toxic|move earthquake
|
|move|p1a: Bulk up sweep mach|Toxic|p2a: Sandslash
|-status|p2a: Sandslash|tox
|move|p2a: Sandslash|Earthquake|p1a: Bulk up sweep mach
|-damage|p1a: Bulk up sweep mach|230\/304
|
|-damage|p2a: Sandslash|332\/354 tox|[from] psn
|upkeep
|turn|3
|choice|move closecombat|switch 3
|
|switch|p2a: Drifblim|Drifblim, M, shiny|471\/471
|move|p1a: Bulk up sweep mach|Close Combat|p2a: Drifblim
|-immune|p2a: Drifblim|[msg]
|
|upkeep
|turn|4
|choice|move toxic|move substitute
|
|move|p2a: Drifblim|Substitute|p2a: Drifblim
|-start|p2a: Drifblim|Substitute
|-damage|p2a: Drifblim|354\/471
|move|p1a: Bulk up sweep mach|Toxic|p2a: Drifblim
|-fail|p2a: Drifblim
|
|upkeep
|turn|5
|choice|switch 3|move willowisp
|
|switch|p1a: Bored world|Alomomola, F|534\/534
|move|p2a: Drifblim|Will-O-Wisp|p1a: Bored world|[miss]
|-miss|p2a: Drifblim|p1a: Bored world
|
|upkeep
|turn|6
|choice|move wish|move knockoff
|
|move|p2a: Drifblim|Knock Off|p1a: Bored world
|-damage|p1a: Bored world|468\/534
|-damage|p2a: Drifblim|276\/471|[from] item: Rocky Helmet|[of] p1a: Bored world
|-enditem|p1a: Bored world|Rocky Helmet|[from] move: Knock Off|[of] p2a: Drifblim
|move|p1a: Bored world|Wish|p1a: Bored world
|
|upkeep
|turn|7
|choice|switch 3|move willowisp
|
|switch|p1a: Bulk up sweep mach|Hitmontop, M|230\/304
|-ability|p1a: Bulk up sweep mach|Intimidate|boost
|-immune|p2a: Drifblim|[msg]
|move|p2a: Drifblim|Will-O-Wisp|p1a: Bulk up sweep mach
|-status|p1a: Bulk up sweep mach|brn
|
|-heal|p1a: Bulk up sweep mach|304\/304 brn|[from] move: Wish|[wisher] Bored world
|-damage|p1a: Bulk up sweep mach|266\/304 brn|[from] brn
|upkeep
|turn|8
|choice|switch 3|move acrobatics
|
|switch|p1a: Bored world|Alomomola, F|534\/534
|move|p2a: Drifblim|Acrobatics|p1a: Bored world
|-damage|p1a: Bored world|468\/534
|
|upkeep
|turn|9
|choice|move scald|switch 4
|
|switch|p2a: Ferroseed|Ferroseed, M, shiny|292\/292
|move|p1a: Bored world|Scald|p2a: Ferroseed
|-resisted|p2a: Ferroseed
|-damage|p2a: Ferroseed|276\/292
|-status|p2a: Ferroseed|brn
|
|-damage|p2a: Ferroseed|240\/292 brn|[from] brn
|upkeep
|turn|10
|choice|switch 2|switch 6
|
|switch|p1a: I hate my life|Togetic, M|314\/314
|switch|p2a: Miltank|Miltank, F|394\/394
|
|upkeep
|turn|11
|choice|move healbell|move healbell
|
|move|p2a: Miltank|Heal Bell|p2a: Miltank
|-activate|p2a: Miltank|move: Heal Bell
|-curestatus|p2: Sandslash|tox|[msg]
|-curestatus|p2: Ferroseed|brn|[msg]
|move|p1a: I hate my life|Heal Bell|p1a: I hate my life
|-activate|p1a: I hate my life|move: Heal Bell
|-curestatus|p1: Bulk up sweep mach|brn|[msg]
|
|upkeep
|turn|12
|choice|move flamethrower|move bodyslam
|
|move|p2a: Miltank|Body Slam|p1a: I hate my life
|-damage|p1a: I hate my life|245\/314
|move|p1a: I hate my life|Flamethrower|p2a: Miltank
|-damage|p2a: Miltank|352\/394
|
|-heal|p2a: Miltank|376\/394|[from] item: Leftovers
|upkeep
|turn|13
|choice|move roost|switch 5
|
|switch|p2a: Jolteon|Jolteon, M|271\/271
|move|p1a: I hate my life|Roost|p1a: I hate my life
|-heal|p1a: I hate my life|314\/314
|
|upkeep
|turn|14
|choice|move roost|move hiddenpower
|
|move|p2a: Jolteon|Hidden Power|p1a: I hate my life
|-damage|p1a: I hate my life|265\/314
|move|p1a: I hate my life|Roost|p1a: I hate my life
|-heal|p1a: I hate my life|314\/314
|
|upkeep
|turn|15
|choice|switch 6|move hiddenpower
|
|switch|p1a: U know my pain?|Bronzong|338\/338
|move|p2a: Jolteon|Hidden Power|p1a: U know my pain?
|-supereffective|p1a: U know my pain?
|-damage|p1a: U know my pain?|212\/338
|
|-heal|p1a: U know my pain?|233\/338|[from] item: Leftovers
|upkeep
|turn|16
|choice|move lightscreen|move hiddenpower
|
|move|p2a: Jolteon|Hidden Power|p1a: U know my pain?
|-supereffective|p1a: U know my pain?
|-damage|p1a: U know my pain?|113\/338
|move|p1a: U know my pain?|Light Screen|p1a: U know my pain?
|-sidestart|p1: LCezasfuck|move: Light Screen
|
|-heal|p1a: U know my pain?|134\/338|[from] item: Leftovers
|upkeep
|turn|17
|choice|move stealthrock|move hiddenpower
|
|move|p2a: Jolteon|Hidden Power|p1a: U know my pain?
|-supereffective|p1a: U know my pain?
|-damage|p1a: U know my pain?|66\/338
|move|p1a: U know my pain?|Stealth Rock|p2a: Jolteon
|-sidestart|p2: NaiiXus|move: Stealth Rock
|
|-heal|p1a: U know my pain?|87\/338|[from] item: Leftovers
|upkeep
|turn|18
|choice|switch 2|switch 3
|
|switch|p2a: Sandslash|Sandslash, M, shiny|332\/354
|-damage|p2a: Sandslash|310\/354|[from] Stealth Rock
|switch|p1a: Bored world|Alomomola, F|534\/534
|
|-heal|p2a: Sandslash|332\/354|[from] item: Leftovers
|upkeep
|turn|19
|choice|move scald|switch 6
|
|switch|p2a: Ferroseed|Ferroseed, M, shiny|240\/292
|-damage|p2a: Ferroseed|222\/292|[from] Stealth Rock
|move|p1a: Bored world|Scald|p2a: Ferroseed
|-resisted|p2a: Ferroseed
|-damage|p2a: Ferroseed|203\/292
|
|upkeep
|turn|20
|choice|move wish|move stealthrock
|
|move|p1a: Bored world|Wish|p1a: Bored world
|move|p2a: Ferroseed|Stealth Rock|p1a: Bored world
|-sidestart|p1: LCezasfuck|move: Stealth Rock
|
|-sideend|p1: LCezasfuck|move: Light Screen
|upkeep
|turn|21
|choice|switch 2|move spikes
|
|switch|p1a: U know my pain?|Bronzong|87\/338
|-damage|p1a: U know my pain?|66\/338|[from] Stealth Rock
|move|p2a: Ferroseed|Spikes|p1a: U know my pain?
|-sidestart|p1: LCezasfuck|Spikes
|
|-heal|p1a: U know my pain?|333\/338|[from] move: Wish|[wisher] Bored world
|-heal|p1a: U know my pain?|338\/338|[from] item: Leftovers
|upkeep
|turn|22
|choice|switch 6|move spikes
|
|switch|p1a: I hate my life|Togetic, M|314\/314
|-damage|p1a: I hate my life|236\/314|[from] Stealth Rock
|move|p2a: Ferroseed|Spikes|p1a: I hate my life
|-sidestart|p1: LCezasfuck|Spikes
|
|upkeep
|turn|23
|choice|move defog|switch 3
|
|switch|p2a: Jolteon|Jolteon, M|271\/271
|-damage|p2a: Jolteon|238\/271|[from] Stealth Rock
|move|p1a: I hate my life|Defog|p2a: Jolteon
|-unboost|p2a: Jolteon|evasion|1
|-sideend|p2: NaiiXus|Stealth Rock|[from] move: Defog|[of] p2a: Jolteon
|-sideend|p1: LCezasfuck|Spikes|[from] move: Defog|[of] p1a: I hate my life
|-sideend|p1: LCezasfuck|Stealth Rock|[from] move: Defog|[of] p1a: I hate my life
|
|upkeep
|turn|24
|choice|switch 4|move voltswitch
|
|switch|p1a: StallBreaker2|Virizion|323\/323
|move|p2a: Jolteon|Volt Switch|p1a: StallBreaker2
|-resisted|p1a: StallBreaker2
|-damage|p1a: StallBreaker2|261\/323
|choice||switch 4
|
|switch|p2a: Drifblim|Drifblim, M, shiny|276\/471
|
|upkeep
|turn|25
|choice|move stoneedge|move substitute
|
|move|p1a: StallBreaker2|Stone Edge|p2a: Drifblim
|-supereffective|p2a: Drifblim
|-damage|p2a: Drifblim|0 fnt
|faint|p2a: Drifblim
|
|upkeep
|choice||switch 4
|
|switch|p2a: Jolteon|Jolteon, M|238\/271
|turn|26
|choice|move closecombat|move hiddenpower
|
|move|p2a: Jolteon|Hidden Power|p1a: StallBreaker2
|-supereffective|p1a: StallBreaker2
|-damage|p1a: StallBreaker2|99\/323
|move|p1a: StallBreaker2|Close Combat|p2a: Jolteon
|-damage|p2a: Jolteon|0 fnt
|-unboost|p1a: StallBreaker2|def|1
|-unboost|p1a: StallBreaker2|spd|1
|faint|p2a: Jolteon
|
|upkeep
|c|★NaiiXus|:o
|c|★LCezasfuck|Previous battle
|c|★LCezasfuck|You lose to this so
|c|★NaiiXus|wp  ^^
|c|★LCezasfuck|Change sandslash to hitmontop
|c|★LCezasfuck|Can prove this
|c|★LCezasfuck|K?
|c|★LCezasfuck|Hitmontop can rapid spin too
|c|★NaiiXus|prefer chhange ferroseed ^^
|c|★NaiiXus|I know this
|c|★NaiiXus|I love play hitmontop :)
|c|★NaiiXus|That is a new team ^^
|choice||switch 2
|
|switch|p2a: Omastar|Omastar, M, shiny|281\/281
|turn|27
|choice|move leafblade|move icebeam
|
|move|p1a: StallBreaker2|Leaf Blade|p2a: Omastar
|-supereffective|p2a: Omastar
|-damage|p2a: Omastar|0 fnt
|faint|p2a: Omastar
|
|upkeep
|c|★LCezasfuck|Yeah
|c|★LCezasfuck|Ferroseed is outclass
|c|★LCezasfuck|It use only LC and NU
|c|★NaiiXus|you win :)
|c|★LCezasfuck|kk
|c|★NaiiXus|have fun n well play :)
|-message|NaiiXus forfeited.
|
|win|LCezasfuck
|player|p1
|player|p2
|l|NaiiXus
|raw|LCezasfuck's rating: 1572 &rarr; <strong>1576<\/strong><br \/>(+4 for winning)
|raw|NaiiXus's rating: 1176 &rarr; <strong>1171<\/strong><br \/>(-5 for losing)</script>
</div>
<div class="battle-log battle-log-inline"><div class="inner"><div class="battle-options"></div><div class="inner"><div class="chat"><small>LCezasfuck joined.</small></div><div class="chat"><small>NaiiXus joined.</small></div><div class=""><small>Format:</small> <br><strong>RU</strong></div><div class="rated"><strong>Rated battle</strong></div><div class=""><small><em>Sleep Clause Mod:</em> Limit one foe put to sleep</small></div><div class=""><small><em>Species Clause:</em> Limit one of each Pokémon</small></div><div class=""><small><em>OHKO Clause:</em> OHKO moves are banned</small></div><div class=""><small><em>Moody Clause:</em> Moody is banned</small></div><div class=""><small><em>Evasion Moves Clause:</em> Evasion moves are banned</small></div><div class=""><small><em>Endless Battle Clause:</em> Forcing endless battles is banned</small></div><div class=""><small><em>HP Percentage Mod:</em> HP is shown in percentages</small></div><div class=""><small><em>Swagger Clause:</em> Swagger is banned</small></div><div class=""><small><em>Baton Pass Clause:</em> Limit one Baton Passer, can't pass Spe and other stats simultaneously</small></div><div class="chat battle-history"><strong>LCezasfuck's team:</strong> <em style="color:#445566;display:block;">Alomomola / Togetic / Bronzong / Virizion / Glalie / Hitmontop</em></div><div class="chat battle-history"><strong>NaiiXus's team:</strong> <em style="color:#445566;display:block;">Jolteon / Omastar / Drifblim / Ferroseed / Sandslash / Miltank</em></div><div class="chat chatmessage-lcezasfuck"><strong style="color:hsl(63,60%,38.09380051909%)"><small>★</small><span class="username" data-name="LCezasfuck">LCezasfuck</span>:</strong> <em>Easy team</em></div><div class="chat chatmessage-naiixus"><strong style="color:hsl(318,44%,46.82693022207536%)"><small>★</small><span class="username" data-name="NaiiXus">NaiiXus</span>:</strong> <em>Helo :)</em></div><div class="chat chatmessage-naiixus"><strong style="color:hsl(318,44%,46.82693022207536%)"><small>★</small><span class="username" data-name="NaiiXus">NaiiXus</span>:</strong> <em>We will see this ^^</em></div><div class="spacer battle-history"><br></div><div class="battle-history">Battle started between LCezasfuck and NaiiXus!<br></div><div class="spacer battle-history"><br></div><div class="battle-history">Go! U know my pain? (<strong>Bronzong</strong>)!<br></div><div class="spacer battle-history"><br></div><div class="battle-history">NaiiXus sent out <strong>Sandslash</strong>!<br></div><div class="spacer battle-history"><br></div><h2 class="battle-history">Turn 1</h2><div class="chat chatmessage-lcezasfuck"><strong style="color:hsl(63,60%,38.09380051909%)"><small>★</small><span class="username" data-name="LCezasfuck">LCezasfuck</span>:</strong> <em>see what</em></div><div class="spacer battle-history"><br></div><div class="battle-history">U know my pain?, come back!<br></div><div class="battle-history">Go! Bulk up sweep mach (<strong>Hitmontop</strong>)!<br></div><div class="battle-history"><small>[Bulk up sweep mach's Intimidate]</small><br></div><div class="battle-history"><small>The opposing Sandslash's Attack fell!</small><br></div><div class="spacer battle-history"><br></div><div class="battle-history">The opposing Sandslash used <strong>Knock Off</strong>!<br></div><div class="battle-history"><small>It's not very effective...</small><br></div><div class="battle-history"><small>(Bulk up sweep mach lost <abbr title="−19/304">6.3%</abbr> of its health!)</small><br></div><div class="battle-history"><small>The opposing Sandslash knocked off Bulk up sweep mach's Leftovers!</small><br></div><div class="spacer battle-history"><br></div><h2 class="battle-history">Turn 2</h2><div class="spacer battle-history"><br></div><div class="battle-history">Bulk up sweep mach used <strong>Toxic</strong>!<br></div><div class="battle-history"><small>The opposing Sandslash was badly poisoned!</small><br></div><div class="spacer battle-history"><br></div><div class="battle-history">The opposing Sandslash used <strong>Earthquake</strong>!<br></div><div class="battle-history"><small>(Bulk up sweep mach lost <abbr title="−55/304">18.1%</abbr> of its health!)</small><br></div><div class="spacer battle-history"><br></div><div class="battle-history"><small>The opposing Sandslash was hurt by poison!</small><br></div><div class="spacer battle-history"><br></div><h2 class="battle-history">Turn 3</h2><div class="spacer battle-history"><br></div><div class="battle-history">NaiiXus withdrew Sandslash!<br></div><div class="battle-history">NaiiXus sent out <strong>Drifblim</strong>!<br></div><div class="spacer battle-history"><br></div><div class="battle-history">Bulk up sweep mach used <strong>Close Combat</strong>!<br></div><div class="battle-history"><small>It doesn't affect the opposing Drifblim...</small><br></div><div class="spacer battle-history"><br></div><h2 class="battle-history">Turn 4</h2><div class="spacer battle-history"><br></div><div class="battle-history">The opposing Drifblim used <strong>Substitute</strong>!<br></div><div class="battle-history"><small>The opposing Drifblim put in a substitute!</small><br></div><div class="battle-history"><small>(The opposing Drifblim lost <abbr title="−117/471">24.8%</abbr> of its health!)</small><br></div><div class="spacer battle-history"><br></div><div class="battle-history">Bulk up sweep mach used <strong>Toxic</strong>!<br></div><div class="battle-history"><small>But it failed!</small><br></div><div class="spacer battle-history"><br></div><h2 class="battle-history">Turn 5</h2><div class="spacer battle-history"><br></div><div class="battle-history">Bulk up sweep mach, come back!<br></div><div class="battle-history">Go! Bored world (<strong>Alomomola</strong>)!<br></div><div class="spacer battle-history"><br></div><div class="battle-history">The opposing Drifblim used <strong>Will-O-Wisp</strong>!<br></div><div class="battle-history"><small>Bored world avoided the attack!</small><br></div><div class="spacer battle-history"><br></div><h2 class="battle-history">Turn 6</h2><div class="spacer battle-history"><br></div><div class="battle-history">The opposing Drifblim used <strong>Knock Off</strong>!<br></div><div class="battle-history"><small>(Bored world lost <abbr title="−66/534">12.4%</abbr> of its health!)</small><br></div><div class="battle-history"><small>The opposing Drifblim was hurt by the Rocky Helmet!</small><br></div><div class="battle-history"><small>The opposing Drifblim knocked off Bored world's Rocky Helmet!</small><br></div><div class="spacer battle-history"><br></div><div class="battle-history">Bored world used <strong>Wish</strong>!<br></div><div class="spacer battle-history"><br></div><h2 class="battle-history">Turn 7</h2><div class="spacer battle-history"><br></div><div class="battle-history">Bored world, come back!<br></div><div class="battle-history">Go! Bulk up sweep mach (<strong>Hitmontop</strong>)!<br></div><div class="battle-history"><small>[Bulk up sweep mach's Intimidate]</small><br></div><div class="battle-history"><small>It doesn't affect the opposing Drifblim...</small><br></div><div class="spacer battle-history"><br></div><div class="battle-history">The opposing Drifblim used <strong>Will-O-Wisp</strong>!<br></div><div class="battle-history"><small>Bulk up sweep mach was burned!</small><br></div><div class="spacer battle-history"><br></div><div class="battle-history"><small>Bored world's wish came true!</small><br></div><div class="battle-history"><small>Bulk up sweep mach was hurt by its burn!</small><br></div><div class="spacer battle-history"><br></div><h2 class="battle-history">Turn 8</h2><div class="spacer battle-history"><br></div><div class="battle-history">Bulk up sweep mach, come back!<br></div><div class="battle-history">Go! Bored world (<strong>Alomomola</strong>)!<br></div><div class="spacer battle-history"><br></div><div class="battle-history">The opposing Drifblim used <strong>Acrobatics</strong>!<br></div><div class="battle-history"><small>(Bored world lost <abbr title="−66/534">12.4%</abbr> of its health!)</small><br></div><div class="spacer battle-history"><br></div><h2 class="battle-history">Turn 9</h2><div class="spacer battle-history"><br></div><div class="battle-history">NaiiXus withdrew Drifblim!<br></div><div class="battle-history">NaiiXus sent out <strong>Ferroseed</strong>!<br></div><div class="spacer battle-history"><br></div><div class="battle-history">Bored world used <strong>Scald</strong>!<br></div><div class="battle-history"><small>It's not very effective...</small><br></div><div class="battle-history"><small>(The opposing Ferroseed lost <abbr title="−16/292">5.5%</abbr> of its health!)</small><br></div><div class="battle-history"><small>The opposing Ferroseed was burned!</small><br></div><div class="spacer battle-history"><br></div><div class="battle-history"><small>The opposing Ferroseed was hurt by its burn!</small><br></div><div class="spacer battle-history"><br></div><h2 class="battle-history">Turn 10</h2><div class="spacer battle-history"><br></div><div class="battle-history">Bored world, come back!<br></div><div class="battle-history">Go! I hate my life (<strong>Togetic</strong>)!<br></div><div class="spacer battle-history"><br></div><div class="battle-history">NaiiXus withdrew Ferroseed!<br></div><div class="battle-history">NaiiXus sent out <strong>Miltank</strong>!<br></div><div class="spacer battle-history"><br></div><h2 class="battle-history">Turn 11</h2><div class="spacer battle-history"><br></div><div class="battle-history">The opposing Miltank used <strong>Heal Bell</strong>!<br></div><div class="battle-history"><small>A bell chimed!</small><br></div><div class="battle-history"><small>The opposing Sandslash was cured of its poisoning.</small><br></div><div class="battle-history"><small>The opposing Ferroseed's burn was healed.</small><br></div><div class="spacer battle-history"><br></div><div class="battle-history">I hate my life used <strong>Heal Bell</strong>!<br></div><div class="battle-history"><small>A bell chimed!</small><br></div><div class="battle-history"><small>Bulk up sweep mach's burn was healed.</small><br></div><div class="spacer battle-history"><br></div><h2 class="battle-history">Turn 12</h2><div class="spacer battle-history"><br></div><div class="battle-history">The opposing Miltank used <strong>Body Slam</strong>!<br></div><div class="battle-history"><small>(I hate my life lost <abbr title="−69/314">22.0%</abbr> of its health!)</small><br></div><div class="spacer battle-history"><br></div><div class="battle-history">I hate my life used <strong>Flamethrower</strong>!<br></div><div class="battle-history"><small>(The opposing Miltank lost <abbr title="−42/394">10.7%</abbr> of its health!)</small><br></div><div class="spacer battle-history"><br></div><div class="battle-history"><small>The opposing Miltank restored a little HP using its Leftovers!</small><br></div><div class="spacer battle-history"><br></div><h2 class="battle-history">Turn 13</h2><div class="spacer battle-history"><br></div><div class="battle-history">NaiiXus withdrew Miltank!<br></div><div class="battle-history">NaiiXus sent out <strong>Jolteon</strong>!<br></div><div class="spacer battle-history"><br></div><div class="battle-history">I hate my life used <strong>Roost</strong>!<br></div><div class="battle-history"><small>I hate my life restored its HP.</small><br></div><div class="spacer battle-history"><br></div><h2 class="battle-history">Turn 14</h2><div class="spacer battle-history"><br></div><div class="battle-history">The opposing Jolteon used <strong>Hidden Power</strong>!<br></div><div class="battle-history"><small>(I hate my life lost <abbr title="−49/314">15.6%</abbr> of its health!)</small><br></div><div class="spacer battle-history"><br></div><div class="battle-history">I hate my life used <strong>Roost</strong>!<br></div><div class="battle-history"><small>I hate my life restored its HP.</small><br></div><div class="spacer battle-history"><br></div><h2 class="battle-history">Turn 15</h2><div class="spacer battle-history"><br></div><div class="battle-history">I hate my life, come back!<br></div><div class="battle-history">Go! U know my pain? (<strong>Bronzong</strong>)!<br></div><div class="spacer battle-history"><br></div><div class="battle-history">The opposing Jolteon used <strong>Hidden Power</strong>!<br></div><div class="battle-history"><small>It's super effective!</small><br></div><div class="battle-history"><small>(U know my pain? lost <abbr title="−126/338">37.3%</abbr> of its health!)</small><br></div><div class="spacer battle-history"><br></div><div class="battle-history"><small>U know my pain? restored a little HP using its Leftovers!</small><br></div><div class="spacer battle-history"><br></div><h2 class="battle-history">Turn 16</h2><div class="spacer battle-history"><br></div><div class="battle-history">The opposing Jolteon used <strong>Hidden Power</strong>!<br></div><div class="battle-history"><small>It's super effective!</small><br></div><div class="battle-history"><small>(U know my pain? lost <abbr title="−120/338">35.5%</abbr> of its health!)</small><br></div><div class="spacer battle-history"><br></div><div class="battle-history">U know my pain? used <strong>Light Screen</strong>!<br></div><div class="battle-history"><small>Light Screen made your team stronger against special moves!</small><br></div><div class="spacer battle-history"><br></div><div class="battle-history"><small>U know my pain? restored a little HP using its Leftovers!</small><br></div><div class="spacer battle-history"><br></div><h2 class="battle-history">Turn 17</h2><div class="spacer battle-history"><br></div><div class="battle-history">The opposing Jolteon used <strong>Hidden Power</strong>!<br></div><div class="battle-history"><small>It's super effective!</small><br></div><div class="battle-history"><small>(U know my pain? lost <abbr title="−68/338">20.1%</abbr> of its health!)</small><br></div><div class="spacer battle-history"><br></div><div class="battle-history">U know my pain? used <strong>Stealth Rock</strong>!<br></div><div class="battle-history"><small>Pointed stones float in the air around the opposing team!</small><br></div><div class="spacer battle-history"><br></div><div class="battle-history"><small>U know my pain? restored a little HP using its Leftovers!</small><br></div><div class="spacer battle-history"><br></div><h2 class="battle-history">Turn 18</h2><div class="spacer battle-history"><br></div><div class="battle-history">NaiiXus withdrew Jolteon!<br></div><div class="battle-history">NaiiXus sent out <strong>Sandslash</strong>!<br></div><div class="battle-history"><small>Pointed stones dug into the opposing Sandslash!</small><br></div><div class="spacer battle-history"><br></div><div class="battle-history">U know my pain?, come back!<br></div><div class="battle-history">Go! Bored world (<strong>Alomomola</strong>)!<br></div><div class="spacer battle-history"><br></div><div class="battle-history"><small>The opposing Sandslash restored a little HP using its Leftovers!</small><br></div><div class="spacer battle-history"><br></div><h2 class="battle-history">Turn 19</h2><div class="spacer battle-history"><br></div><div class="battle-history">NaiiXus withdrew Sandslash!<br></div><div class="battle-history">NaiiXus sent out <strong>Ferroseed</strong>!<br></div><div class="battle-history"><small>Pointed stones dug into the opposing Ferroseed!</small><br></div><div class="spacer battle-history"><br></div><div class="battle-history">Bored world used <strong>Scald</strong>!<br></div><div class="battle-history"><small>It's not very effective...</small><br></div><div class="battle-history"><small>(The opposing Ferroseed lost <abbr title="−19/292">6.5%</abbr> of its health!)</small><br></div><div class="spacer battle-history"><br></div><h2 class="battle-history">Turn 20</h2><div class="spacer battle-history"><br></div><div class="battle-history">Bored world used <strong>Wish</strong>!<br></div><div class="spacer battle-history"><br></div><div class="battle-history">The opposing Ferroseed used <strong>Stealth Rock</strong>!<br></div><div class="battle-history"><small>Pointed stones float in the air around your team!</small><br></div><div class="spacer battle-history"><br></div><div class="battle-history"><small>Your team's Light Screen wore off!</small><br></div><div class="spacer battle-history"><br></div><h2 class="battle-history">Turn 21</h2><div class="spacer battle-history"><br></div><div class="battle-history">Bored world, come back!<br></div><div class="battle-history">Go! U know my pain? (<strong>Bronzong</strong>)!<br></div><div class="battle-history"><small>Pointed stones dug into U know my pain?!</small><br></div><div class="spacer battle-history"><br></div><div class="battle-history">The opposing Ferroseed used <strong>Spikes</strong>!<br></div><div class="battle-history"><small>Spikes were scattered on the ground all around your team!</small><br></div><div class="spacer battle-history"><br></div><div class="battle-history"><small>Bored world's wish came true!</small><br></div><div class="battle-history"><small>U know my pain? restored a little HP using its Leftovers!</small><br></div><div class="spacer battle-history"><br></div><h2 class="battle-history">Turn 22</h2><div class="spacer battle-history"><br></div><div class="battle-history">U know my pain?, come back!<br></div><div class="battle-history">Go! I hate my life (<strong>Togetic</strong>)!<br></div><div class="battle-history"><small>Pointed stones dug into I hate my life!</small><br></div><div class="spacer battle-history"><br></div><div class="battle-history">The opposing Ferroseed used <strong>Spikes</strong>!<br></div><div class="battle-history"><small>Spikes were scattered on the ground all around your team!</small><br></div><div class="spacer battle-history"><br></div><h2 class="battle-history">Turn 23</h2><div class="spacer battle-history"><br></div><div class="battle-history">NaiiXus withdrew Ferroseed!<br></div><div class="battle-history">NaiiXus sent out <strong>Jolteon</strong>!<br></div><div class="battle-history"><small>Pointed stones dug into the opposing Jolteon!</small><br></div><div class="spacer battle-history"><br></div><div class="battle-history">I hate my life used <strong>Defog</strong>!<br></div><div class="battle-history"><small>The opposing Jolteon's evasiveness fell!</small><br></div><div class="battle-history"><small>The pointed stones disappeared from around the opposing team!</small><br></div><div class="battle-history"><small>The spikes disappeared from the ground around your team!</small><br></div><div class="battle-history"><small>The pointed stones disappeared from around your team!</small><br></div><div class="spacer battle-history"><br></div><h2 class="battle-history">Turn 24</h2><div class="spacer battle-history"><br></div><div class="battle-history">I hate my life, come back!<br></div><div class="battle-history">Go! StallBreaker2 (<strong>Virizion</strong>)!<br></div><div class="spacer battle-history"><br></div><div class="battle-history">The opposing Jolteon used <strong>Volt Switch</strong>!<br></div><div class="battle-history"><small>It's not very effective...</small><br></div><div class="battle-history"><small>(StallBreaker2 lost <abbr title="−62/323">19.2%</abbr> of its health!)</small><br></div><div class="spacer battle-history"><br></div><div class="battle-history">The opposing Jolteon went back to NaiiXus!<br></div><div class="battle-history">NaiiXus sent out <strong>Drifblim</strong>!<br></div><div class="spacer battle-history"><br></div><h2 class="battle-history">Turn 25</h2><div class="spacer battle-history"><br></div><div class="battle-history">StallBreaker2 used <strong>Stone Edge</strong>!<br></div><div class="battle-history"><small>It's super effective!</small><br></div><div class="battle-history"><small>(The opposing Drifblim lost <abbr title="−276/471">58.6%</abbr> of its health!)</small><br></div><div class="spacer battle-history"><br></div><div class="battle-history">The opposing Drifblim fainted!<br></div><div class="spacer battle-history"><br></div><div class="battle-history">NaiiXus sent out <strong>Jolteon</strong>!<br></div><div class="spacer battle-history"><br></div><h2 class="battle-history">Turn 26</h2><div class="spacer battle-history"><br></div><div class="battle-history">The opposing Jolteon used <strong>Hidden Power</strong>!<br></div><div class="battle-history"><small>It's super effective!</small><br></div><div class="battle-history"><small>(StallBreaker2 lost <abbr title="−162/323">50.2%</abbr> of its health!)</small><br></div><div class="spacer battle-history"><br></div><div class="battle-history">StallBreaker2 used <strong>Close Combat</strong>!<br></div><div class="battle-history"><small>(The opposing Jolteon lost <abbr title="−238/271">87.8%</abbr> of its health!)</small><br></div><div class="battle-history"><small>StallBreaker2's Defense fell!</small><br></div><div class="battle-history"><small>StallBreaker2's Special Defense fell!</small><br></div><div class="spacer battle-history"><br></div><div class="battle-history">The opposing Jolteon fainted!<br></div><div class="chat chatmessage-naiixus"><strong style="color:hsl(318,44%,46.82693022207536%)"><small>★</small><span class="username" data-name="NaiiXus">NaiiXus</span>:</strong> <em>:o</em></div><div class="chat chatmessage-lcezasfuck"><strong style="color:hsl(63,60%,38.09380051909%)"><small>★</small><span class="username" data-name="LCezasfuck">LCezasfuck</span>:</strong> <em>Previous battle</em></div><div class="chat chatmessage-lcezasfuck"><strong style="color:hsl(63,60%,38.09380051909%)"><small>★</small><span class="username" data-name="LCezasfuck">LCezasfuck</span>:</strong> <em>You lose to this so</em></div><div class="chat chatmessage-naiixus"><strong style="color:hsl(318,44%,46.82693022207536%)"><small>★</small><span class="username" data-name="NaiiXus">NaiiXus</span>:</strong> <em>wp  ^^</em></div><div class="chat chatmessage-lcezasfuck"><strong style="color:hsl(63,60%,38.09380051909%)"><small>★</small><span class="username" data-name="LCezasfuck">LCezasfuck</span>:</strong> <em>Change sandslash to hitmontop</em></div><div class="chat chatmessage-lcezasfuck"><strong style="color:hsl(63,60%,38.09380051909%)"><small>★</small><span class="username" data-name="LCezasfuck">LCezasfuck</span>:</strong> <em>Can prove this</em></div><div class="chat chatmessage-lcezasfuck"><strong style="color:hsl(63,60%,38.09380051909%)"><small>★</small><span class="username" data-name="LCezasfuck">LCezasfuck</span>:</strong> <em>K?</em></div><div class="chat chatmessage-lcezasfuck"><strong style="color:hsl(63,60%,38.09380051909%)"><small>★</small><span class="username" data-name="LCezasfuck">LCezasfuck</span>:</strong> <em>Hitmontop can rapid spin too</em></div><div class="chat chatmessage-naiixus"><strong style="color:hsl(318,44%,46.82693022207536%)"><small>★</small><span class="username" data-name="NaiiXus">NaiiXus</span>:</strong> <em>prefer chhange ferroseed ^^</em></div><div class="chat chatmessage-naiixus"><strong style="color:hsl(318,44%,46.82693022207536%)"><small>★</small><span class="username" data-name="NaiiXus">NaiiXus</span>:</strong> <em>I know this</em></div><div class="chat chatmessage-naiixus"><strong style="color:hsl(318,44%,46.82693022207536%)"><small>★</small><span class="username" data-name="NaiiXus">NaiiXus</span>:</strong> <em>I love play hitmontop :)</em></div><div class="chat chatmessage-naiixus"><strong style="color:hsl(318,44%,46.82693022207536%)"><small>★</small><span class="username" data-name="NaiiXus">NaiiXus</span>:</strong> <em>That is a new team ^^</em></div><div class="spacer battle-history"><br></div><div class="battle-history">NaiiXus sent out <strong>Omastar</strong>!<br></div><div class="spacer battle-history"><br></div><h2 class="battle-history">Turn 27</h2><div class="spacer battle-history"><br></div><div class="battle-history">StallBreaker2 used <strong>Leaf Blade</strong>!<br></div><div class="battle-history"><small>It's super effective!</small><br></div><div class="battle-history"><small>(The opposing Omastar lost <abbr title="−281/281">100%</abbr> of its health!)</small><br></div><div class="spacer battle-history"><br></div><div class="battle-history">The opposing Omastar fainted!<br></div><div class="chat chatmessage-lcezasfuck"><strong style="color:hsl(63,60%,38.09380051909%)"><small>★</small><span class="username" data-name="LCezasfuck">LCezasfuck</span>:</strong> <em>Yeah</em></div><div class="chat chatmessage-lcezasfuck"><strong style="color:hsl(63,60%,38.09380051909%)"><small>★</small><span class="username" data-name="LCezasfuck">LCezasfuck</span>:</strong> <em>Ferroseed is outclass</em></div><div class="chat chatmessage-lcezasfuck"><strong style="color:hsl(63,60%,38.09380051909%)"><small>★</small><span class="username" data-name="LCezasfuck">LCezasfuck</span>:</strong> <em>It use only LC and NU</em></div><div class="chat chatmessage-naiixus"><strong style="color:hsl(318,44%,46.82693022207536%)"><small>★</small><span class="username" data-name="NaiiXus">NaiiXus</span>:</strong> <em>you win :)</em></div><div class="chat chatmessage-lcezasfuck"><strong style="color:hsl(63,60%,38.09380051909%)"><small>★</small><span class="username" data-name="LCezasfuck">LCezasfuck</span>:</strong> <em>kk</em></div><div class="chat chatmessage-naiixus"><strong style="color:hsl(318,44%,46.82693022207536%)"><small>★</small><span class="username" data-name="NaiiXus">NaiiXus</span>:</strong> <em>have fun n well play :)</em></div><div class="spacer battle-history"><br></div><div class="battle-history"><small>NaiiXus forfeited.</small><br></div><div class="spacer battle-history"><br></div><div class="battle-history"><strong>LCezasfuck</strong> won the battle!<br></div><div class="chat"><small>NaiiXus left.</small></div><div class="chat">LCezasfuck's rating: 1572 → <strong>1576</strong><br>(+4 for winning)</div><div class="chat">NaiiXus's rating: 1176 → <strong>1171</strong><br>(-5 for losing)</div></div><div class="inner-preempt"></div></div></div>
</div>
<script>
let daily = Math.floor(Date.now()/1000/60/60/24);document.write('<script src="https://play.pokemonshowdown.com/js/replay-embed.js?version'+daily+'"></'+'script>');
</script>
