<!DOCTYPE html>
<meta charset="utf-8" />
<!-- version 1 -->
<title>RU replay: sirluffy vs. 1708a</title>
<style>
html,body {font-family:Verdana, sans-serif;font-size:10pt;margin:0;padding:0;}body{padding:12px 0;} .battle-log {font-family:Verdana, sans-serif;font-size:10pt;} .battle-log-inline {border:1px solid #AAAAAA;background:#EEF2F5;color:black;max-width:640px;margin:0 auto 80px;padding-bottom:5px;} .battle-log .inner {padding:4px 8px 0px 8px;} .battle-log .inner-preempt {padding:0 8px 4px 8px;} .battle-log .inner-after {margin-top:0.5em;} .battle-log h2 {margin:0.5em -8px;padding:4px 8px;border:1px solid #AAAAAA;background:#E0E7EA;border-left:0;border-right:0;font-family:Verdana, sans-serif;font-size:13pt;} .battle-log .chat {vertical-align:middle;padding:3px 0 3px 0;font-size:8pt;} .battle-log .chat strong {color:#40576A;} .battle-log .chat em {padding:1px 4px 1px 3px;color:#000000;font-style:normal;} .chat.mine {background:rgba(0,0,0,0.05);margin-left:-8px;margin-right:-8px;padding-left:8px;padding-right:8px;} .spoiler {color:#BBBBBB;background:#BBBBBB;padding:0px 3px;} .spoiler:hover, .spoiler:active, .spoiler-shown {color:#000000;background:#E2E2E2;padding:0px 3px;} .spoiler a {color:#BBBBBB;} .spoiler:hover a, .spoiler:active a, .spoiler-shown a {color:#2288CC;} .chat code, .chat .spoiler:hover code, .chat .spoiler:active code, .chat .spoiler-shown code {border:1px solid #C0C0C0;background:#EEEEEE;color:black;padding:0 2px;} .chat .spoiler code {border:1px solid #CCCCCC;background:#CCCCCC;color:#CCCCCC;} .battle-log .rated {padding:3px 4px;} .battle-log .rated strong {color:white;background:#89A;padding:1px 4px;border-radius:4px;} .spacer {margin-top:0.5em;} .message-announce {background:#6688AA;color:white;padding:1px 4px 2px;} .message-announce a, .broadcast-green a, .broadcast-blue a, .broadcast-red a {color:#DDEEFF;} .broadcast-green {background-color:#559955;color:white;padding:2px 4px;} .broadcast-blue {background-color:#6688AA;color:white;padding:2px 4px;} .infobox {border:1px solid #6688AA;padding:2px 4px;} .infobox-limited {max-height:200px;overflow:auto;overflow-x:hidden;} .broadcast-red {background-color:#AA5544;color:white;padding:2px 4px;} .message-learn-canlearn {font-weight:bold;color:#228822;text-decoration:underline;} .message-learn-cannotlearn {font-weight:bold;color:#CC2222;text-decoration:underline;} .message-effect-weak {font-weight:bold;color:#CC2222;} .message-effect-resist {font-weight:bold;color:#6688AA;} .message-effect-immune {font-weight:bold;color:#666666;} .message-learn-list {margin-top:0;margin-bottom:0;} .message-throttle-notice, .message-error {color:#992222;} .message-overflow, .chat small.message-overflow {font-size:0pt;} .message-overflow::before {font-size:9pt;content:'...';} .subtle {color:#3A4A66;}
</style>
<div class="wrapper replay-wrapper" style="max-width:1180px;margin:0 auto">
<input type="hidden" name="replayid" value="ru-507379617" />
<div class="battle"></div><div class="battle-log"></div><div class="replay-controls"></div><div class="replay-controls-2"></div>
<h1 style="font-weight:normal;text-align:center"><strong>RU</strong><br /><a href="http://pokemonshowdown.com/users/sirluffy" class="subtle" target="_blank">sirluffy</a> vs. <a href="http://pokemonshowdown.com/users/1708a" class="subtle" target="_blank">1708a</a></h1>
<script type="text/plain" class="battle-log-data">|j|sirluffy
|j|1708a
|player|p1|sirluffy|53
|player|p2|1708a|169
|gametype|singles
|gen|6
|tier|RU
|rated
|seed|63323,41597,42667,44846
|rule|Sleep Clause Mod: Limit one foe put to sleep
|rule|Species Clause: Limit one of each Pokémon
|rule|OHKO Clause: OHKO moves are banned
|rule|Moody Clause: Moody is banned
|rule|Evasion Moves Clause: Evasion moves are banned
|rule|Endless Battle Clause: Forcing endless battles is banned
|rule|HP Percentage Mod: HP is shown in percentages
|clearpoke
|poke|p1|Magneton|item
|poke|p1|Aromatisse, F|item
|poke|p1|Meloetta|item
|poke|p1|Flygon, F|item
|poke|p1|Cradily, F|item
|poke|p1|Gallade, M|item
|poke|p2|Absol, F|item
|poke|p2|Alomomola, F|item
|poke|p2|Delphox, M|item
|poke|p2|Sigilyph, M|item
|poke|p2|Diancie|item
|poke|p2|Camerupt, M|item
|rule|Swagger Clause: Swagger is banned
|rule|Baton Pass Clause: Limit one Baton Passer, can't pass Spe and other stats simultaneously
|teampreview
|choice|team 5, team 2, team 3, team 4, team 1, team 6|team 2, team 1, team 3, team 4, team 5, team 6
|
|start
|switch|p1a: in your WC|Cradily, F|376\/376
|switch|p2a: Alomomola|Alomomola, F|471\/471
|turn|1
|choice|move stealthrock|move hydropump
|
|move|p2a: Alomomola|Hydro Pump|p1a: in your WC
|-ability|p1a: in your WC|Storm Drain|boost
|-boost|p1a: in your WC|spa|1
|move|p1a: in your WC|Stealth Rock|p2a: Alomomola
|-sidestart|p2: 1708a|move: Stealth Rock
|
|upkeep
|turn|2
|choice|move ancientpower|move bounce
|
|move|p2a: Alomomola|Bounce|p1a: in your WC|[still]
|-prepare|p2a: Alomomola|Bounce|p1a: in your WC
|move|p1a: in your WC|Ancient Power|p2a: Alomomola|[miss]
|-miss|p1a: in your WC|p2a: Alomomola
|
|upkeep
|turn|3
|choice|move ancientpower|move bounce 1
|
|move|p2a: Alomomola|Bounce|p1a: in your WC|[from]lockedmove
|-damage|p1a: in your WC|311\/376
|-damage|p2a: Alomomola|424\/471|[from] item: Life Orb
|move|p1a: in your WC|Ancient Power|p2a: Alomomola
|-damage|p2a: Alomomola|256\/471
|
|-heal|p1a: in your WC|334\/376|[from] item: Leftovers
|upkeep
|turn|4
|choice|move gigadrain|move blizzard
|
|move|p2a: Alomomola|Blizzard|p1a: in your WC|[miss]
|-miss|p2a: Alomomola|p1a: in your WC
|move|p1a: in your WC|Giga Drain|p2a: Alomomola
|-supereffective|p2a: Alomomola
|-damage|p2a: Alomomola|0 fnt
|-heal|p1a: in your WC|376\/376|[from] drain|[of] p2a: Alomomola
|faint|p2a: Alomomola
|
|upkeep
|choice||switch 4
|
|switch|p2a: Sigilyph|Sigilyph, M|285\/285
|turn|5
|choice|move ancientpower|move heatwave
|
|move|p2a: Sigilyph|Heat Wave|p1a: in your WC
|-damage|p1a: in your WC|307\/376
|move|p1a: in your WC|Ancient Power|p2a: Sigilyph
|-supereffective|p2a: Sigilyph
|-damage|p2a: Sigilyph|63\/285
|
|-heal|p1a: in your WC|330\/376|[from] item: Leftovers
|upkeep
|turn|6
|choice|move ancientpower|move psychic
|
|move|p2a: Sigilyph|Psychic|p1a: in your WC
|-damage|p1a: in your WC|239\/376
|move|p1a: in your WC|Ancient Power|p2a: Sigilyph
|-supereffective|p2a: Sigilyph
|-damage|p2a: Sigilyph|0 fnt
|faint|p2a: Sigilyph
|
|-heal|p1a: in your WC|262\/376|[from] item: Leftovers
|upkeep
|choice||switch 6
|
|switch|p2a: Camerupt|Camerupt, M|281\/281
|-damage|p2a: Camerupt|246\/281|[from] Stealth Rock
|turn|7
|choice|move ancientpower|move eruption
|
|move|p1a: in your WC|Ancient Power|p2a: Camerupt
|-damage|p2a: Camerupt|143\/281
|move|p2a: Camerupt|Eruption|p1a: in your WC
|-damage|p1a: in your WC|196\/376
|
|-heal|p1a: in your WC|219\/376|[from] item: Leftovers
|upkeep
|turn|8
|choice|move ancientpower|move doubleedge
|
|move|p1a: in your WC|Ancient Power|p2a: Camerupt
|-damage|p2a: Camerupt|34\/281
|move|p2a: Camerupt|Double-Edge|p1a: in your WC
|-resisted|p1a: in your WC
|-damage|p1a: in your WC|171\/376
|-damage|p2a: Camerupt|18\/281|[from] recoil|[of] p1a: in your WC
|
|-heal|p1a: in your WC|194\/376|[from] item: Leftovers
|upkeep
|turn|9
|choice|move ancientpower|move rest
|
|move|p1a: in your WC|Ancient Power|p2a: Camerupt
|-damage|p2a: Camerupt|0 fnt
|faint|p2a: Camerupt
|
|-heal|p1a: in your WC|217\/376|[from] item: Leftovers
|upkeep
|choice||switch 5
|
|switch|p2a: Diancie|Diancie|241\/241
|-damage|p2a: Diancie|211\/241|[from] Stealth Rock
|turn|10
|choice|move gigadrain|move rest
|
|move|p2a: Diancie|Rest|p2a: Diancie
|-status|p2a: Diancie|slp
|-heal|p2a: Diancie|241\/241 slp|[silent]
|-status|p2a: Diancie|slp|[from] move: Rest
|move|p1a: in your WC|Giga Drain|p2a: Diancie
|-supereffective|p2a: Diancie
|-damage|p2a: Diancie|91\/241 slp
|-heal|p1a: in your WC|292\/376|[from] drain|[of] p2a: Diancie
|
|-heal|p1a: in your WC|315\/376|[from] item: Leftovers
|upkeep
|turn|11
|choice|move gigadrain|move rest
|
|cant|p2a: Diancie|slp
|move|p1a: in your WC|Giga Drain|p2a: Diancie
|-supereffective|p2a: Diancie
|-damage|p2a: Diancie|0 fnt
|-heal|p1a: in your WC|361\/376|[from] drain|[of] p2a: Diancie
|faint|p2a: Diancie
|
|-heal|p1a: in your WC|376\/376|[from] item: Leftovers
|upkeep
|c|★sirluffy|gg kiss
|choice||switch 3
|
|switch|p2a: Delphox|Delphox, M|291\/291
|-damage|p2a: Delphox|219\/291|[from] Stealth Rock
|turn|12
|choice|move ancientpower|move fireblast
|
|move|p2a: Delphox|Fire Blast|p1a: in your WC
|-damage|p1a: in your WC|246\/376
|-damage|p2a: Delphox|190\/291|[from] item: Life Orb
|move|p1a: in your WC|Ancient Power|p2a: Delphox
|-supereffective|p2a: Delphox
|-damage|p2a: Delphox|14\/291
|-boost|p1a: in your WC|atk|1
|-boost|p1a: in your WC|def|1
|-boost|p1a: in your WC|spa|1
|-boost|p1a: in your WC|spd|1
|-boost|p1a: in your WC|spe|1
|
|-heal|p1a: in your WC|269\/376|[from] item: Leftovers
|upkeep
|turn|13
|choice|move gigadrain|move rest
|
|move|p2a: Delphox|Rest|p2a: Delphox
|-status|p2a: Delphox|slp
|-heal|p2a: Delphox|291\/291 slp|[silent]
|-status|p2a: Delphox|slp|[from] move: Rest
|move|p1a: in your WC|Giga Drain|p2a: Delphox
|-resisted|p2a: Delphox
|-damage|p2a: Delphox|214\/291 slp
|-heal|p1a: in your WC|308\/376|[from] drain|[of] p2a: Delphox
|
|-heal|p1a: in your WC|331\/376|[from] item: Leftovers
|upkeep
|turn|14
|choice|move toxic|move fireblast
|
|cant|p2a: Delphox|slp
|move|p1a: in your WC|Toxic|p2a: Delphox
|-fail|p2a: Delphox
|
|-heal|p1a: in your WC|354\/376|[from] item: Leftovers
|upkeep
|turn|15
|choice|switch 4|move fireblast
|
|switch|p1a: Mede mede|Flygon, F|364\/364
|cant|p2a: Delphox|slp
|
|upkeep
|turn|16
|choice|move earthquake|move fireblast
|
|move|p1a: Mede mede|Earthquake|p2a: Delphox
|-supereffective|p2a: Delphox
|-damage|p2a: Delphox|0 fnt
|faint|p2a: Delphox
|
|upkeep
|choice||switch 2
|
|switch|p2a: Absol|Absol, F|271\/271
|-damage|p2a: Absol|238\/271|[from] Stealth Rock
|-ability|p2a: Absol|Pressure
|turn|17
|choice|move earthquake|move megahorn
|
|move|p1a: Mede mede|Earthquake|p2a: Absol
|-damage|p2a: Absol|63\/271
|move|p2a: Absol|Megahorn|p1a: Mede mede
|-damage|p1a: Mede mede|170\/364
|-damage|p2a: Absol|36\/271|[from] item: Life Orb
|
|-heal|p1a: Mede mede|192\/364|[from] item: Leftovers
|upkeep
|turn|18
|choice|move earthquake|move rest
|
|move|p1a: Mede mede|Earthquake|p2a: Absol
|-damage|p2a: Absol|0 fnt
|faint|p2a: Absol
|
|win|sirluffy
|player|p1
|player|p2
|raw|sirluffy's rating: 1008 &rarr; <strong>1046<\/strong><br \/>(+38 for winning)
|raw|1708a's rating: 1000 &rarr; <strong>1000<\/strong><br \/>(+0 for losing)</script>
</div>
<div class="battle-log battle-log-inline"><div class="inner"><div class="battle-options"></div><div class="inner"><div class="chat"><small>sirluffy joined.</small></div><div class="chat"><small>1708a joined.</small></div><div class=""><small>Format:</small> <br><strong>RU</strong></div><div class="rated"><strong>Rated battle</strong></div><div class=""><small><em>Sleep Clause Mod:</em> Limit one foe put to sleep</small></div><div class=""><small><em>Species Clause:</em> Limit one of each Pokémon</small></div><div class=""><small><em>OHKO Clause:</em> OHKO moves are banned</small></div><div class=""><small><em>Moody Clause:</em> Moody is banned</small></div><div class=""><small><em>Evasion Moves Clause:</em> Evasion moves are banned</small></div><div class=""><small><em>Endless Battle Clause:</em> Forcing endless battles is banned</small></div><div class=""><small><em>HP Percentage Mod:</em> HP is shown in percentages</small></div><div class=""><small><em>Swagger Clause:</em> Swagger is banned</small></div><div class=""><small><em>Baton Pass Clause:</em> Limit one Baton Passer, can't pass Spe and other stats simultaneously</small></div><div class="chat battle-history"><strong>sirluffy's team:</strong> <em style="color:#445566;display:block;">Magneton / Aromatisse / Meloetta / Flygon / Cradily / Gallade</em></div><div class="chat battle-history"><strong>1708a's team:</strong> <em style="color:#445566;display:block;">Absol / Alomomola / Delphox / Sigilyph / Diancie / Camerupt</em></div><div class="spacer battle-history"><br></div><div class="battle-history">Battle started between sirluffy and 1708a!<br></div><div class="spacer battle-history"><br></div><div class="battle-history">Go! in your WC (<strong>Cradily</strong>)!<br></div><div class="spacer battle-history"><br></div><div class="battle-history">1708a sent out <strong>Alomomola</strong>!<br></div><div class="spacer battle-history"><br></div><h2 class="battle-history">Turn 1</h2><div class="spacer battle-history"><br></div><div class="battle-history">The opposing Alomomola used <strong>Hydro Pump</strong>!<br></div><div class="battle-history"><small>[in your WC's Storm Drain]</small><br></div><div class="battle-history"><small>in your WC's Special Attack rose!</small><br></div><div class="spacer battle-history"><br></div><div class="battle-history">in your WC used <strong>Stealth Rock</strong>!<br></div><div class="battle-history"><small>Pointed stones float in the air around the opposing team!</small><br></div><div class="spacer battle-history"><br></div><h2 class="battle-history">Turn 2</h2><div class="spacer battle-history"><br></div><div class="battle-history">The opposing Alomomola used <strong>Bounce</strong>!<br></div><div class="battle-history">The opposing Alomomola sprang up!<br></div><div class="spacer battle-history"><br></div><div class="battle-history">in your WC used <strong>Ancient Power</strong>!<br></div><div class="battle-history"><small>The opposing Alomomola avoided the attack!</small><br></div><div class="spacer battle-history"><br></div><h2 class="battle-history">Turn 3</h2><div class="spacer battle-history"><br></div><div class="battle-history">The opposing Alomomola used <strong>Bounce</strong>!<br></div><div class="battle-history"><small>(in your WC lost <abbr title="−65/376">17.3%</abbr> of its health!)</small><br></div><div class="battle-history"><small>The opposing Alomomola lost some of its HP!</small><br></div><div class="spacer battle-history"><br></div><div class="battle-history">in your WC used <strong>Ancient Power</strong>!<br></div><div class="battle-history"><small>(The opposing Alomomola lost <abbr title="−168/471">35.7%</abbr> of its health!)</small><br></div><div class="spacer battle-history"><br></div><div class="battle-history"><small>in your WC restored a little HP using its Leftovers!</small><br></div><div class="spacer battle-history"><br></div><h2 class="battle-history">Turn 4</h2><div class="spacer battle-history"><br></div><div class="battle-history">The opposing Alomomola used <strong>Blizzard</strong>!<br></div><div class="battle-history"><small>in your WC avoided the attack!</small><br></div><div class="spacer battle-history"><br></div><div class="battle-history">in your WC used <strong>Giga Drain</strong>!<br></div><div class="battle-history"><small>It's super effective!</small><br></div><div class="battle-history"><small>(The opposing Alomomola lost <abbr title="−256/471">54.4%</abbr> of its health!)</small><br></div><div class="battle-history"><small>The opposing Alomomola had its energy drained!</small><br></div><div class="spacer battle-history"><br></div><div class="battle-history">The opposing Alomomola fainted!<br></div><div class="spacer battle-history"><br></div><div class="battle-history">1708a sent out <strong>Sigilyph</strong>!<br></div><div class="spacer battle-history"><br></div><h2 class="battle-history">Turn 5</h2><div class="spacer battle-history"><br></div><div class="battle-history">The opposing Sigilyph used <strong>Heat Wave</strong>!<br></div><div class="battle-history"><small>(in your WC lost <abbr title="−69/376">18.4%</abbr> of its health!)</small><br></div><div class="spacer battle-history"><br></div><div class="battle-history">in your WC used <strong>Ancient Power</strong>!<br></div><div class="battle-history"><small>It's super effective!</small><br></div><div class="battle-history"><small>(The opposing Sigilyph lost <abbr title="−222/285">77.9%</abbr> of its health!)</small><br></div><div class="spacer battle-history"><br></div><div class="battle-history"><small>in your WC restored a little HP using its Leftovers!</small><br></div><div class="spacer battle-history"><br></div><h2 class="battle-history">Turn 6</h2><div class="spacer battle-history"><br></div><div class="battle-history">The opposing Sigilyph used <strong>Psychic</strong>!<br></div><div class="battle-history"><small>(in your WC lost <abbr title="−91/376">24.2%</abbr> of its health!)</small><br></div><div class="spacer battle-history"><br></div><div class="battle-history">in your WC used <strong>Ancient Power</strong>!<br></div><div class="battle-history"><small>It's super effective!</small><br></div><div class="battle-history"><small>(The opposing Sigilyph lost <abbr title="−63/285">22.1%</abbr> of its health!)</small><br></div><div class="spacer battle-history"><br></div><div class="battle-history">The opposing Sigilyph fainted!<br></div><div class="spacer battle-history"><br></div><div class="battle-history"><small>in your WC restored a little HP using its Leftovers!</small><br></div><div class="spacer battle-history"><br></div><div class="battle-history">1708a sent out <strong>Camerupt</strong>!<br></div><div class="battle-history"><small>Pointed stones dug into the opposing Camerupt!</small><br></div><div class="spacer battle-history"><br></div><h2 class="battle-history">Turn 7</h2><div class="spacer battle-history"><br></div><div class="battle-history">in your WC used <strong>Ancient Power</strong>!<br></div><div class="battle-history"><small>(The opposing Camerupt lost <abbr title="−103/281">36.7%</abbr> of its health!)</small><br></div><div class="spacer battle-history"><br></div><div class="battle-history">The opposing Camerupt used <strong>Eruption</strong>!<br></div><div class="battle-history"><small>(in your WC lost <abbr title="−66/376">17.6%</abbr> of its health!)</small><br></div><div class="spacer battle-history"><br></div><div class="battle-history"><small>in your WC restored a little HP using its Leftovers!</small><br></div><div class="spacer battle-history"><br></div><h2 class="battle-history">Turn 8</h2><div class="spacer battle-history"><br></div><div class="battle-history">in your WC used <strong>Ancient Power</strong>!<br></div><div class="battle-history"><small>(The opposing Camerupt lost <abbr title="−109/281">38.8%</abbr> of its health!)</small><br></div><div class="spacer battle-history"><br></div><div class="battle-history">The opposing Camerupt used <strong>Double-Edge</strong>!<br></div><div class="battle-history"><small>It's not very effective...</small><br></div><div class="battle-history"><small>(in your WC lost <abbr title="−48/376">12.8%</abbr> of its health!)</small><br></div><div class="battle-history"><small>The opposing Camerupt is damaged by the recoil!</small><br></div><div class="spacer battle-history"><br></div><div class="battle-history"><small>in your WC restored a little HP using its Leftovers!</small><br></div><div class="spacer battle-history"><br></div><h2 class="battle-history">Turn 9</h2><div class="spacer battle-history"><br></div><div class="battle-history">in your WC used <strong>Ancient Power</strong>!<br></div><div class="battle-history"><small>(The opposing Camerupt lost <abbr title="−18/281">6.4%</abbr> of its health!)</small><br></div><div class="spacer battle-history"><br></div><div class="battle-history">The opposing Camerupt fainted!<br></div><div class="spacer battle-history"><br></div><div class="battle-history"><small>in your WC restored a little HP using its Leftovers!</small><br></div><div class="spacer battle-history"><br></div><div class="battle-history">1708a sent out <strong>Diancie</strong>!<br></div><div class="battle-history"><small>Pointed stones dug into the opposing Diancie!</small><br></div><div class="spacer battle-history"><br></div><h2 class="battle-history">Turn 10</h2><div class="spacer battle-history"><br></div><div class="battle-history">The opposing Diancie used <strong>Rest</strong>!<br></div><div class="battle-history"><small>The opposing Diancie fell asleep!</small><br></div><div class="battle-history"><small>The opposing Diancie slept and became healthy!</small><br></div><div class="spacer battle-history"><br></div><div class="battle-history">in your WC used <strong>Giga Drain</strong>!<br></div><div class="battle-history"><small>It's super effective!</small><br></div><div class="battle-history"><small>(The opposing Diancie lost <abbr title="−150/241">62.2%</abbr> of its health!)</small><br></div><div class="battle-history"><small>The opposing Diancie had its energy drained!</small><br></div><div class="spacer battle-history"><br></div><div class="battle-history"><small>in your WC restored a little HP using its Leftovers!</small><br></div><div class="spacer battle-history"><br></div><h2 class="battle-history">Turn 11</h2><div class="spacer battle-history"><br></div><div class="battle-history">The opposing Diancie is fast asleep.<br></div><div class="spacer battle-history"><br></div><div class="battle-history">in your WC used <strong>Giga Drain</strong>!<br></div><div class="battle-history"><small>It's super effective!</small><br></div><div class="battle-history"><small>(The opposing Diancie lost <abbr title="−91/241">37.8%</abbr> of its health!)</small><br></div><div class="battle-history"><small>The opposing Diancie had its energy drained!</small><br></div><div class="spacer battle-history"><br></div><div class="battle-history">The opposing Diancie fainted!<br></div><div class="spacer battle-history"><br></div><div class="battle-history"><small>in your WC restored a little HP using its Leftovers!</small><br></div><div class="chat chatmessage-sirluffy"><strong style="color:hsl(6,88%,40%)"><small>★</small><span class="username" data-name="sirluffy">sirluffy</span>:</strong> <em>gg kiss</em></div><div class="spacer battle-history"><br></div><div class="battle-history">1708a sent out <strong>Delphox</strong>!<br></div><div class="battle-history"><small>Pointed stones dug into the opposing Delphox!</small><br></div><div class="spacer battle-history"><br></div><h2 class="battle-history">Turn 12</h2><div class="spacer battle-history"><br></div><div class="battle-history">The opposing Delphox used <strong>Fire Blast</strong>!<br></div><div class="battle-history"><small>(in your WC lost <abbr title="−130/376">34.6%</abbr> of its health!)</small><br></div><div class="battle-history"><small>The opposing Delphox lost some of its HP!</small><br></div><div class="spacer battle-history"><br></div><div class="battle-history">in your WC used <strong>Ancient Power</strong>!<br></div><div class="battle-history"><small>It's super effective!</small><br></div><div class="battle-history"><small>(The opposing Delphox lost <abbr title="−176/291">60.5%</abbr> of its health!)</small><br></div><div class="battle-history"><small>in your WC's Attack rose!</small><br></div><div class="battle-history"><small>in your WC's Defense rose!</small><br></div><div class="battle-history"><small>in your WC's Special Attack rose!</small><br></div><div class="battle-history"><small>in your WC's Special Defense rose!</small><br></div><div class="battle-history"><small>in your WC's Speed rose!</small><br></div><div class="spacer battle-history"><br></div><div class="battle-history"><small>in your WC restored a little HP using its Leftovers!</small><br></div><div class="spacer battle-history"><br></div><h2 class="battle-history">Turn 13</h2><div class="spacer battle-history"><br></div><div class="battle-history">The opposing Delphox used <strong>Rest</strong>!<br></div><div class="battle-history"><small>The opposing Delphox fell asleep!</small><br></div><div class="battle-history"><small>The opposing Delphox slept and became healthy!</small><br></div><div class="spacer battle-history"><br></div><div class="battle-history">in your WC used <strong>Giga Drain</strong>!<br></div><div class="battle-history"><small>It's not very effective...</small><br></div><div class="battle-history"><small>(The opposing Delphox lost <abbr title="−77/291">26.5%</abbr> of its health!)</small><br></div><div class="battle-history"><small>The opposing Delphox had its energy drained!</small><br></div><div class="spacer battle-history"><br></div><div class="battle-history"><small>in your WC restored a little HP using its Leftovers!</small><br></div><div class="spacer battle-history"><br></div><h2 class="battle-history">Turn 14</h2><div class="spacer battle-history"><br></div><div class="battle-history">The opposing Delphox is fast asleep.<br></div><div class="spacer battle-history"><br></div><div class="battle-history">in your WC used <strong>Toxic</strong>!<br></div><div class="battle-history"><small>But it failed!</small><br></div><div class="spacer battle-history"><br></div><div class="battle-history"><small>in your WC restored a little HP using its Leftovers!</small><br></div><div class="spacer battle-history"><br></div><h2 class="battle-history">Turn 15</h2><div class="spacer battle-history"><br></div><div class="battle-history">in your WC, come back!<br></div><div class="battle-history">Go! Mede mede (<strong>Flygon</strong>)!<br></div><div class="spacer battle-history"><br></div><div class="battle-history">The opposing Delphox is fast asleep.<br></div><div class="spacer battle-history"><br></div><h2 class="battle-history">Turn 16</h2><div class="spacer battle-history"><br></div><div class="battle-history">Mede mede used <strong>Earthquake</strong>!<br></div><div class="battle-history"><small>It's super effective!</small><br></div><div class="battle-history"><small>(The opposing Delphox lost <abbr title="−214/291">73.5%</abbr> of its health!)</small><br></div><div class="spacer battle-history"><br></div><div class="battle-history">The opposing Delphox fainted!<br></div><div class="spacer battle-history"><br></div><div class="battle-history">1708a sent out <strong>Absol</strong>!<br></div><div class="battle-history"><small>Pointed stones dug into the opposing Absol!</small><br></div><div class="battle-history"><small>[The opposing Absol's Pressure]</small><br><small>The opposing Absol is exerting its pressure!</small><br></div><div class="spacer battle-history"><br></div><h2 class="battle-history">Turn 17</h2><div class="spacer battle-history"><br></div><div class="battle-history">Mede mede used <strong>Earthquake</strong>!<br></div><div class="battle-history"><small>(The opposing Absol lost <abbr title="−175/271">64.6%</abbr> of its health!)</small><br></div><div class="spacer battle-history"><br></div><div class="battle-history">The opposing Absol used <strong>Megahorn</strong>!<br></div><div class="battle-history"><small>(Mede mede lost <abbr title="−194/364">53.3%</abbr> of its health!)</small><br></div><div class="battle-history"><small>The opposing Absol lost some of its HP!</small><br></div><div class="spacer battle-history"><br></div><div class="battle-history"><small>Mede mede restored a little HP using its Leftovers!</small><br></div><div class="spacer battle-history"><br></div><h2 class="battle-history">Turn 18</h2><div class="spacer battle-history"><br></div><div class="battle-history">Mede mede used <strong>Earthquake</strong>!<br></div><div class="battle-history"><small>(The opposing Absol lost <abbr title="−36/271">13.3%</abbr> of its health!)</small><br></div><div class="spacer battle-history"><br></div><div class="battle-history">The opposing Absol fainted!<br></div><div class="spacer battle-history"><br></div><div class="battle-history"><strong>sirluffy</strong> won the battle!<br></div><div class="chat">sirluffy's rating: 1008 → <strong>1046</strong><br>(+38 for winning)</div><div class="chat">1708a's rating: 1000 → <strong>1000</strong><br>(+0 for losing)</div></div><div class="inner-preempt"></div></div></div>
</div>
<script>
let daily = Math.floor(Date.now()/1000/60/60/24);document.write('<script src="https://play.pokemonshowdown.com/js/replay-embed.js?version'+daily+'"></'+'script>');
</script>
