<!DOCTYPE html>
<meta charset="utf-8" />
<!-- version 1 -->
<title>RU replay: The frozen lopunny vs. danikdoskal</title>
<style>
html,body {font-family:Verdana, sans-serif;font-size:10pt;margin:0;padding:0;}body{padding:12px 0;} .battle-log {font-family:Verdana, sans-serif;font-size:10pt;} .battle-log-inline {border:1px solid #AAAAAA;background:#EEF2F5;color:black;max-width:640px;margin:0 auto 80px;padding-bottom:5px;} .battle-log .inner {padding:4px 8px 0px 8px;} .battle-log .inner-preempt {padding:0 8px 4px 8px;} .battle-log .inner-after {margin-top:0.5em;} .battle-log h2 {margin:0.5em -8px;padding:4px 8px;border:1px solid #AAAAAA;background:#E0E7EA;border-left:0;border-right:0;font-family:Verdana, sans-serif;font-size:13pt;} .battle-log .chat {vertical-align:middle;padding:3px 0 3px 0;font-size:8pt;} .battle-log .chat strong {color:#40576A;} .battle-log .chat em {padding:1px 4px 1px 3px;color:#000000;font-style:normal;} .chat.mine {background:rgba(0,0,0,0.05);margin-left:-8px;margin-right:-8px;padding-left:8px;padding-right:8px;} .spoiler {color:#BBBBBB;background:#BBBBBB;padding:0px 3px;} .spoiler:hover, .spoiler:active, .spoiler-shown {color:#000000;background:#E2E2E2;padding:0px 3px;} .spoiler a {color:#BBBBBB;} .spoiler:hover a, .spoiler:active a, .spoiler-shown a {color:#2288CC;} .chat code, .chat .spoiler:hover code, .chat .spoiler:active code, .chat .spoiler-shown code {border:1px solid #C0C0C0;background:#EEEEEE;color:black;padding:0 2px;} .chat .spoiler code {border:1px solid #CCCCCC;background:#CCCCCC;color:#CCCCCC;} .battle-log .rated {padding:3px 4px;} .battle-log .rated strong {color:white;background:#89A;padding:1px 4px;border-radius:4px;} .spacer {margin-top:0.5em;} .message-announce {background:#6688AA;color:white;padding:1px 4px 2px;} .message-announce a, .broadcast-green a, .broadcast-blue a, .broadcast-red a {color:#DDEEFF;} .broadcast-green {background-color:#559955;color:white;padding:2px 4px;} .broadcast-blue {background-color:#6688AA;color:white;padding:2px 4px;} .infobox {border:1px solid #6688AA;padding:2px 4px;} .infobox-limited {max-height:200px;overflow:auto;overflow-x:hidden;} .broadcast-red {background-color:#AA5544;color:white;padding:2px 4px;} .message-learn-canlearn {font-weight:bold;color:#228822;text-decoration:underline;} .message-learn-cannotlearn {font-weight:bold;color:#CC2222;text-decoration:underline;} .message-effect-weak {font-weight:bold;color:#CC2222;} .message-effect-resist {font-weight:bold;color:#6688AA;} .message-effect-immune {font-weight:bold;color:#666666;} .message-learn-list {margin-top:0;margin-bottom:0;} .message-throttle-notice, .message-error {color:#992222;} .message-overflow, .chat small.message-overflow {font-size:0pt;} .message-overflow::before {font-size:9pt;content:'...';} .subtle {color:#3A4A66;}
</style>
<div class="wrapper replay-wrapper" style="max-width:1180px;margin:0 auto">
<input type="hidden" name="replayid" value="ru-595825595" />
<div class="battle"></div><div class="battle-log"></div><div class="replay-controls"></div><div class="replay-controls-2"></div>
<h1 style="font-weight:normal;text-align:center"><strong>RU</strong><br /><a href="http://pokemonshowdown.com/users/thefrozenlopunny" class="subtle" target="_blank">The frozen lopunny</a> vs. <a href="http://pokemonshowdown.com/users/danikdoskal" class="subtle" target="_blank">danikdoskal</a></h1>
<script type="text/plain" class="battle-log-data">|j|The frozen lopunny
|j|danikdoskal
|player|p1|The frozen lopunny|#zinnia
|teamsize|p1|6
|player|p2|danikdoskal|274
|teamsize|p2|6
|gametype|singles
|gen|6
|tier|RU
|rated
|seed|30136,63016,27988,47092
|rule|Sleep Clause Mod: Limit one foe put to sleep
|rule|Species Clause: Limit one of each Pokémon
|rule|OHKO Clause: OHKO moves are banned
|rule|Moody Clause: Moody is banned
|rule|Evasion Moves Clause: Evasion moves are banned
|rule|Endless Battle Clause: Forcing endless battles is banned
|rule|HP Percentage Mod: HP is shown in percentages
|clearpoke
|poke|p1|Drapion, M|item
|poke|p1|Trevenant, F, shiny|item
|poke|p1|Manectric, F, shiny|item
|poke|p1|Bronzong|item
|poke|p1|Aromatisse, M|item
|poke|p1|Blastoise, F|item
|poke|p2|Bronzong|item
|poke|p2|Absol, F|item
|poke|p2|Gallade, M|item
|poke|p2|Clawitzer, F|item
|poke|p2|Druddigon, M|
|poke|p2|Registeel|item
|rule|Swagger Clause: Swagger is banned
|rule|Baton Pass Clause: Limit one Baton Passer, can't pass Spe and other stats simultaneously
|teampreview
|choice|team 6, team 2, team 3, team 4, team 5, team 1|team 2, team 1, team 3, team 4, team 5, team 6
|
|start
|switch|p1a: Blastoise|Blastoise, F|362\/362
|switch|p2a: Absol|Absol, F|334\/334
|turn|1
|choice|move scald|move suckerpunch
|
|move|p2a: Absol|Sucker Punch|p1a: Blastoise
|-damage|p1a: Blastoise|227\/362
|move|p1a: Blastoise|Scald|p2a: Absol
|-crit|p2a: Absol
|-damage|p2a: Absol|132\/334
|
|-heal|p1a: Blastoise|249\/362|[from] item: Leftovers
|upkeep
|turn|2
|choice|move scald|move suckerpunch
|
|move|p2a: Absol|Sucker Punch|p1a: Blastoise
|-damage|p1a: Blastoise|120\/362
|move|p1a: Blastoise|Scald|p2a: Absol
|-damage|p2a: Absol|0 fnt
|faint|p2a: Absol
|
|-heal|p1a: Blastoise|142\/362|[from] item: Leftovers
|upkeep
|inactive|Battle timer is ON: inactive players will automatically lose when time's up. (requested by The frozen lopunny)
|choice||switch 3
|
|switch|p2a: Gallade|Gallade, M|277\/277
|turn|3
|choice|switch 6|move closecombat
|
|switch|p1a: Don't knock it|Drapion, M|291\/291
|move|p2a: Gallade|Close Combat|p1a: Don't knock it
|-damage|p1a: Don't knock it|38\/291
|-unboost|p2a: Gallade|def|1
|-unboost|p2a: Gallade|spd|1
|-damage|p2a: Gallade|250\/277|[from] item: Life Orb
|
|upkeep
|turn|4
|choice|move knockoff|move closecombat
|
|move|p1a: Don't knock it|Knock Off|p2a: Gallade
|-damage|p2a: Gallade|0 fnt
|-enditem|p2a: Gallade|Life Orb|[from] move: Knock Off|[of] p1a: Don't knock it
|faint|p2a: Gallade
|
|upkeep
|choice||switch 5
|
|switch|p2a: Druddigon|Druddigon, M|358\/358
|turn|5
|choice|switch 6|move earthquake
|
|switch|p1a: Blastoise|Blastoise, F|142\/362
|move|p2a: Druddigon|Earthquake|p1a: Blastoise
|-damage|p1a: Blastoise|52\/362
|
|-heal|p1a: Blastoise|74\/362|[from] item: Leftovers
|upkeep
|turn|6
|choice|switch 4|move outrage
|
|switch|p1a: Bronzong|Bronzong|338\/338
|move|p2a: Druddigon|Outrage|p1a: Bronzong
|-resisted|p1a: Bronzong
|-damage|p1a: Bronzong|268\/338
|
|-heal|p1a: Bronzong|289\/338|[from] item: Leftovers
|upkeep
|turn|7
|choice|move toxic|move outrage
|
|move|p2a: Druddigon|Outrage|p1a: Bronzong|[from]lockedmove
|-resisted|p1a: Bronzong
|-damage|p1a: Bronzong|212\/338
|-start|p2a: Druddigon|confusion|[fatigue]
|move|p1a: Bronzong|Toxic|p2a: Druddigon
|-status|p2a: Druddigon|tox
|
|-heal|p1a: Bronzong|233\/338|[from] item: Leftovers
|-damage|p2a: Druddigon|336\/358 tox|[from] psn
|upkeep
|turn|8
|choice|move psywave|move earthquake
|
|-activate|p2a: Druddigon|confusion
|move|p2a: Druddigon|Earthquake|p1a: Bronzong
|-immune|p1a: Bronzong|[msg]|[from] ability: Levitate
|move|p1a: Bronzong|Psywave|p2a: Druddigon
|-damage|p2a: Druddigon|247\/358 tox
|
|-heal|p1a: Bronzong|254\/338|[from] item: Leftovers
|-damage|p2a: Druddigon|203\/358 tox|[from] psn
|upkeep
|turn|9
|choice|move psywave|move superpower
|
|-end|p2a: Druddigon|confusion
|move|p2a: Druddigon|Superpower|p1a: Bronzong
|-damage|p1a: Bronzong|154\/338
|-unboost|p2a: Druddigon|atk|1
|-unboost|p2a: Druddigon|def|1
|move|p1a: Bronzong|Psywave|p2a: Druddigon
|-damage|p2a: Druddigon|74\/358 tox
|
|-heal|p1a: Bronzong|175\/338|[from] item: Leftovers
|-damage|p2a: Druddigon|8\/358 tox|[from] psn
|upkeep
|turn|10
|choice|switch 2|move superpower
|
|switch|p1a: Till you try it|Trevenant, F, shiny|311\/311
|move|p2a: Druddigon|Superpower|p1a: Till you try it
|-immune|p1a: Till you try it|[msg]
|
|-damage|p2a: Druddigon|0 fnt|[from] psn
|upkeep
|faint|p2a: Druddigon
|choice||switch 6
|
|switch|p2a: Registeel|Registeel|301\/301
|turn|11
|choice|move substitute|move icepunch
|
|move|p1a: Till you try it|Substitute|p1a: Till you try it
|-start|p1a: Till you try it|Substitute
|-damage|p1a: Till you try it|234\/311
|move|p2a: Registeel|Ice Punch|p1a: Till you try it
|-supereffective|p1a: Till you try it
|-crit|p1a: Till you try it
|-end|p1a: Till you try it|Substitute
|
|upkeep
|turn|12
|choice|move willowisp|move icepunch
|
|move|p1a: Till you try it|Will-O-Wisp|p2a: Registeel|[miss]
|-miss|p1a: Till you try it|p2a: Registeel
|move|p2a: Registeel|Ice Punch|p1a: Till you try it
|-supereffective|p1a: Till you try it
|-damage|p1a: Till you try it|82\/311
|-enditem|p1a: Till you try it|Sitrus Berry|[eat]
|-heal|p1a: Till you try it|159\/311|[from] item: Sitrus Berry
|
|upkeep
|turn|13
|choice|move willowisp|move icepunch
|
|move|p1a: Till you try it|Will-O-Wisp|p2a: Registeel
|-status|p2a: Registeel|brn
|move|p2a: Registeel|Ice Punch|p1a: Till you try it
|-supereffective|p1a: Till you try it
|-damage|p1a: Till you try it|84\/311
|
|-damage|p2a: Registeel|264\/301 brn|[from] brn
|upkeep
|turn|14
|choice|switch 5|move icepunch
|
|switch|p1a: Aromatisse|Aromatisse, M|406\/406
|move|p2a: Registeel|Ice Punch|p1a: Aromatisse
|-crit|p1a: Aromatisse
|-damage|p1a: Aromatisse|346\/406
|-status|p1a: Aromatisse|frz
|
|-heal|p1a: Aromatisse|371\/406 frz|[from] item: Leftovers
|-damage|p2a: Registeel|227\/301 brn|[from] brn
|upkeep
|turn|15
|choice|move wish|move ironhead
|
|move|p2a: Registeel|Iron Head|p1a: Aromatisse
|-supereffective|p1a: Aromatisse
|-damage|p1a: Aromatisse|236\/406 frz
|-curestatus|p1a: Aromatisse|frz|[msg]
|move|p1a: Aromatisse|Wish|p1a: Aromatisse
|
|-heal|p1a: Aromatisse|261\/406|[from] item: Leftovers
|-damage|p2a: Registeel|190\/301 brn|[from] brn
|upkeep
|turn|16
|c|☆The frozen lopunny|considering how these games go I was expecting that on the will o miss
|choice|switch 5|move ironhead
|
|switch|p1a: Till you try it|Trevenant, F, shiny|84\/311
|move|p2a: Registeel|Iron Head|p1a: Till you try it
|-damage|p1a: Till you try it|21\/311
|
|-heal|p1a: Till you try it|224\/311|[from] move: Wish|[wisher] Aromatisse
|-damage|p2a: Registeel|153\/301 brn|[from] brn
|upkeep
|turn|17
|choice|move substitute|move icepunch
|
|move|p1a: Till you try it|Substitute|p1a: Till you try it
|-start|p1a: Till you try it|Substitute
|-damage|p1a: Till you try it|147\/311
|move|p2a: Registeel|Ice Punch|p1a: Till you try it
|-supereffective|p1a: Till you try it
|-activate|p1a: Till you try it|move: Substitute|[damage]
|
|-damage|p2a: Registeel|116\/301 brn|[from] brn
|-item|p1a: Till you try it|Sitrus Berry|[from] ability: Harvest
|upkeep
|-enditem|p1a: Till you try it|Sitrus Berry|[eat]
|-heal|p1a: Till you try it|224\/311|[from] item: Sitrus Berry
|turn|18
|choice|move earthquake|move icepunch
|
|move|p1a: Till you try it|Earthquake|p2a: Registeel
|-supereffective|p2a: Registeel
|-damage|p2a: Registeel|0 fnt
|faint|p2a: Registeel
|
|-item|p1a: Till you try it|Sitrus Berry|[from] ability: Harvest
|upkeep
|choice||switch 4
|
|switch|p2a: Clawitzer|Clawitzer, F|346\/346
|turn|19
|choice|move woodhammer|move icebeam
|
|move|p1a: Till you try it|Wood Hammer|p2a: Clawitzer
|-supereffective|p2a: Clawitzer
|-damage|p2a: Clawitzer|0 fnt
|-damage|p1a: Till you try it|110\/311|[from] Recoil|[of] p2a: Clawitzer
|-enditem|p1a: Till you try it|Sitrus Berry|[eat]
|-heal|p1a: Till you try it|187\/311|[from] item: Sitrus Berry
|faint|p2a: Clawitzer
|
|-item|p1a: Till you try it|Sitrus Berry|[from] ability: Harvest
|upkeep
|choice||switch 2
|
|switch|p2a: Bronzong|Bronzong|307\/307
|turn|20
|choice|move willowisp|move confuseray
|
|move|p1a: Till you try it|Will-O-Wisp|p2a: Bronzong
|-status|p2a: Bronzong|brn
|move|p2a: Bronzong|Confuse Ray|p1a: Till you try it
|-fail|p1a: Till you try it
|
|-damage|p2a: Bronzong|269\/307 brn|[from] brn
|upkeep
|turn|21
|choice|move earthquake|move ironhead
|
|move|p1a: Till you try it|Earthquake|p2a: Bronzong
|-immune|p2a: Bronzong|[msg]|[from] ability: Levitate
|move|p2a: Bronzong|Iron Head|p1a: Till you try it
|-end|p1a: Till you try it|Substitute
|
|-heal|p2a: Bronzong|288\/307 brn|[from] item: Leftovers
|-damage|p2a: Bronzong|250\/307 brn|[from] brn
|upkeep
|turn|22
|c|☆The frozen lopunny|just wanted to make sure
|choice|move substitute|move confuseray
|
|move|p1a: Till you try it|Substitute|p1a: Till you try it
|-start|p1a: Till you try it|Substitute
|-damage|p1a: Till you try it|110\/311
|-enditem|p1a: Till you try it|Sitrus Berry|[eat]
|-heal|p1a: Till you try it|187\/311|[from] item: Sitrus Berry
|move|p2a: Bronzong|Confuse Ray|p1a: Till you try it
|-fail|p1a: Till you try it
|
|-heal|p2a: Bronzong|269\/307 brn|[from] item: Leftovers
|-damage|p2a: Bronzong|231\/307 brn|[from] brn
|-item|p1a: Till you try it|Sitrus Berry|[from] ability: Harvest
|upkeep
|turn|23
|choice|move woodhammer|move zenheadbutt
|
|move|p1a: Till you try it|Wood Hammer|p2a: Bronzong
|-resisted|p2a: Bronzong
|-damage|p2a: Bronzong|150\/307 brn
|-damage|p1a: Till you try it|160\/311|[from] Recoil|[of] p2a: Bronzong
|move|p2a: Bronzong|Zen Headbutt|p1a: Till you try it
|-activate|p1a: Till you try it|move: Substitute|[damage]
|
|-heal|p2a: Bronzong|169\/307 brn|[from] item: Leftovers
|-damage|p2a: Bronzong|131\/307 brn|[from] brn
|upkeep
|turn|24
|c|☆The frozen lopunny|cause I wanted this to go faster
|choice|move woodhammer|move ironhead
|
|move|p1a: Till you try it|Wood Hammer|p2a: Bronzong
|-resisted|p2a: Bronzong
|-damage|p2a: Bronzong|50\/307 brn
|-damage|p1a: Till you try it|133\/311|[from] Recoil|[of] p2a: Bronzong
|-enditem|p1a: Till you try it|Sitrus Berry|[eat]
|-heal|p1a: Till you try it|210\/311|[from] item: Sitrus Berry
|move|p2a: Bronzong|Iron Head|p1a: Till you try it
|-end|p1a: Till you try it|Substitute
|
|-heal|p2a: Bronzong|69\/307 brn|[from] item: Leftovers
|-damage|p2a: Bronzong|31\/307 brn|[from] brn
|upkeep
|turn|25
|choice|move woodhammer|move ironhead
|
|move|p1a: Till you try it|Wood Hammer|p2a: Bronzong
|-resisted|p2a: Bronzong
|-damage|p2a: Bronzong|0 fnt
|-damage|p1a: Till you try it|200\/311|[from] Recoil|[of] p2a: Bronzong
|faint|p2a: Bronzong
|
|win|The frozen lopunny
|c|☆The frozen lopunny|gg
|raw|The frozen lopunny's rating: 1334 &rarr; <strong>1339<\/strong><br \/>(+5 for winning)
|raw|danikdoskal's rating: 1000 &rarr; <strong>1000<\/strong><br \/>(+0 for losing)
|l|danikdoskal</script>
</div>
<div class="battle-log battle-log-inline"><div class="inner"><div class="battle-options"></div><div class="inner"><div class="chat"><small>The frozen lopunny joined.</small></div><div class="chat"><small>danikdoskal joined.</small></div><div class=""><small>Format:</small> <br><strong>RU</strong></div><div class="rated"><strong>Rated battle</strong></div><div class=""><small><em>Sleep Clause Mod:</em> Limit one foe put to sleep</small></div><div class=""><small><em>Species Clause:</em> Limit one of each Pokémon</small></div><div class=""><small><em>OHKO Clause:</em> OHKO moves are banned</small></div><div class=""><small><em>Moody Clause:</em> Moody is banned</small></div><div class=""><small><em>Evasion Moves Clause:</em> Evasion moves are banned</small></div><div class=""><small><em>Endless Battle Clause:</em> Forcing endless battles is banned</small></div><div class=""><small><em>HP Percentage Mod:</em> HP is shown in percentages</small></div><div class=""><small><em>Swagger Clause:</em> Swagger is banned</small></div><div class=""><small><em>Baton Pass Clause:</em> Limit one Baton Passer, can't pass Spe and other stats simultaneously</small></div><div class="chat battle-history"><strong>The frozen lopunny's team:</strong> <em style="color:#445566;display:block;">Drapion / Trevenant / Manectric / Bronzong / Aromatisse / Blastoise</em></div><div class="chat battle-history"><strong>danikdoskal's team:</strong> <em style="color:#445566;display:block;">Bronzong / Absol / Gallade / Clawitzer / Druddigon / Registeel</em></div><div class="spacer battle-history"><br></div><div class="battle-history">Battle started between The frozen lopunny and danikdoskal!<br></div><div class="spacer battle-history"><br></div><div class="battle-history">Go! <strong>Blastoise</strong>!<br></div><div class="spacer battle-history"><br></div><div class="battle-history">danikdoskal sent out <strong>Absol</strong>!<br></div><div class="spacer battle-history"><br></div><h2 class="battle-history">Turn 1</h2><div class="spacer battle-history"><br></div><div class="battle-history">The opposing Absol used <strong>Sucker Punch</strong>!<br></div><div class="battle-history"><small>(Blastoise lost <abbr title="−135/362">37.3%</abbr> of its health!)</small><br></div><div class="spacer battle-history"><br></div><div class="battle-history">Blastoise used <strong>Scald</strong>!<br></div><div class="battle-history"><small>A critical hit!</small><br></div><div class="battle-history"><small>(The opposing Absol lost <abbr title="−202/334">60.5%</abbr> of its health!)</small><br></div><div class="spacer battle-history"><br></div><div class="battle-history"><small>Blastoise restored a little HP using its Leftovers!</small><br></div><div class="spacer battle-history"><br></div><h2 class="battle-history">Turn 2</h2><div class="spacer battle-history"><br></div><div class="battle-history">The opposing Absol used <strong>Sucker Punch</strong>!<br></div><div class="battle-history"><small>(Blastoise lost <abbr title="−129/362">35.6%</abbr> of its health!)</small><br></div><div class="spacer battle-history"><br></div><div class="battle-history">Blastoise used <strong>Scald</strong>!<br></div><div class="battle-history"><small>(The opposing Absol lost <abbr title="−132/334">39.5%</abbr> of its health!)</small><br></div><div class="spacer battle-history"><br></div><div class="battle-history">The opposing Absol fainted!<br></div><div class="spacer battle-history"><br></div><div class="battle-history"><small>Blastoise restored a little HP using its Leftovers!</small><br></div><div class="chat message-error">Battle timer is ON: inactive players will automatically lose when time's up. (requested by The frozen lopunny)</div><div class="spacer battle-history"><br></div><div class="battle-history">danikdoskal sent out <strong>Gallade</strong>!<br></div><div class="spacer battle-history"><br></div><h2 class="battle-history">Turn 3</h2><div class="spacer battle-history"><br></div><div class="battle-history">Blastoise, come back!<br></div><div class="battle-history">Go! Don't knock it (<strong>Drapion</strong>)!<br></div><div class="spacer battle-history"><br></div><div class="battle-history">The opposing Gallade used <strong>Close Combat</strong>!<br></div><div class="battle-history"><small>(Don't knock it lost <abbr title="−253/291">86.9%</abbr> of its health!)</small><br></div><div class="battle-history"><small>The opposing Gallade's Defense fell!</small><br></div><div class="battle-history"><small>The opposing Gallade's Special Defense fell!</small><br></div><div class="battle-history"><small>The opposing Gallade lost some of its HP!</small><br></div><div class="spacer battle-history"><br></div><h2 class="battle-history">Turn 4</h2><div class="spacer battle-history"><br></div><div class="battle-history">Don't knock it used <strong>Knock Off</strong>!<br></div><div class="battle-history"><small>(The opposing Gallade lost <abbr title="−250/277">90.3%</abbr> of its health!)</small><br></div><div class="battle-history"><small>Don't knock it knocked off the opposing Gallade's Life Orb!</small><br></div><div class="spacer battle-history"><br></div><div class="battle-history">The opposing Gallade fainted!<br></div><div class="spacer battle-history"><br></div><div class="battle-history">danikdoskal sent out <strong>Druddigon</strong>!<br></div><div class="spacer battle-history"><br></div><h2 class="battle-history">Turn 5</h2><div class="spacer battle-history"><br></div><div class="battle-history">Don't knock it, come back!<br></div><div class="battle-history">Go! <strong>Blastoise</strong>!<br></div><div class="spacer battle-history"><br></div><div class="battle-history">The opposing Druddigon used <strong>Earthquake</strong>!<br></div><div class="battle-history"><small>(Blastoise lost <abbr title="−90/362">24.9%</abbr> of its health!)</small><br></div><div class="spacer battle-history"><br></div><div class="battle-history"><small>Blastoise restored a little HP using its Leftovers!</small><br></div><div class="spacer battle-history"><br></div><h2 class="battle-history">Turn 6</h2><div class="spacer battle-history"><br></div><div class="battle-history">Blastoise, come back!<br></div><div class="battle-history">Go! <strong>Bronzong</strong>!<br></div><div class="spacer battle-history"><br></div><div class="battle-history">The opposing Druddigon used <strong>Outrage</strong>!<br></div><div class="battle-history"><small>It's not very effective...</small><br></div><div class="battle-history"><small>(Bronzong lost <abbr title="−70/338">20.7%</abbr> of its health!)</small><br></div><div class="spacer battle-history"><br></div><div class="battle-history"><small>Bronzong restored a little HP using its Leftovers!</small><br></div><div class="spacer battle-history"><br></div><h2 class="battle-history">Turn 7</h2><div class="spacer battle-history"><br></div><div class="battle-history">The opposing Druddigon used <strong>Outrage</strong>!<br></div><div class="battle-history"><small>It's not very effective...</small><br></div><div class="battle-history"><small>(Bronzong lost <abbr title="−77/338">22.8%</abbr> of its health!)</small><br></div><div class="battle-history"><small>The opposing Druddigon became confused due to fatigue!</small><br></div><div class="spacer battle-history"><br></div><div class="battle-history">Bronzong used <strong>Toxic</strong>!<br></div><div class="battle-history"><small>The opposing Druddigon was badly poisoned!</small><br></div><div class="spacer battle-history"><br></div><div class="battle-history"><small>Bronzong restored a little HP using its Leftovers!</small><br></div><div class="battle-history"><small>The opposing Druddigon was hurt by poison!</small><br></div><div class="spacer battle-history"><br></div><h2 class="battle-history">Turn 8</h2><div class="spacer battle-history"><br></div><div class="battle-history"><small>The opposing Druddigon is confused!</small><br></div><div class="battle-history">The opposing Druddigon used <strong>Earthquake</strong>!<br></div><div class="battle-history"><small>[Bronzong's Levitate]</small><br><small>It doesn't affect Bronzong...</small><br></div><div class="spacer battle-history"><br></div><div class="battle-history">Bronzong used <strong>Psywave</strong>!<br></div><div class="battle-history"><small>(The opposing Druddigon lost <abbr title="−89/358">24.9%</abbr> of its health!)</small><br></div><div class="spacer battle-history"><br></div><div class="battle-history"><small>Bronzong restored a little HP using its Leftovers!</small><br></div><div class="battle-history"><small>The opposing Druddigon was hurt by poison!</small><br></div><div class="spacer battle-history"><br></div><h2 class="battle-history">Turn 9</h2><div class="spacer battle-history"><br></div><div class="battle-history"><small>The opposing Druddigon snapped out of its confusion!</small><br></div><div class="spacer battle-history"><br></div><div class="battle-history">The opposing Druddigon used <strong>Superpower</strong>!<br></div><div class="battle-history"><small>(Bronzong lost <abbr title="−100/338">29.6%</abbr> of its health!)</small><br></div><div class="battle-history"><small>The opposing Druddigon's Attack fell!</small><br></div><div class="battle-history"><small>The opposing Druddigon's Defense fell!</small><br></div><div class="spacer battle-history"><br></div><div class="battle-history">Bronzong used <strong>Psywave</strong>!<br></div><div class="battle-history"><small>(The opposing Druddigon lost <abbr title="−129/358">36.0%</abbr> of its health!)</small><br></div><div class="spacer battle-history"><br></div><div class="battle-history"><small>Bronzong restored a little HP using its Leftovers!</small><br></div><div class="battle-history"><small>The opposing Druddigon was hurt by poison!</small><br></div><div class="spacer battle-history"><br></div><h2 class="battle-history">Turn 10</h2><div class="spacer battle-history"><br></div><div class="battle-history">Bronzong, come back!<br></div><div class="battle-history">Go! Till you try it (<strong>Trevenant</strong>)!<br></div><div class="spacer battle-history"><br></div><div class="battle-history">The opposing Druddigon used <strong>Superpower</strong>!<br></div><div class="battle-history"><small>It doesn't affect Till you try it...</small><br></div><div class="spacer battle-history"><br></div><div class="battle-history"><small>The opposing Druddigon was hurt by poison!</small><br></div><div class="spacer battle-history"><br></div><div class="battle-history">The opposing Druddigon fainted!<br></div><div class="spacer battle-history"><br></div><div class="battle-history">danikdoskal sent out <strong>Registeel</strong>!<br></div><div class="spacer battle-history"><br></div><h2 class="battle-history">Turn 11</h2><div class="spacer battle-history"><br></div><div class="battle-history">Till you try it used <strong>Substitute</strong>!<br></div><div class="battle-history"><small>Till you try it put in a substitute!</small><br></div><div class="battle-history"><small>(Till you try it lost <abbr title="−77/311">24.8%</abbr> of its health!)</small><br></div><div class="spacer battle-history"><br></div><div class="battle-history">The opposing Registeel used <strong>Ice Punch</strong>!<br></div><div class="battle-history"><small>It's super effective!</small><br></div><div class="battle-history"><small>A critical hit!</small><br></div><div class="battle-history"><small>Till you try it's substitute faded!</small><br></div><div class="spacer battle-history"><br></div><h2 class="battle-history">Turn 12</h2><div class="spacer battle-history"><br></div><div class="battle-history">Till you try it used <strong>Will-O-Wisp</strong>!<br></div><div class="battle-history"><small>The opposing Registeel avoided the attack!</small><br></div><div class="spacer battle-history"><br></div><div class="battle-history">The opposing Registeel used <strong>Ice Punch</strong>!<br></div><div class="battle-history"><small>It's super effective!</small><br></div><div class="battle-history"><small>(Till you try it lost <abbr title="−152/311">48.9%</abbr> of its health!)</small><br></div><div class="battle-history"><small>Till you try it ate its Sitrus Berry!</small><br></div><div class="battle-history"><small>Till you try it restored HP using its Sitrus Berry!</small><br></div><div class="spacer battle-history"><br></div><h2 class="battle-history">Turn 13</h2><div class="spacer battle-history"><br></div><div class="battle-history">Till you try it used <strong>Will-O-Wisp</strong>!<br></div><div class="battle-history"><small>The opposing Registeel was burned!</small><br></div><div class="spacer battle-history"><br></div><div class="battle-history">The opposing Registeel used <strong>Ice Punch</strong>!<br></div><div class="battle-history"><small>It's super effective!</small><br></div><div class="battle-history"><small>(Till you try it lost <abbr title="−75/311">24.1%</abbr> of its health!)</small><br></div><div class="spacer battle-history"><br></div><div class="battle-history"><small>The opposing Registeel was hurt by its burn!</small><br></div><div class="spacer battle-history"><br></div><h2 class="battle-history">Turn 14</h2><div class="spacer battle-history"><br></div><div class="battle-history">Till you try it, come back!<br></div><div class="battle-history">Go! <strong>Aromatisse</strong>!<br></div><div class="spacer battle-history"><br></div><div class="battle-history">The opposing Registeel used <strong>Ice Punch</strong>!<br></div><div class="battle-history"><small>A critical hit!</small><br></div><div class="battle-history"><small>(Aromatisse lost <abbr title="−60/406">14.8%</abbr> of its health!)</small><br></div><div class="battle-history"><small>Aromatisse was frozen solid!</small><br></div><div class="spacer battle-history"><br></div><div class="battle-history"><small>Aromatisse restored a little HP using its Leftovers!</small><br></div><div class="battle-history"><small>The opposing Registeel was hurt by its burn!</small><br></div><div class="spacer battle-history"><br></div><h2 class="battle-history">Turn 15</h2><div class="spacer battle-history"><br></div><div class="battle-history">The opposing Registeel used <strong>Iron Head</strong>!<br></div><div class="battle-history"><small>It's super effective!</small><br></div><div class="battle-history"><small>(Aromatisse lost <abbr title="−135/406">33.3%</abbr> of its health!)</small><br></div><div class="battle-history"><small>Aromatisse thawed out!</small><br></div><div class="spacer battle-history"><br></div><div class="battle-history">Aromatisse used <strong>Wish</strong>!<br></div><div class="spacer battle-history"><br></div><div class="battle-history"><small>Aromatisse restored a little HP using its Leftovers!</small><br></div><div class="battle-history"><small>The opposing Registeel was hurt by its burn!</small><br></div><div class="spacer battle-history"><br></div><h2 class="battle-history">Turn 16</h2><div class="chat chatmessage-thefrozenlopunny"><strong style="color:hsl(18,79%,41.70480063285996%)"><small>☆</small><span class="username" data-name="The frozen lopunny">The frozen lopunny</span>:</strong> <em>considering how these games go I was expecting that on the will o miss</em></div><div class="spacer battle-history"><br></div><div class="battle-history">Aromatisse, come back!<br></div><div class="battle-history">Go! Till you try it (<strong>Trevenant</strong>)!<br></div><div class="spacer battle-history"><br></div><div class="battle-history">The opposing Registeel used <strong>Iron Head</strong>!<br></div><div class="battle-history"><small>(Till you try it lost <abbr title="−63/311">20.3%</abbr> of its health!)</small><br></div><div class="spacer battle-history"><br></div><div class="battle-history"><small>Aromatisse's wish came true!</small><br></div><div class="battle-history"><small>The opposing Registeel was hurt by its burn!</small><br></div><div class="spacer battle-history"><br></div><h2 class="battle-history">Turn 17</h2><div class="spacer battle-history"><br></div><div class="battle-history">Till you try it used <strong>Substitute</strong>!<br></div><div class="battle-history"><small>Till you try it put in a substitute!</small><br></div><div class="battle-history"><small>(Till you try it lost <abbr title="−77/311">24.8%</abbr> of its health!)</small><br></div><div class="spacer battle-history"><br></div><div class="battle-history">The opposing Registeel used <strong>Ice Punch</strong>!<br></div><div class="battle-history"><small>It's super effective!</small><br></div><div class="battle-history"><small>The substitute took damage for Till you try it!</small><br></div><div class="spacer battle-history"><br></div><div class="battle-history"><small>The opposing Registeel was hurt by its burn!</small><br></div><div class="battle-history"><small>[Till you try it's Harvest]</small><br><small>Till you try it harvested one Sitrus Berry!</small><br></div><div class="spacer battle-history"><br></div><div class="battle-history"><small>Till you try it ate its Sitrus Berry!</small><br></div><div class="battle-history"><small>Till you try it restored HP using its Sitrus Berry!</small><br></div><div class="spacer battle-history"><br></div><h2 class="battle-history">Turn 18</h2><div class="spacer battle-history"><br></div><div class="battle-history">Till you try it used <strong>Earthquake</strong>!<br></div><div class="battle-history"><small>It's super effective!</small><br></div><div class="battle-history"><small>(The opposing Registeel lost <abbr title="−116/301">38.5%</abbr> of its health!)</small><br></div><div class="spacer battle-history"><br></div><div class="battle-history">The opposing Registeel fainted!<br></div><div class="spacer battle-history"><br></div><div class="battle-history"><small>[Till you try it's Harvest]</small><br><small>Till you try it harvested one Sitrus Berry!</small><br></div><div class="spacer battle-history"><br></div><div class="battle-history">danikdoskal sent out <strong>Clawitzer</strong>!<br></div><div class="spacer battle-history"><br></div><h2 class="battle-history">Turn 19</h2><div class="spacer battle-history"><br></div><div class="battle-history">Till you try it used <strong>Wood Hammer</strong>!<br></div><div class="battle-history"><small>It's super effective!</small><br></div><div class="battle-history"><small>(The opposing Clawitzer lost <abbr title="−346/346">100%</abbr> of its health!)</small><br></div><div class="battle-history"><small>Till you try it is damaged by the recoil!</small><br></div><div class="battle-history"><small>Till you try it ate its Sitrus Berry!</small><br></div><div class="battle-history"><small>Till you try it restored HP using its Sitrus Berry!</small><br></div><div class="spacer battle-history"><br></div><div class="battle-history">The opposing Clawitzer fainted!<br></div><div class="spacer battle-history"><br></div><div class="battle-history"><small>[Till you try it's Harvest]</small><br><small>Till you try it harvested one Sitrus Berry!</small><br></div><div class="spacer battle-history"><br></div><div class="battle-history">danikdoskal sent out <strong>Bronzong</strong>!<br></div><div class="spacer battle-history"><br></div><h2 class="battle-history">Turn 20</h2><div class="spacer battle-history"><br></div><div class="battle-history">Till you try it used <strong>Will-O-Wisp</strong>!<br></div><div class="battle-history"><small>The opposing Bronzong was burned!</small><br></div><div class="spacer battle-history"><br></div><div class="battle-history">The opposing Bronzong used <strong>Confuse Ray</strong>!<br></div><div class="battle-history"><small>But it failed!</small><br></div><div class="spacer battle-history"><br></div><div class="battle-history"><small>The opposing Bronzong was hurt by its burn!</small><br></div><div class="spacer battle-history"><br></div><h2 class="battle-history">Turn 21</h2><div class="spacer battle-history"><br></div><div class="battle-history">Till you try it used <strong>Earthquake</strong>!<br></div><div class="battle-history"><small>[The opposing Bronzong's Levitate]</small><br><small>It doesn't affect the opposing Bronzong...</small><br></div><div class="spacer battle-history"><br></div><div class="battle-history">The opposing Bronzong used <strong>Iron Head</strong>!<br></div><div class="battle-history"><small>Till you try it's substitute faded!</small><br></div><div class="spacer battle-history"><br></div><div class="battle-history"><small>The opposing Bronzong restored a little HP using its Leftovers!</small><br></div><div class="battle-history"><small>The opposing Bronzong was hurt by its burn!</small><br></div><div class="spacer battle-history"><br></div><h2 class="battle-history">Turn 22</h2><div class="chat chatmessage-thefrozenlopunny"><strong style="color:hsl(18,79%,41.70480063285996%)"><small>☆</small><span class="username" data-name="The frozen lopunny">The frozen lopunny</span>:</strong> <em>just wanted to make sure</em></div><div class="spacer battle-history"><br></div><div class="battle-history">Till you try it used <strong>Substitute</strong>!<br></div><div class="battle-history"><small>Till you try it put in a substitute!</small><br></div><div class="battle-history"><small>(Till you try it lost <abbr title="−77/311">24.8%</abbr> of its health!)</small><br></div><div class="battle-history"><small>Till you try it ate its Sitrus Berry!</small><br></div><div class="battle-history"><small>Till you try it restored HP using its Sitrus Berry!</small><br></div><div class="spacer battle-history"><br></div><div class="battle-history">The opposing Bronzong used <strong>Confuse Ray</strong>!<br></div><div class="battle-history"><small>But it failed!</small><br></div><div class="spacer battle-history"><br></div><div class="battle-history"><small>The opposing Bronzong restored a little HP using its Leftovers!</small><br></div><div class="battle-history"><small>The opposing Bronzong was hurt by its burn!</small><br></div><div class="battle-history"><small>[Till you try it's Harvest]</small><br><small>Till you try it harvested one Sitrus Berry!</small><br></div><div class="spacer battle-history"><br></div><h2 class="battle-history">Turn 23</h2><div class="spacer battle-history"><br></div><div class="battle-history">Till you try it used <strong>Wood Hammer</strong>!<br></div><div class="battle-history"><small>It's not very effective...</small><br></div><div class="battle-history"><small>(The opposing Bronzong lost <abbr title="−81/307">26.4%</abbr> of its health!)</small><br></div><div class="battle-history"><small>Till you try it is damaged by the recoil!</small><br></div><div class="spacer battle-history"><br></div><div class="battle-history">The opposing Bronzong used <strong>Zen Headbutt</strong>!<br></div><div class="battle-history"><small>The substitute took damage for Till you try it!</small><br></div><div class="spacer battle-history"><br></div><div class="battle-history"><small>The opposing Bronzong restored a little HP using its Leftovers!</small><br></div><div class="battle-history"><small>The opposing Bronzong was hurt by its burn!</small><br></div><div class="spacer battle-history"><br></div><h2 class="battle-history">Turn 24</h2><div class="chat chatmessage-thefrozenlopunny"><strong style="color:hsl(18,79%,41.70480063285996%)"><small>☆</small><span class="username" data-name="The frozen lopunny">The frozen lopunny</span>:</strong> <em>cause I wanted this to go faster</em></div><div class="spacer battle-history"><br></div><div class="battle-history">Till you try it used <strong>Wood Hammer</strong>!<br></div><div class="battle-history"><small>It's not very effective...</small><br></div><div class="battle-history"><small>(The opposing Bronzong lost <abbr title="−81/307">26.4%</abbr> of its health!)</small><br></div><div class="battle-history"><small>Till you try it is damaged by the recoil!</small><br></div><div class="battle-history"><small>Till you try it ate its Sitrus Berry!</small><br></div><div class="battle-history"><small>Till you try it restored HP using its Sitrus Berry!</small><br></div><div class="spacer battle-history"><br></div><div class="battle-history">The opposing Bronzong used <strong>Iron Head</strong>!<br></div><div class="battle-history"><small>Till you try it's substitute faded!</small><br></div><div class="spacer battle-history"><br></div><div class="battle-history"><small>The opposing Bronzong restored a little HP using its Leftovers!</small><br></div><div class="battle-history"><small>The opposing Bronzong was hurt by its burn!</small><br></div><div class="spacer battle-history"><br></div><h2 class="battle-history">Turn 25</h2><div class="spacer battle-history"><br></div><div class="battle-history">Till you try it used <strong>Wood Hammer</strong>!<br></div><div class="battle-history"><small>It's not very effective...</small><br></div><div class="battle-history"><small>(The opposing Bronzong lost <abbr title="−31/307">10.1%</abbr> of its health!)</small><br></div><div class="battle-history"><small>Till you try it is damaged by the recoil!</small><br></div><div class="spacer battle-history"><br></div><div class="battle-history">The opposing Bronzong fainted!<br></div><div class="spacer battle-history"><br></div><div class="battle-history"><strong>The frozen lopunny</strong> won the battle!<br></div><div class="chat chatmessage-thefrozenlopunny"><strong style="color:hsl(18,79%,41.70480063285996%)"><small>☆</small><span class="username" data-name="The frozen lopunny">The frozen lopunny</span>:</strong> <em>gg</em></div><div class="chat">The frozen lopunny's rating: 1334 → <strong>1339</strong><br>(+5 for winning)</div><div class="chat">danikdoskal's rating: 1000 → <strong>1000</strong><br>(+0 for losing)</div><div class="chat"><small>danikdoskal left.</small></div></div><div class="inner-preempt"></div></div></div>
</div>
<script>
let daily = Math.floor(Date.now()/1000/60/60/24);document.write('<script src="https://play.pokemonshowdown.com/js/replay-embed.js?version'+daily+'"></'+'script>');
</script>
