<!DOCTYPE html>
<meta charset="utf-8" />
<!-- version 1 -->
<title>RU replay: Donceeeerc vs. Jhey Jhey</title>
<style>
html,body {font-family:Verdana, sans-serif;font-size:10pt;margin:0;padding:0;}body{padding:12px 0;} .battle-log {font-family:Verdana, sans-serif;font-size:10pt;} .battle-log-inline {border:1px solid #AAAAAA;background:#EEF2F5;color:black;max-width:640px;margin:0 auto 80px;padding-bottom:5px;} .battle-log .inner {padding:4px 8px 0px 8px;} .battle-log .inner-preempt {padding:0 8px 4px 8px;} .battle-log .inner-after {margin-top:0.5em;} .battle-log h2 {margin:0.5em -8px;padding:4px 8px;border:1px solid #AAAAAA;background:#E0E7EA;border-left:0;border-right:0;font-family:Verdana, sans-serif;font-size:13pt;} .battle-log .chat {vertical-align:middle;padding:3px 0 3px 0;font-size:8pt;} .battle-log .chat strong {color:#40576A;} .battle-log .chat em {padding:1px 4px 1px 3px;color:#000000;font-style:normal;} .chat.mine {background:rgba(0,0,0,0.05);margin-left:-8px;margin-right:-8px;padding-left:8px;padding-right:8px;} .spoiler {color:#BBBBBB;background:#BBBBBB;padding:0px 3px;} .spoiler:hover, .spoiler:active, .spoiler-shown {color:#000000;background:#E2E2E2;padding:0px 3px;} .spoiler a {color:#BBBBBB;} .spoiler:hover a, .spoiler:active a, .spoiler-shown a {color:#2288CC;} .chat code, .chat .spoiler:hover code, .chat .spoiler:active code, .chat .spoiler-shown code {border:1px solid #C0C0C0;background:#EEEEEE;color:black;padding:0 2px;} .chat .spoiler code {border:1px solid #CCCCCC;background:#CCCCCC;color:#CCCCCC;} .battle-log .rated {padding:3px 4px;} .battle-log .rated strong {color:white;background:#89A;padding:1px 4px;border-radius:4px;} .spacer {margin-top:0.5em;} .message-announce {background:#6688AA;color:white;padding:1px 4px 2px;} .message-announce a, .broadcast-green a, .broadcast-blue a, .broadcast-red a {color:#DDEEFF;} .broadcast-green {background-color:#559955;color:white;padding:2px 4px;} .broadcast-blue {background-color:#6688AA;color:white;padding:2px 4px;} .infobox {border:1px solid #6688AA;padding:2px 4px;} .infobox-limited {max-height:200px;overflow:auto;overflow-x:hidden;} .broadcast-red {background-color:#AA5544;color:white;padding:2px 4px;} .message-learn-canlearn {font-weight:bold;color:#228822;text-decoration:underline;} .message-learn-cannotlearn {font-weight:bold;color:#CC2222;text-decoration:underline;} .message-effect-weak {font-weight:bold;color:#CC2222;} .message-effect-resist {font-weight:bold;color:#6688AA;} .message-effect-immune {font-weight:bold;color:#666666;} .message-learn-list {margin-top:0;margin-bottom:0;} .message-throttle-notice, .message-error {color:#992222;} .message-overflow, .chat small.message-overflow {font-size:0pt;} .message-overflow::before {font-size:9pt;content:'...';} .subtle {color:#3A4A66;}
</style>
<div class="wrapper replay-wrapper" style="max-width:1180px;margin:0 auto">
<input type="hidden" name="replayid" value="destiny-ru-61891" />
<div class="battle"></div><div class="battle-log"></div><div class="replay-controls"></div><div class="replay-controls-2"></div>
<h1 style="font-weight:normal;text-align:center"><strong>RU</strong><br /><a href="http://pokemonshowdown.com/users/donceeeerc" class="subtle" target="_blank">Donceeeerc</a> vs. <a href="http://pokemonshowdown.com/users/jheyjhey" class="subtle" target="_blank">Jhey Jhey</a></h1>
<script type="text/plain" class="battle-log-data">|j|Donceeeerc
|j|Jhey Jhey
|unlink|||tour
|player|p1|Donceeeerc|172
|player|p2|Jhey Jhey|23
|gametype|singles
|gen|7
|tier|RU
|seed|11496,56471,15869,23903
|rule|Cláusula-Mod de Dormir: solo puedes dormir a uno de tus oponentes a la vez.
|rule|Cláusula de Especie: Hasta un Pokémon de cada especie
|rule|Cláusula de Golpe Fulminante: los movimientos fulminantes (OHKO) estan prohibidos
|rule|Cláusula de Moody: la habilidad Moody está prohibida
|rule|Cláusula de Movimientos Evasivos: los movimientos de evasion estan prohibidos
|rule|Cláusula de Batallas Eternas: forzar batallas eternas está prohibido
|clearpoke
|poke|p1|Umbreon, undefined, shiny|item
|poke|p1|Nidoqueen, undefined|item
|poke|p1|Mantine, undefined|item
|poke|p1|Doublade, undefined, shiny|item
|poke|p1|Heracross, undefined|item
|poke|p1|Salazzle, undefined|item
|poke|p2|Cresselia, undefined|item
|poke|p2|Dragalge, undefined|item
|poke|p2|Rotom-Heat, undefined|item
|poke|p2|Escavalier, undefined|item
|poke|p2|Honchkrow, undefined|item
|poke|p2|Donphan, undefined|item
|rule|Cláusula de Relevo: se prohibe más de 1 Pokémon con Relevo, o transferir Velocidad junto a otros stats
|teampreview
|c|☆Jhey Jhey|Bro :D
|c|☆Jhey Jhey|Divertite
|j|☆D3S ϟ
|c|☆Donceeeerc|Dale igual men!
|c|%☆D3S ϟ|manks
|choice|*team 213456|*
|c|☆Jhey Jhey|kyc >:(
|choice|*|*team 321456
|choice|team 2, team 1, team 3, team 4, team 5, team 6|team 3, team 2, team 1, team 4, team 5, team 6
|
|start
|switch|p1a: Nidoqueen|Nidoqueen, undefined|321\/321
|switch|p2a: Rotom|Rotom-Heat, undefined|241\/241
|turn|1
|choice|*|*move 3
|choice|*move 1|*
|choice|move stealthrock|move overheat
|
|move|p2a: Rotom|Overheat|p1a: Nidoqueen
|-damage|p1a: Nidoqueen|110\/321
|-unboost|p2a: Rotom|spa|2
|move|p1a: Nidoqueen|Stealth Rock|p2a: Rotom
|-sidestart|p2: Jhey Jhey|move: Stealth Rock
|
|upkeep
|turn|2
|choice|*move 3|*
|choice|*|*switch 3
|choice|move icebeam|switch 3
|
|switch|p2a: Cresselia|Cresselia, undefined|443\/443
|-damage|p2a: Cresselia|388\/443|[from] Stealth Rock
|move|p1a: Nidoqueen|Ice Beam|p2a: Cresselia
|-damage|p2a: Cresselia|306\/443
|
|-heal|p2a: Cresselia|333\/443|[from] item: Leftovers
|upkeep
|turn|3
|choice|*|*move 1
|choice|*switch 2|*
|choice|switch 2|move psyshock
|
|switch|p1a: Umbreon|Umbreon, undefined, shiny|394\/394
|move|p2a: Cresselia|Psyshock|p1a: Umbreon
|-immune|p1a: Umbreon|[msg]
|
|-heal|p2a: Cresselia|360\/443|[from] item: Leftovers
|upkeep
|turn|4
|choice|*move 1|*
|choice|*|*switch 6
|choice|move wish|switch 6
|
|switch|p2a: Donphan|Donphan, undefined|384\/384
|-damage|p2a: Donphan|360\/384|[from] Stealth Rock
|move|p1a: Umbreon|Wish|p1a: Umbreon
|
|-heal|p2a: Donphan|384\/384|[from] item: Leftovers
|upkeep
|turn|5
|choice|*|*move 4
|choice|*switch 3|*
|choice|switch 3|move stealthrock
|
|switch|p1a: Mantine|Mantine, undefined|374\/374
|move|p2a: Donphan|Stealth Rock|p1a: Mantine
|-sidestart|p1: Donceeeerc|move: Stealth Rock
|
|upkeep
|turn|6
|choice|*move 3|*
|choice|*undo|*
|choice|*|*switch 6
|choice|*move 4|*
|choice|move scald|switch 6
|
|switch|p2a: Cresselia|Cresselia, undefined|360\/443
|-damage|p2a: Cresselia|305\/443|[from] Stealth Rock
|move|p1a: Mantine|Scald|p2a: Cresselia
|-damage|p2a: Cresselia|259\/443
|
|-heal|p2a: Cresselia|286\/443|[from] item: Leftovers
|upkeep
|turn|7
|choice|*move 3|*
|choice|*|*move 3
|choice|move toxic|move toxic
|
|move|p2a: Cresselia|Toxic|p1a: Mantine
|-status|p1a: Mantine|tox
|move|p1a: Mantine|Toxic|p2a: Cresselia
|-status|p2a: Cresselia|tox
|
|-heal|p2a: Cresselia|313\/443 tox|[from] item: Leftovers
|-damage|p2a: Cresselia|286\/443 tox|[from] psn
|-damage|p1a: Mantine|351\/374 tox|[from] psn
|upkeep
|turn|8
|choice|*move 2|*
|choice|*|*move 1
|choice|move defog|move psyshock
|
|move|p2a: Cresselia|Psyshock|p1a: Mantine
|-damage|p1a: Mantine|281\/374 tox
|move|p1a: Mantine|Defog|p2a: Cresselia
|-unboost|p2a: Cresselia|evasion|1
|-sideend|p2: Jhey Jhey|Stealth Rock|[from] move: Defog|[of] p2a: Cresselia
|-sideend|p1: Donceeeerc|Stealth Rock|[from] move: Defog|[of] p1a: Mantine
|
|-heal|p2a: Cresselia|313\/443 tox|[from] item: Leftovers
|-heal|p1a: Mantine|304\/374 tox|[from] item: Leftovers
|-damage|p2a: Cresselia|259\/443 tox|[from] psn
|-damage|p1a: Mantine|258\/374 tox|[from] psn
|upkeep
|turn|9
|choice|*|*switch 4
|choice|*switch 3|*
|choice|switch 3|switch 4
|
|switch|p2a: Escavalier|Escavalier, undefined|343\/343
|switch|p1a: Umbreon|Umbreon, undefined, shiny|394\/394
|
|upkeep
|turn|10
|choice|*|*move 4
|choice|*switch 2|*
|choice|switch 2|move knockoff
|
|switch|p1a: Nidoqueen|Nidoqueen, undefined|110\/321
|move|p2a: Escavalier|Knock Off|p1a: Nidoqueen
|-crit|p1a: Nidoqueen
|-damage|p1a: Nidoqueen|0 fnt
|-enditem|p1a: Nidoqueen|Life Orb|[from] move: Knock Off|[of] p2a: Escavalier
|faint|p1a: Nidoqueen
|
|upkeep
|choice|*switch 6|*
|choice|switch 6|
|
|switch|p1a: Salazzle|Salazzle, undefined|277\/277
|turn|11
|choice|*move 1|*
|choice|*|*switch 4
|choice|move nastyplot|switch 4
|
|switch|p2a: Cresselia|Cresselia, undefined|259\/443 tox
|move|p1a: Salazzle|Nasty Plot|p1a: Salazzle
|-boost|p1a: Salazzle|spa|2
|
|-heal|p2a: Cresselia|286\/443 tox|[from] item: Leftovers
|-damage|p2a: Cresselia|259\/443 tox|[from] psn
|upkeep
|turn|12
|choice|*|*move 4
|choice|*move 4 zmove|*
|choice|move sludgewave zmove|move moonlight
|
|-zpower|p1a: Salazzle
|move|p1a: Salazzle|Acid Downpour|p2a: Cresselia|[zeffect]
|-damage|p2a: Cresselia|0 fnt
|faint|p2a: Cresselia
|
|upkeep
|choice|*|*switch 6
|choice||switch 6
|
|switch|p2a: Donphan|Donphan, undefined|384\/384
|turn|13
|choice|*|*move 4
|choice|*switch 2|*
|choice|switch 2|move stealthrock
|
|switch|p1a: Umbreon|Umbreon, undefined, shiny|394\/394
|move|p2a: Donphan|Stealth Rock|p1a: Umbreon
|-sidestart|p1: Donceeeerc|move: Stealth Rock
|
|upkeep
|turn|14
|choice|*move 3|*
|choice|*|*switch 4
|choice|move healbell|switch 4
|
|switch|p2a: Escavalier|Escavalier, undefined|343\/343
|move|p1a: Umbreon|Heal Bell|p1a: Umbreon
|-activate|p1a: Umbreon|move: Heal Bell
|-curestatus|p1: Mantine|tox|[msg]
|
|upkeep
|turn|15
|choice|*|*move 1
|choice|*move 1|*
|choice|move wish|move megahorn
|
|move|p1a: Umbreon|Wish|p1a: Umbreon
|move|p2a: Escavalier|Megahorn|p1a: Umbreon
|-supereffective|p1a: Umbreon
|-damage|p1a: Umbreon|0 fnt
|faint|p1a: Umbreon
|
|upkeep
|choice|*switch 2|*
|choice|switch 2|
|
|switch|p1a: Salazzle|Salazzle, undefined|277\/277
|-damage|p1a: Salazzle|208\/277|[from] Stealth Rock
|turn|16
|choice|*move 3|*
|choice|*|*move 1
|choice|move fireblast|move megahorn
|
|move|p1a: Salazzle|Fire Blast|p2a: Escavalier
|-supereffective|p2a: Escavalier
|-damage|p2a: Escavalier|0 fnt
|faint|p2a: Escavalier
|
|-heal|p1a: Salazzle|277\/277|[from] move: Wish|[wisher] Umbreon
|upkeep
|c|☆Jhey Jhey|Ai
|choice|*|*switch 4
|choice||switch 4
|
|switch|p2a: Donphan|Donphan, undefined|384\/384
|turn|17
|choice|*|*switch 3
|choice|*switch 5|*
|choice|switch 5|switch 3
|
|switch|p1a: Heracross|Heracross, undefined|301\/301
|-damage|p1a: Heracross|264\/301|[from] Stealth Rock
|switch|p2a: Rotom|Rotom-Heat, undefined|241\/241
|
|-status|p1a: Heracross|brn|[from] item: Flame Orb
|upkeep
|turn|18
|choice|*|*move 3
|choice|*move 4|*
|choice|move facade|move overheat
|
|move|p2a: Rotom|Overheat|p1a: Heracross
|-supereffective|p1a: Heracross
|-damage|p1a: Heracross|0 fnt
|-unboost|p2a: Rotom|spa|2
|faint|p1a: Heracross
|
|upkeep
|choice|*switch 3|*
|choice|switch 3|
|
|switch|p1a: Mantine|Mantine, undefined|258\/374
|-damage|p1a: Mantine|165\/374|[from] Stealth Rock
|turn|19
|choice|*move 1|*
|choice|*undo|*
|choice|*move 4|*
|choice|*undo|*
|choice|*move 1|*
|choice|*|*switch 5
|choice|move roost|switch 5
|
|switch|p2a: Honchkrow|Honchkrow, undefined|341\/341
|move|p1a: Mantine|Roost|p1a: Mantine
|-heal|p1a: Mantine|352\/374
|
|-heal|p1a: Mantine|374\/374|[from] item: Leftovers
|upkeep
|turn|20
|choice|*move 4|*
|choice|*|*switch 5
|choice|move scald|switch 5
|
|switch|p2a: Rotom|Rotom-Heat, undefined|241\/241
|move|p1a: Mantine|Scald|p2a: Rotom
|-supereffective|p2a: Rotom
|-damage|p2a: Rotom|95\/241
|
|upkeep
|turn|21
|choice|*|*move 1
|choice|*switch 5|*
|choice|switch 5|move voltswitch
|
|switch|p1a: Salazzle|Salazzle, undefined|277\/277
|-damage|p1a: Salazzle|208\/277|[from] Stealth Rock
|move|p2a: Rotom|Volt Switch|p1a: Salazzle
|-damage|p1a: Salazzle|55\/277
|choice|*|*switch 5
|choice||switch 5
|
|switch|p2a: Honchkrow|Honchkrow, undefined|341\/341
|
|upkeep
|turn|22
|choice|*|*move 1
|choice|*move 1|*
|choice|move nastyplot|move suckerpunch
|
|move|p2a: Honchkrow|Sucker Punch|p1a: Salazzle|[still]
|-fail|p2a: Honchkrow
|move|p1a: Salazzle|Nasty Plot|p1a: Salazzle
|-boost|p1a: Salazzle|spa|2
|
|upkeep
|turn|23
|choice|*move 4|*
|choice|*|*move 1
|choice|move sludgewave|move suckerpunch
|
|move|p2a: Honchkrow|Sucker Punch|p1a: Salazzle
|-damage|p1a: Salazzle|0 fnt
|-damage|p2a: Honchkrow|307\/341|[from] item: Life Orb
|faint|p1a: Salazzle
|-ability|p2a: Honchkrow|Moxie|boost
|-boost|p2a: Honchkrow|atk|1
|
|upkeep
|choice|*switch 5|*
|choice|switch 5|
|
|switch|p1a: Mantine|Mantine, undefined|374\/374
|-damage|p1a: Mantine|281\/374|[from] Stealth Rock
|turn|24
|choice|*move 4|*
|j|LelouchDiBrittania
|choice|*|*move 1
|choice|move scald|move suckerpunch
|
|move|p2a: Honchkrow|Sucker Punch|p1a: Mantine
|-damage|p1a: Mantine|35\/374
|-damage|p2a: Honchkrow|273\/341|[from] item: Life Orb
|move|p1a: Mantine|Scald|p2a: Honchkrow
|-damage|p2a: Honchkrow|143\/341
|
|-heal|p1a: Mantine|58\/374|[from] item: Leftovers
|upkeep
|turn|25
|choice|*|*move 3
|choice|*move 1|*
|choice|move roost|move pursuit
|
|move|p2a: Honchkrow|Pursuit|p1a: Mantine
|-damage|p1a: Mantine|0 fnt
|-damage|p2a: Honchkrow|109\/341|[from] item: Life Orb
|faint|p1a: Mantine
|-ability|p2a: Honchkrow|Moxie|boost
|-boost|p2a: Honchkrow|atk|1
|
|upkeep
|c|☆Donceeeerc|gg
|choice|*switch 4|*
|choice|switch 4|
|
|switch|p1a: Doublade|Doublade, undefined, shiny|322\/322
|-damage|p1a: Doublade|302\/322|[from] Stealth Rock
|turn|26
|choice|*|*move 4
|choice|*move 1|*
|choice|move swordsdance|move heatwave
|
|move|p2a: Honchkrow|Heat Wave|p1a: Doublade
|-supereffective|p1a: Doublade
|-damage|p1a: Doublade|115\/322
|-damage|p2a: Honchkrow|75\/341|[from] item: Life Orb
|move|p1a: Doublade|Swords Dance|p1a: Doublade
|-boost|p1a: Doublade|atk|2
|
|upkeep
|turn|27
|c|☆Jhey Jhey|gg bro
|j|Feliks
|choice|*|*move 1
|choice|*move 4|*
|choice|move shadowsneak|move suckerpunch
|
|move|p2a: Honchkrow|Sucker Punch|p1a: Doublade
|-supereffective|p1a: Doublade
|-damage|p1a: Doublade|0 fnt
|-damage|p2a: Honchkrow|41\/341|[from] item: Life Orb
|faint|p1a: Doublade
|
|win|Jhey Jhey
|player|p1
|player|p2
|l|LelouchDiBrittania</script>
</div>
<div class="battle-log battle-log-inline"><div class="inner"><div class="battle-options"></div><div class="inner"><div class="chat"><small>Donceeeerc joined.</small></div><div class="chat"><small>Jhey Jhey joined.</small></div><div class=""><small>Format:</small> <br><strong>RU</strong></div><div class=""><small><em>Cláusula-Mod de Dormir:</em> solo puedes dormir a uno de tus oponentes a la vez.</small></div><div class=""><small><em>Cláusula de Especie:</em> Hasta un Pokémon de cada especie</small></div><div class=""><small><em>Cláusula de Golpe Fulminante:</em> los movimientos fulminantes (OHKO) estan prohibidos</small></div><div class=""><small><em>Cláusula de Moody:</em> la habilidad Moody está prohibida</small></div><div class=""><small><em>Cláusula de Movimientos Evasivos:</em> los movimientos de evasion estan prohibidos</small></div><div class=""><small><em>Cláusula de Batallas Eternas:</em> forzar batallas eternas está prohibido</small></div><div class=""><small><em>Cláusula de Relevo:</em> se prohibe más de 1 Pokémon con Relevo, o transferir Velocidad junto a otros stats</small></div><div class="chat battle-history"><strong>Donceeeerc's team:</strong> <em style="color:#445566;display:block;">Umbreon / Nidoqueen / Mantine / Doublade / Heracross / Salazzle</em></div><div class="chat battle-history"><strong>Jhey Jhey's team:</strong> <em style="color:#445566;display:block;">Cresselia / Dragalge / Rotom-Heat / Escavalier / Honchkrow / Donphan</em></div><div class="chat chatmessage-jheyjhey"><strong style="color:hsl(310,63%,47.31790315619182%)"><small>☆</small><span class="username" data-name="Jhey Jhey">Jhey Jhey</span>:</strong> <em>Bro :D</em></div><div class="chat chatmessage-jheyjhey"><strong style="color:hsl(310,63%,47.31790315619182%)"><small>☆</small><span class="username" data-name="Jhey Jhey">Jhey Jhey</span>:</strong> <em>Divertite</em></div><div class="chat"><small>☆D3S ϟ joined.</small></div><div class="chat chatmessage-donceeeerc"><strong style="color:hsl(339,48%,51.73886565963531%)"><small>☆</small><span class="username" data-name="Donceeeerc">Donceeeerc</span>:</strong> <em>Dale igual men!</em></div><div class="chat chatmessage-d3s"><strong style="color:hsl(183,56%,46.73615325386653%)"><small>%</small><span class="username" data-name="☆D3S ϟ">☆D3S ϟ</span>:</strong> <em>manks</em></div><div class="chat chatmessage-jheyjhey"><strong style="color:hsl(310,63%,47.31790315619182%)"><small>☆</small><span class="username" data-name="Jhey Jhey">Jhey Jhey</span>:</strong> <em>kyc &gt;:(</em></div><div class="spacer battle-history"><br></div><div class="battle-history">Battle started between Donceeeerc and Jhey Jhey!<br></div><div class="spacer battle-history"><br></div><div class="battle-history">Go! <strong>Nidoqueen</strong>!<br></div><div class="spacer battle-history"><br></div><div class="battle-history">Jhey Jhey sent out Rotom (<strong>Rotom-Heat</strong>)!<br></div><div class="spacer battle-history"><br></div><h2 class="battle-history">Turn 1</h2><div class="spacer battle-history"><br></div><div class="battle-history">The opposing Rotom used <strong>Overheat</strong>!<br></div><div class="battle-history"><small>(Nidoqueen lost <abbr title="−211/321">65.7%</abbr> of its health!)</small><br></div><div class="battle-history"><small>The opposing Rotom's Special Attack fell harshly!</small><br></div><div class="spacer battle-history"><br></div><div class="battle-history">Nidoqueen used <strong>Stealth Rock</strong>!<br></div><div class="battle-history"><small>Pointed stones float in the air around the opposing team!</small><br></div><div class="spacer battle-history"><br></div><h2 class="battle-history">Turn 2</h2><div class="spacer battle-history"><br></div><div class="battle-history">Jhey Jhey withdrew Rotom!<br></div><div class="battle-history">Jhey Jhey sent out <strong>Cresselia</strong>!<br></div><div class="battle-history"><small>Pointed stones dug into the opposing Cresselia!</small><br></div><div class="spacer battle-history"><br></div><div class="battle-history">Nidoqueen used <strong>Ice Beam</strong>!<br></div><div class="battle-history"><small>(The opposing Cresselia lost <abbr title="−82/443">18.5%</abbr> of its health!)</small><br></div><div class="spacer battle-history"><br></div><div class="battle-history"><small>The opposing Cresselia restored a little HP using its Leftovers!</small><br></div><div class="spacer battle-history"><br></div><h2 class="battle-history">Turn 3</h2><div class="spacer battle-history"><br></div><div class="battle-history">Nidoqueen, come back!<br></div><div class="battle-history">Go! <strong>Umbreon</strong>!<br></div><div class="spacer battle-history"><br></div><div class="battle-history">The opposing Cresselia used <strong>Psyshock</strong>!<br></div><div class="battle-history"><small>It doesn't affect Umbreon...</small><br></div><div class="spacer battle-history"><br></div><div class="battle-history"><small>The opposing Cresselia restored a little HP using its Leftovers!</small><br></div><div class="spacer battle-history"><br></div><h2 class="battle-history">Turn 4</h2><div class="spacer battle-history"><br></div><div class="battle-history">Jhey Jhey withdrew Cresselia!<br></div><div class="battle-history">Jhey Jhey sent out <strong>Donphan</strong>!<br></div><div class="battle-history"><small>Pointed stones dug into the opposing Donphan!</small><br></div><div class="spacer battle-history"><br></div><div class="battle-history">Umbreon used <strong>Wish</strong>!<br></div><div class="spacer battle-history"><br></div><div class="battle-history"><small>The opposing Donphan restored a little HP using its Leftovers!</small><br></div><div class="spacer battle-history"><br></div><h2 class="battle-history">Turn 5</h2><div class="spacer battle-history"><br></div><div class="battle-history">Umbreon, come back!<br></div><div class="battle-history">Go! <strong>Mantine</strong>!<br></div><div class="spacer battle-history"><br></div><div class="battle-history">The opposing Donphan used <strong>Stealth Rock</strong>!<br></div><div class="battle-history"><small>Pointed stones float in the air around your team!</small><br></div><div class="spacer battle-history"><br></div><h2 class="battle-history">Turn 6</h2><div class="spacer battle-history"><br></div><div class="battle-history">Jhey Jhey withdrew Donphan!<br></div><div class="battle-history">Jhey Jhey sent out <strong>Cresselia</strong>!<br></div><div class="battle-history"><small>Pointed stones dug into the opposing Cresselia!</small><br></div><div class="spacer battle-history"><br></div><div class="battle-history">Mantine used <strong>Scald</strong>!<br></div><div class="battle-history"><small>(The opposing Cresselia lost <abbr title="−46/443">10.4%</abbr> of its health!)</small><br></div><div class="spacer battle-history"><br></div><div class="battle-history"><small>The opposing Cresselia restored a little HP using its Leftovers!</small><br></div><div class="spacer battle-history"><br></div><h2 class="battle-history">Turn 7</h2><div class="spacer battle-history"><br></div><div class="battle-history">The opposing Cresselia used <strong>Toxic</strong>!<br></div><div class="battle-history"><small>Mantine was badly poisoned!</small><br></div><div class="spacer battle-history"><br></div><div class="battle-history">Mantine used <strong>Toxic</strong>!<br></div><div class="battle-history"><small>The opposing Cresselia was badly poisoned!</small><br></div><div class="spacer battle-history"><br></div><div class="battle-history"><small>The opposing Cresselia restored a little HP using its Leftovers!</small><br></div><div class="battle-history"><small>The opposing Cresselia was hurt by poison!</small><br></div><div class="battle-history"><small>Mantine was hurt by poison!</small><br></div><div class="spacer battle-history"><br></div><h2 class="battle-history">Turn 8</h2><div class="spacer battle-history"><br></div><div class="battle-history">The opposing Cresselia used <strong>Psyshock</strong>!<br></div><div class="battle-history"><small>(Mantine lost <abbr title="−70/374">18.7%</abbr> of its health!)</small><br></div><div class="spacer battle-history"><br></div><div class="battle-history">Mantine used <strong>Defog</strong>!<br></div><div class="battle-history"><small>The opposing Cresselia's evasiveness fell!</small><br></div><div class="battle-history"><small>The pointed stones disappeared from around the opposing team!</small><br></div><div class="battle-history"><small>The pointed stones disappeared from around your team!</small><br></div><div class="spacer battle-history"><br></div><div class="battle-history"><small>The opposing Cresselia restored a little HP using its Leftovers!</small><br></div><div class="battle-history"><small>Mantine restored a little HP using its Leftovers!</small><br></div><div class="battle-history"><small>The opposing Cresselia was hurt by poison!</small><br></div><div class="battle-history"><small>Mantine was hurt by poison!</small><br></div><div class="spacer battle-history"><br></div><h2 class="battle-history">Turn 9</h2><div class="spacer battle-history"><br></div><div class="battle-history">Jhey Jhey withdrew Cresselia!<br></div><div class="battle-history">Jhey Jhey sent out <strong>Escavalier</strong>!<br></div><div class="spacer battle-history"><br></div><div class="battle-history">Mantine, come back!<br></div><div class="battle-history">Go! <strong>Umbreon</strong>!<br></div><div class="spacer battle-history"><br></div><h2 class="battle-history">Turn 10</h2><div class="spacer battle-history"><br></div><div class="battle-history">Umbreon, come back!<br></div><div class="battle-history">Go! <strong>Nidoqueen</strong>!<br></div><div class="spacer battle-history"><br></div><div class="battle-history">The opposing Escavalier used <strong>Knock Off</strong>!<br></div><div class="battle-history"><small>A critical hit!</small><br></div><div class="battle-history"><small>(Nidoqueen lost <abbr title="−110/321">34.3%</abbr> of its health!)</small><br></div><div class="battle-history"><small>The opposing Escavalier knocked off Nidoqueen's Life Orb!</small><br></div><div class="spacer battle-history"><br></div><div class="battle-history">Nidoqueen fainted!<br></div><div class="spacer battle-history"><br></div><div class="battle-history">Go! <strong>Salazzle</strong>!<br></div><div class="spacer battle-history"><br></div><h2 class="battle-history">Turn 11</h2><div class="spacer battle-history"><br></div><div class="battle-history">Jhey Jhey withdrew Escavalier!<br></div><div class="battle-history">Jhey Jhey sent out <strong>Cresselia</strong>!<br></div><div class="spacer battle-history"><br></div><div class="battle-history">Salazzle used <strong>Nasty Plot</strong>!<br></div><div class="battle-history"><small>Salazzle's Special Attack rose sharply!</small><br></div><div class="spacer battle-history"><br></div><div class="battle-history"><small>The opposing Cresselia restored a little HP using its Leftovers!</small><br></div><div class="battle-history"><small>The opposing Cresselia was hurt by poison!</small><br></div><div class="spacer battle-history"><br></div><h2 class="battle-history">Turn 12</h2><div class="spacer battle-history"><br></div><div class="battle-history"><small>Salazzle surrounded itself with its Z-Power!</small><br></div><div class="spacer battle-history"><br></div><div class="battle-history">Salazzle used <strong>Acid Downpour</strong>!<br></div><div class="battle-history"><small>(The opposing Cresselia lost <abbr title="−259/443">58.5%</abbr> of its health!)</small><br></div><div class="spacer battle-history"><br></div><div class="battle-history">The opposing Cresselia fainted!<br></div><div class="spacer battle-history"><br></div><div class="battle-history">Jhey Jhey sent out <strong>Donphan</strong>!<br></div><div class="spacer battle-history"><br></div><h2 class="battle-history">Turn 13</h2><div class="spacer battle-history"><br></div><div class="battle-history">Salazzle, come back!<br></div><div class="battle-history">Go! <strong>Umbreon</strong>!<br></div><div class="spacer battle-history"><br></div><div class="battle-history">The opposing Donphan used <strong>Stealth Rock</strong>!<br></div><div class="battle-history"><small>Pointed stones float in the air around your team!</small><br></div><div class="spacer battle-history"><br></div><h2 class="battle-history">Turn 14</h2><div class="spacer battle-history"><br></div><div class="battle-history">Jhey Jhey withdrew Donphan!<br></div><div class="battle-history">Jhey Jhey sent out <strong>Escavalier</strong>!<br></div><div class="spacer battle-history"><br></div><div class="battle-history">Umbreon used <strong>Heal Bell</strong>!<br></div><div class="battle-history"><small>A bell chimed!</small><br></div><div class="battle-history"><small>Mantine was cured of its poisoning.</small><br></div><div class="spacer battle-history"><br></div><h2 class="battle-history">Turn 15</h2><div class="spacer battle-history"><br></div><div class="battle-history">Umbreon used <strong>Wish</strong>!<br></div><div class="spacer battle-history"><br></div><div class="battle-history">The opposing Escavalier used <strong>Megahorn</strong>!<br></div><div class="battle-history"><small>It's super effective!</small><br></div><div class="battle-history"><small>(Umbreon lost <abbr title="−394/394">100%</abbr> of its health!)</small><br></div><div class="spacer battle-history"><br></div><div class="battle-history">Umbreon fainted!<br></div><div class="spacer battle-history"><br></div><div class="battle-history">Go! <strong>Salazzle</strong>!<br></div><div class="battle-history"><small>Pointed stones dug into Salazzle!</small><br></div><div class="spacer battle-history"><br></div><h2 class="battle-history">Turn 16</h2><div class="spacer battle-history"><br></div><div class="battle-history">Salazzle used <strong>Fire Blast</strong>!<br></div><div class="battle-history"><small>It's super effective!</small><br></div><div class="battle-history"><small>(The opposing Escavalier lost <abbr title="−343/343">100%</abbr> of its health!)</small><br></div><div class="spacer battle-history"><br></div><div class="battle-history">The opposing Escavalier fainted!<br></div><div class="spacer battle-history"><br></div><div class="battle-history"><small>Umbreon's wish came true!</small><br></div><div class="chat chatmessage-jheyjhey"><strong style="color:hsl(310,63%,47.31790315619182%)"><small>☆</small><span class="username" data-name="Jhey Jhey">Jhey Jhey</span>:</strong> <em>Ai</em></div><div class="spacer battle-history"><br></div><div class="battle-history">Jhey Jhey sent out <strong>Donphan</strong>!<br></div><div class="spacer battle-history"><br></div><h2 class="battle-history">Turn 17</h2><div class="spacer battle-history"><br></div><div class="battle-history">Salazzle, come back!<br></div><div class="battle-history">Go! <strong>Heracross</strong>!<br></div><div class="battle-history"><small>Pointed stones dug into Heracross!</small><br></div><div class="spacer battle-history"><br></div><div class="battle-history">Jhey Jhey withdrew Donphan!<br></div><div class="battle-history">Jhey Jhey sent out Rotom (<strong>Rotom-Heat</strong>)!<br></div><div class="spacer battle-history"><br></div><div class="battle-history"><small>Heracross was burned!</small><br></div><div class="spacer battle-history"><br></div><h2 class="battle-history">Turn 18</h2><div class="spacer battle-history"><br></div><div class="battle-history">The opposing Rotom used <strong>Overheat</strong>!<br></div><div class="battle-history"><small>It's super effective!</small><br></div><div class="battle-history"><small>(Heracross lost <abbr title="−264/301">87.7%</abbr> of its health!)</small><br></div><div class="battle-history"><small>The opposing Rotom's Special Attack fell harshly!</small><br></div><div class="spacer battle-history"><br></div><div class="battle-history">Heracross fainted!<br></div><div class="spacer battle-history"><br></div><div class="battle-history">Go! <strong>Mantine</strong>!<br></div><div class="battle-history"><small>Pointed stones dug into Mantine!</small><br></div><div class="spacer battle-history"><br></div><h2 class="battle-history">Turn 19</h2><div class="spacer battle-history"><br></div><div class="battle-history">Jhey Jhey withdrew Rotom!<br></div><div class="battle-history">Jhey Jhey sent out <strong>Honchkrow</strong>!<br></div><div class="spacer battle-history"><br></div><div class="battle-history">Mantine used <strong>Roost</strong>!<br></div><div class="battle-history"><small>Mantine restored its HP.</small><br></div><div class="spacer battle-history"><br></div><div class="battle-history"><small>Mantine restored a little HP using its Leftovers!</small><br></div><div class="spacer battle-history"><br></div><h2 class="battle-history">Turn 20</h2><div class="spacer battle-history"><br></div><div class="battle-history">Jhey Jhey withdrew Honchkrow!<br></div><div class="battle-history">Jhey Jhey sent out Rotom (<strong>Rotom-Heat</strong>)!<br></div><div class="spacer battle-history"><br></div><div class="battle-history">Mantine used <strong>Scald</strong>!<br></div><div class="battle-history"><small>It's super effective!</small><br></div><div class="battle-history"><small>(The opposing Rotom lost <abbr title="−146/241">60.6%</abbr> of its health!)</small><br></div><div class="spacer battle-history"><br></div><h2 class="battle-history">Turn 21</h2><div class="spacer battle-history"><br></div><div class="battle-history">Mantine, come back!<br></div><div class="battle-history">Go! <strong>Salazzle</strong>!<br></div><div class="battle-history"><small>Pointed stones dug into Salazzle!</small><br></div><div class="spacer battle-history"><br></div><div class="battle-history">The opposing Rotom used <strong>Volt Switch</strong>!<br></div><div class="battle-history"><small>(Salazzle lost <abbr title="−153/277">55.2%</abbr> of its health!)</small><br></div><div class="spacer battle-history"><br></div><div class="battle-history">The opposing Rotom went back to Jhey Jhey!<br></div><div class="battle-history">Jhey Jhey sent out <strong>Honchkrow</strong>!<br></div><div class="spacer battle-history"><br></div><h2 class="battle-history">Turn 22</h2><div class="spacer battle-history"><br></div><div class="battle-history">The opposing Honchkrow used <strong>Sucker Punch</strong>!<br></div><div class="battle-history"><small>But it failed!</small><br></div><div class="spacer battle-history"><br></div><div class="battle-history">Salazzle used <strong>Nasty Plot</strong>!<br></div><div class="battle-history"><small>Salazzle's Special Attack rose sharply!</small><br></div><div class="spacer battle-history"><br></div><h2 class="battle-history">Turn 23</h2><div class="spacer battle-history"><br></div><div class="battle-history">The opposing Honchkrow used <strong>Sucker Punch</strong>!<br></div><div class="battle-history"><small>(Salazzle lost <abbr title="−55/277">19.9%</abbr> of its health!)</small><br></div><div class="battle-history"><small>The opposing Honchkrow lost some of its HP!</small><br></div><div class="spacer battle-history"><br></div><div class="battle-history">Salazzle fainted!<br></div><div class="battle-history"><small>[The opposing Honchkrow's Moxie]</small><br></div><div class="battle-history"><small>The opposing Honchkrow's Attack rose!</small><br></div><div class="spacer battle-history"><br></div><div class="battle-history">Go! <strong>Mantine</strong>!<br></div><div class="battle-history"><small>Pointed stones dug into Mantine!</small><br></div><div class="spacer battle-history"><br></div><h2 class="battle-history">Turn 24</h2><div class="chat"><small>LelouchDiBrittania joined.</small></div><div class="spacer battle-history"><br></div><div class="battle-history">The opposing Honchkrow used <strong>Sucker Punch</strong>!<br></div><div class="battle-history"><small>(Mantine lost <abbr title="−246/374">65.8%</abbr> of its health!)</small><br></div><div class="battle-history"><small>The opposing Honchkrow lost some of its HP!</small><br></div><div class="spacer battle-history"><br></div><div class="battle-history">Mantine used <strong>Scald</strong>!<br></div><div class="battle-history"><small>(The opposing Honchkrow lost <abbr title="−130/341">38.1%</abbr> of its health!)</small><br></div><div class="spacer battle-history"><br></div><div class="battle-history"><small>Mantine restored a little HP using its Leftovers!</small><br></div><div class="spacer battle-history"><br></div><h2 class="battle-history">Turn 25</h2><div class="spacer battle-history"><br></div><div class="battle-history">The opposing Honchkrow used <strong>Pursuit</strong>!<br></div><div class="battle-history"><small>(Mantine lost <abbr title="−58/374">15.5%</abbr> of its health!)</small><br></div><div class="battle-history"><small>The opposing Honchkrow lost some of its HP!</small><br></div><div class="spacer battle-history"><br></div><div class="battle-history">Mantine fainted!<br></div><div class="battle-history"><small>[The opposing Honchkrow's Moxie]</small><br></div><div class="battle-history"><small>The opposing Honchkrow's Attack rose!</small><br></div><div class="chat chatmessage-donceeeerc"><strong style="color:hsl(339,48%,51.73886565963531%)"><small>☆</small><span class="username" data-name="Donceeeerc">Donceeeerc</span>:</strong> <em>gg</em></div><div class="spacer battle-history"><br></div><div class="battle-history">Go! <strong>Doublade</strong>!<br></div><div class="battle-history"><small>Pointed stones dug into Doublade!</small><br></div><div class="spacer battle-history"><br></div><h2 class="battle-history">Turn 26</h2><div class="spacer battle-history"><br></div><div class="battle-history">The opposing Honchkrow used <strong>Heat Wave</strong>!<br></div><div class="battle-history"><small>It's super effective!</small><br></div><div class="battle-history"><small>(Doublade lost <abbr title="−187/322">58.1%</abbr> of its health!)</small><br></div><div class="battle-history"><small>The opposing Honchkrow lost some of its HP!</small><br></div><div class="spacer battle-history"><br></div><div class="battle-history">Doublade used <strong>Swords Dance</strong>!<br></div><div class="battle-history"><small>Doublade's Attack rose sharply!</small><br></div><div class="spacer battle-history"><br></div><h2 class="battle-history">Turn 27</h2><div class="chat chatmessage-jheyjhey"><strong style="color:hsl(310,63%,47.31790315619182%)"><small>☆</small><span class="username" data-name="Jhey Jhey">Jhey Jhey</span>:</strong> <em>gg bro</em></div><div class="chat"><small>Feliks joined.</small></div><div class="spacer battle-history"><br></div><div class="battle-history">The opposing Honchkrow used <strong>Sucker Punch</strong>!<br></div><div class="battle-history"><small>It's super effective!</small><br></div><div class="battle-history"><small>(Doublade lost <abbr title="−115/322">35.7%</abbr> of its health!)</small><br></div><div class="battle-history"><small>The opposing Honchkrow lost some of its HP!</small><br></div><div class="spacer battle-history"><br></div><div class="battle-history">Doublade fainted!<br></div><div class="spacer battle-history"><br></div><div class="battle-history"><strong>Jhey Jhey</strong> won the battle!<br></div><div class="chat"><small>LelouchDiBrittania left.</small></div></div><div class="inner-preempt"></div></div></div>
</div>
<script>
let daily = Math.floor(Date.now()/1000/60/60/24);document.write('<script src="https://play.pokemonshowdown.com/js/replay-embed.js?version'+daily+'"></'+'script>');
</script>
