<!DOCTYPE html>
<meta charset="utf-8" />
<!-- version 1 -->
<title>RU replay: Opdestroyer vs. Ben9100</title>
<style>
html,body {font-family:Verdana, sans-serif;font-size:10pt;margin:0;padding:0;}body{padding:12px 0;} .battle-log {font-family:Verdana, sans-serif;font-size:10pt;} .battle-log-inline {border:1px solid #AAAAAA;background:#EEF2F5;color:black;max-width:640px;margin:0 auto 80px;padding-bottom:5px;} .battle-log .inner {padding:4px 8px 0px 8px;} .battle-log .inner-preempt {padding:0 8px 4px 8px;} .battle-log .inner-after {margin-top:0.5em;} .battle-log h2 {margin:0.5em -8px;padding:4px 8px;border:1px solid #AAAAAA;background:#E0E7EA;border-left:0;border-right:0;font-family:Verdana, sans-serif;font-size:13pt;} .battle-log .chat {vertical-align:middle;padding:3px 0 3px 0;font-size:8pt;} .battle-log .chat strong {color:#40576A;} .battle-log .chat em {padding:1px 4px 1px 3px;color:#000000;font-style:normal;} .chat.mine {background:rgba(0,0,0,0.05);margin-left:-8px;margin-right:-8px;padding-left:8px;padding-right:8px;} .spoiler {color:#BBBBBB;background:#BBBBBB;padding:0px 3px;} .spoiler:hover, .spoiler:active, .spoiler-shown {color:#000000;background:#E2E2E2;padding:0px 3px;} .spoiler a {color:#BBBBBB;} .spoiler:hover a, .spoiler:active a, .spoiler-shown a {color:#2288CC;} .chat code, .chat .spoiler:hover code, .chat .spoiler:active code, .chat .spoiler-shown code {border:1px solid #C0C0C0;background:#EEEEEE;color:black;padding:0 2px;} .chat .spoiler code {border:1px solid #CCCCCC;background:#CCCCCC;color:#CCCCCC;} .battle-log .rated {padding:3px 4px;} .battle-log .rated strong {color:white;background:#89A;padding:1px 4px;border-radius:4px;} .spacer {margin-top:0.5em;} .message-announce {background:#6688AA;color:white;padding:1px 4px 2px;} .message-announce a, .broadcast-green a, .broadcast-blue a, .broadcast-red a {color:#DDEEFF;} .broadcast-green {background-color:#559955;color:white;padding:2px 4px;} .broadcast-blue {background-color:#6688AA;color:white;padding:2px 4px;} .infobox {border:1px solid #6688AA;padding:2px 4px;} .infobox-limited {max-height:200px;overflow:auto;overflow-x:hidden;} .broadcast-red {background-color:#AA5544;color:white;padding:2px 4px;} .message-learn-canlearn {font-weight:bold;color:#228822;text-decoration:underline;} .message-learn-cannotlearn {font-weight:bold;color:#CC2222;text-decoration:underline;} .message-effect-weak {font-weight:bold;color:#CC2222;} .message-effect-resist {font-weight:bold;color:#6688AA;} .message-effect-immune {font-weight:bold;color:#666666;} .message-learn-list {margin-top:0;margin-bottom:0;} .message-throttle-notice, .message-error {color:#992222;} .message-overflow, .chat small.message-overflow {font-size:0pt;} .message-overflow::before {font-size:9pt;content:'...';} .subtle {color:#3A4A66;}
</style>
<div class="wrapper replay-wrapper" style="max-width:1180px;margin:0 auto">
<input type="hidden" name="replayid" value="ru-522169330" />
<div class="battle"></div><div class="battle-log"></div><div class="replay-controls"></div><div class="replay-controls-2"></div>
<h1 style="font-weight:normal;text-align:center"><strong>RU</strong><br /><a href="http://pokemonshowdown.com/users/opdestroyer" class="subtle" target="_blank">Opdestroyer</a> vs. <a href="http://pokemonshowdown.com/users/ben9100" class="subtle" target="_blank">Ben9100</a></h1>
<script type="text/plain" class="battle-log-data">|j|Opdestroyer
|j|Ben9100
|player|p1|Opdestroyer|2
|player|p2|Ben9100|293
|gametype|singles
|gen|6
|tier|RU
|seed|55535,57655,7107,36508
|rule|Sleep Clause Mod: Limit one foe put to sleep
|rule|Species Clause: Limit one of each Pokémon
|rule|OHKO Clause: OHKO moves are banned
|rule|Moody Clause: Moody is banned
|rule|Evasion Moves Clause: Evasion moves are banned
|rule|Endless Battle Clause: Forcing endless battles is banned
|rule|HP Percentage Mod: HP is shown in percentages
|clearpoke
|poke|p1|Delphox, F|item
|poke|p1|Cinccino, F|item
|poke|p1|Diancie|item
|poke|p1|Jellicent, M|item
|poke|p1|Scrafty, M|item
|poke|p1|Gallade, M|item
|poke|p2|Camerupt, M|item
|poke|p2|Eelektross, M|item
|poke|p2|Gallade, M, shiny|item
|poke|p2|Escavalier, M|item
|poke|p2|Clawitzer, M|item
|poke|p2|Heatmor, M, shiny|item
|rule|Swagger Clause: Swagger is banned
|rule|Baton Pass Clause: Limit one Baton Passer, can't pass Spe and other stats simultaneously
|teampreview
|choice|team 2, team 1, team 3, team 4, team 5, team 6|team 3, team 2, team 1, team 4, team 5, team 6
|
|start
|switch|p1a: Cinccino|Cinccino, F|291\/291
|switch|p2a: Protector|Gallade, M, shiny|277\/277
|turn|1
|choice|move dazzlinggleam|move drainpunch
|
|move|p2a: Protector|Drain Punch|p1a: Cinccino
|-supereffective|p1a: Cinccino
|-damage|p1a: Cinccino|0 fnt
|-damage|p2a: Protector|250\/277|[from] item: Life Orb
|faint|p1a: Cinccino
|
|upkeep
|choice|switch 4|
|
|switch|p1a: Jellicent|Jellicent, M|341\/341
|turn|2
|choice|move psychic|move knockoff
|
|move|p2a: Protector|Knock Off|p1a: Jellicent
|-supereffective|p1a: Jellicent
|-damage|p1a: Jellicent|0 fnt
|-enditem|p1a: Jellicent|Choice Band|[from] move: Knock Off|[of] p2a: Protector
|-damage|p2a: Protector|223\/277|[from] item: Life Orb
|faint|p1a: Jellicent
|
|upkeep
|choice|switch 2|
|
|switch|p1a: Delphox|Delphox, F|291\/291
|turn|3
|choice|move flamecharge|move knockoff
|
|move|p1a: Delphox|Flame Charge|p2a: Protector
|-damage|p2a: Protector|156\/277
|-boost|p1a: Delphox|spe|1
|move|p2a: Protector|Knock Off|p1a: Delphox
|-supereffective|p1a: Delphox
|-damage|p1a: Delphox|0 fnt
|-enditem|p1a: Delphox|Choice Scarf|[from] move: Knock Off|[of] p2a: Protector
|-damage|p2a: Protector|129\/277|[from] item: Life Orb
|faint|p1a: Delphox
|
|upkeep
|choice|switch 5|
|
|switch|p1a: Scrafty|Scrafty, M|271\/271
|turn|4
|c|★Ben9100|HACKSSSSSSS
|choice|move darkpulse|move drainpunch
|
|move|p2a: Protector|Drain Punch|p1a: Scrafty
|-supereffective|p1a: Scrafty
|-damage|p1a: Scrafty|0 fnt
|-heal|p2a: Protector|265\/277|[from] drain|[of] p1a: Scrafty
|-damage|p2a: Protector|238\/277|[from] item: Life Orb
|faint|p1a: Scrafty
|
|upkeep
|choice|switch 6|
|
|switch|p1a: Gallade|Gallade, M|277\/277
|turn|5
|choice|move closecombat|move knockoff
|
|move|p2a: Protector|Knock Off|p1a: Gallade
|-damage|p1a: Gallade|117\/277
|-ability|p1a: Gallade|Justified|boost
|-boost|p1a: Gallade|atk|1
|-enditem|p1a: Gallade|Choice Band|[from] move: Knock Off|[of] p2a: Protector
|-damage|p2a: Protector|211\/277|[from] item: Life Orb
|move|p1a: Gallade|Close Combat|p2a: Protector
|-resisted|p2a: Protector
|-damage|p2a: Protector|36\/277
|-unboost|p1a: Gallade|def|1
|-unboost|p1a: Gallade|spd|1
|
|upkeep
|turn|6
|choice|move dazzlinggleam|move knockoff
|
|move|p2a: Protector|Knock Off|p1a: Gallade
|-crit|p1a: Gallade
|-damage|p1a: Gallade|0 fnt
|-damage|p2a: Protector|9\/277|[from] item: Life Orb
|faint|p1a: Gallade
|
|upkeep
|choice|switch 3|
|
|switch|p1a: Diancie|Diancie|304\/304
|turn|7
|choice|move protect|move drainpunch
|
|move|p1a: Diancie|Protect|p1a: Diancie
|-singleturn|p1a: Diancie|Protect
|move|p2a: Protector|Drain Punch|p1a: Diancie
|-activate|p1a: Diancie|move: Protect
|
|upkeep
|turn|8
|choice|move hiddenpower|move drainpunch
|
|move|p2a: Protector|Drain Punch|p1a: Diancie
|-damage|p1a: Diancie|191\/304
|-heal|p2a: Protector|66\/277|[from] drain|[of] p1a: Diancie
|-damage|p2a: Protector|39\/277|[from] item: Life Orb
|move|p1a: Diancie|Hidden Power|p2a: Protector
|-damage|p2a: Protector|0 fnt
|faint|p2a: Protector
|
|upkeep
|choice||switch 4
|
|switch|p2a: George|Escavalier, M|343\/343
|turn|9
|choice|move diamondstorm|move ironhead
|
|move|p1a: Diancie|Diamond Storm|p2a: George
|-damage|p2a: George|223\/343
|move|p2a: George|Iron Head|p1a: Diancie
|-supereffective|p1a: Diancie
|-damage|p1a: Diancie|0 fnt
|faint|p1a: Diancie
|
|win|Ben9100
|player|p1
|player|p2</script>
</div>
<div class="battle-log battle-log-inline"><div class="inner"><div class="battle-options"></div><div class="inner"><div class="chat"><small>Opdestroyer joined.</small></div><div class="chat"><small>Ben9100 joined.</small></div><div class=""><small>Format:</small> <br><strong>RU</strong></div><div class=""><small><em>Sleep Clause Mod:</em> Limit one foe put to sleep</small></div><div class=""><small><em>Species Clause:</em> Limit one of each Pokémon</small></div><div class=""><small><em>OHKO Clause:</em> OHKO moves are banned</small></div><div class=""><small><em>Moody Clause:</em> Moody is banned</small></div><div class=""><small><em>Evasion Moves Clause:</em> Evasion moves are banned</small></div><div class=""><small><em>Endless Battle Clause:</em> Forcing endless battles is banned</small></div><div class=""><small><em>HP Percentage Mod:</em> HP is shown in percentages</small></div><div class=""><small><em>Swagger Clause:</em> Swagger is banned</small></div><div class=""><small><em>Baton Pass Clause:</em> Limit one Baton Passer, can't pass Spe and other stats simultaneously</small></div><div class="chat battle-history"><strong>Opdestroyer's team:</strong> <em style="color:#445566;display:block;">Delphox / Cinccino / Diancie / Jellicent / Scrafty / Gallade</em></div><div class="chat battle-history"><strong>Ben9100's team:</strong> <em style="color:#445566;display:block;">Camerupt / Eelektross / Gallade / Escavalier / Clawitzer / Heatmor</em></div><div class="spacer battle-history"><br></div><div class="battle-history">Battle started between Opdestroyer and Ben9100!<br></div><div class="spacer battle-history"><br></div><div class="battle-history">Go! <strong>Cinccino</strong>!<br></div><div class="spacer battle-history"><br></div><div class="battle-history">Ben9100 sent out Protector (<strong>Gallade</strong>)!<br></div><div class="spacer battle-history"><br></div><h2 class="battle-history">Turn 1</h2><div class="spacer battle-history"><br></div><div class="battle-history">The opposing Protector used <strong>Drain Punch</strong>!<br></div><div class="battle-history"><small>It's super effective!</small><br></div><div class="battle-history"><small>(Cinccino lost <abbr title="−291/291">100%</abbr> of its health!)</small><br></div><div class="battle-history"><small>The opposing Protector lost some of its HP!</small><br></div><div class="spacer battle-history"><br></div><div class="battle-history">Cinccino fainted!<br></div><div class="spacer battle-history"><br></div><div class="battle-history">Go! <strong>Jellicent</strong>!<br></div><div class="spacer battle-history"><br></div><h2 class="battle-history">Turn 2</h2><div class="spacer battle-history"><br></div><div class="battle-history">The opposing Protector used <strong>Knock Off</strong>!<br></div><div class="battle-history"><small>It's super effective!</small><br></div><div class="battle-history"><small>(Jellicent lost <abbr title="−341/341">100%</abbr> of its health!)</small><br></div><div class="battle-history"><small>The opposing Protector knocked off Jellicent's Choice Band!</small><br></div><div class="battle-history"><small>The opposing Protector lost some of its HP!</small><br></div><div class="spacer battle-history"><br></div><div class="battle-history">Jellicent fainted!<br></div><div class="spacer battle-history"><br></div><div class="battle-history">Go! <strong>Delphox</strong>!<br></div><div class="spacer battle-history"><br></div><h2 class="battle-history">Turn 3</h2><div class="spacer battle-history"><br></div><div class="battle-history">Delphox used <strong>Flame Charge</strong>!<br></div><div class="battle-history"><small>(The opposing Protector lost <abbr title="−67/277">24.2%</abbr> of its health!)</small><br></div><div class="battle-history"><small>Delphox's Speed rose!</small><br></div><div class="spacer battle-history"><br></div><div class="battle-history">The opposing Protector used <strong>Knock Off</strong>!<br></div><div class="battle-history"><small>It's super effective!</small><br></div><div class="battle-history"><small>(Delphox lost <abbr title="−291/291">100%</abbr> of its health!)</small><br></div><div class="battle-history"><small>The opposing Protector knocked off Delphox's Choice Scarf!</small><br></div><div class="battle-history"><small>The opposing Protector lost some of its HP!</small><br></div><div class="spacer battle-history"><br></div><div class="battle-history">Delphox fainted!<br></div><div class="spacer battle-history"><br></div><div class="battle-history">Go! <strong>Scrafty</strong>!<br></div><div class="spacer battle-history"><br></div><h2 class="battle-history">Turn 4</h2><div class="chat chatmessage-ben9100"><strong style="color:hsl(21,68%,43.79056274591058%)"><small>★</small><span class="username" data-name="Ben9100">Ben9100</span>:</strong> <em>HACKSSSSSSS</em></div><div class="spacer battle-history"><br></div><div class="battle-history">The opposing Protector used <strong>Drain Punch</strong>!<br></div><div class="battle-history"><small>It's super effective!</small><br></div><div class="battle-history"><small>(Scrafty lost <abbr title="−271/271">100%</abbr> of its health!)</small><br></div><div class="battle-history"><small>Scrafty had its energy drained!</small><br></div><div class="battle-history"><small>The opposing Protector lost some of its HP!</small><br></div><div class="spacer battle-history"><br></div><div class="battle-history">Scrafty fainted!<br></div><div class="spacer battle-history"><br></div><div class="battle-history">Go! <strong>Gallade</strong>!<br></div><div class="spacer battle-history"><br></div><h2 class="battle-history">Turn 5</h2><div class="spacer battle-history"><br></div><div class="battle-history">The opposing Protector used <strong>Knock Off</strong>!<br></div><div class="battle-history"><small>(Gallade lost <abbr title="−160/277">57.8%</abbr> of its health!)</small><br></div><div class="battle-history"><small>[Gallade's Justified]</small><br></div><div class="battle-history"><small>Gallade's Attack rose!</small><br></div><div class="battle-history"><small>The opposing Protector knocked off Gallade's Choice Band!</small><br></div><div class="battle-history"><small>The opposing Protector lost some of its HP!</small><br></div><div class="spacer battle-history"><br></div><div class="battle-history">Gallade used <strong>Close Combat</strong>!<br></div><div class="battle-history"><small>It's not very effective...</small><br></div><div class="battle-history"><small>(The opposing Protector lost <abbr title="−175/277">63.2%</abbr> of its health!)</small><br></div><div class="battle-history"><small>Gallade's Defense fell!</small><br></div><div class="battle-history"><small>Gallade's Special Defense fell!</small><br></div><div class="spacer battle-history"><br></div><h2 class="battle-history">Turn 6</h2><div class="spacer battle-history"><br></div><div class="battle-history">The opposing Protector used <strong>Knock Off</strong>!<br></div><div class="battle-history"><small>A critical hit!</small><br></div><div class="battle-history"><small>(Gallade lost <abbr title="−117/277">42.2%</abbr> of its health!)</small><br></div><div class="battle-history"><small>The opposing Protector lost some of its HP!</small><br></div><div class="spacer battle-history"><br></div><div class="battle-history">Gallade fainted!<br></div><div class="spacer battle-history"><br></div><div class="battle-history">Go! <strong>Diancie</strong>!<br></div><div class="spacer battle-history"><br></div><h2 class="battle-history">Turn 7</h2><div class="spacer battle-history"><br></div><div class="battle-history">Diancie used <strong>Protect</strong>!<br></div><div class="battle-history"><small>Diancie protected itself!</small><br></div><div class="spacer battle-history"><br></div><div class="battle-history">The opposing Protector used <strong>Drain Punch</strong>!<br></div><div class="battle-history"><small>Diancie protected itself!</small><br></div><div class="spacer battle-history"><br></div><h2 class="battle-history">Turn 8</h2><div class="spacer battle-history"><br></div><div class="battle-history">The opposing Protector used <strong>Drain Punch</strong>!<br></div><div class="battle-history"><small>(Diancie lost <abbr title="−113/304">37.2%</abbr> of its health!)</small><br></div><div class="battle-history"><small>Diancie had its energy drained!</small><br></div><div class="battle-history"><small>The opposing Protector lost some of its HP!</small><br></div><div class="spacer battle-history"><br></div><div class="battle-history">Diancie used <strong>Hidden Power</strong>!<br></div><div class="battle-history"><small>(The opposing Protector lost <abbr title="−39/277">14.1%</abbr> of its health!)</small><br></div><div class="spacer battle-history"><br></div><div class="battle-history">The opposing Protector fainted!<br></div><div class="spacer battle-history"><br></div><div class="battle-history">Ben9100 sent out George (<strong>Escavalier</strong>)!<br></div><div class="spacer battle-history"><br></div><h2 class="battle-history">Turn 9</h2><div class="spacer battle-history"><br></div><div class="battle-history">Diancie used <strong>Diamond Storm</strong>!<br></div><div class="battle-history"><small>(The opposing George lost <abbr title="−120/343">35.0%</abbr> of its health!)</small><br></div><div class="spacer battle-history"><br></div><div class="battle-history">The opposing George used <strong>Iron Head</strong>!<br></div><div class="battle-history"><small>It's super effective!</small><br></div><div class="battle-history"><small>(Diancie lost <abbr title="−191/304">62.8%</abbr> of its health!)</small><br></div><div class="spacer battle-history"><br></div><div class="battle-history">Diancie fainted!<br></div><div class="spacer battle-history"><br></div><div class="battle-history"><strong>Ben9100</strong> won the battle!<br></div></div><div class="inner-preempt"></div></div></div>
</div>
<script>
let daily = Math.floor(Date.now()/1000/60/60/24);document.write('<script src="https://play.pokemonshowdown.com/js/replay-embed.js?version'+daily+'"></'+'script>');
</script>
