<!DOCTYPE html>
<meta charset="utf-8" />
<!-- version 1 -->
<title>LC replay: Mega-Amphi vs. JackPlaysPKMN</title>
<style>
html,body {font-family:Verdana, sans-serif;font-size:10pt;margin:0;padding:0;}body{padding:12px 0;} .battle-log {font-family:Verdana, sans-serif;font-size:10pt;} .battle-log-inline {border:1px solid #AAAAAA;background:#EEF2F5;color:black;max-width:640px;margin:0 auto 80px;padding-bottom:5px;} .battle-log .inner {padding:4px 8px 0px 8px;} .battle-log .inner-preempt {padding:0 8px 4px 8px;} .battle-log .inner-after {margin-top:0.5em;} .battle-log h2 {margin:0.5em -8px;padding:4px 8px;border:1px solid #AAAAAA;background:#E0E7EA;border-left:0;border-right:0;font-family:Verdana, sans-serif;font-size:13pt;} .battle-log .chat {vertical-align:middle;padding:3px 0 3px 0;font-size:8pt;} .battle-log .chat strong {color:#40576A;} .battle-log .chat em {padding:1px 4px 1px 3px;color:#000000;font-style:normal;} .chat.mine {background:rgba(0,0,0,0.05);margin-left:-8px;margin-right:-8px;padding-left:8px;padding-right:8px;} .spoiler {color:#BBBBBB;background:#BBBBBB;padding:0px 3px;} .spoiler:hover, .spoiler:active, .spoiler-shown {color:#000000;background:#E2E2E2;padding:0px 3px;} .spoiler a {color:#BBBBBB;} .spoiler:hover a, .spoiler:active a, .spoiler-shown a {color:#2288CC;} .chat code, .chat .spoiler:hover code, .chat .spoiler:active code, .chat .spoiler-shown code {border:1px solid #C0C0C0;background:#EEEEEE;color:black;padding:0 2px;} .chat .spoiler code {border:1px solid #CCCCCC;background:#CCCCCC;color:#CCCCCC;} .battle-log .rated {padding:3px 4px;} .battle-log .rated strong {color:white;background:#89A;padding:1px 4px;border-radius:4px;} .spacer {margin-top:0.5em;} .message-announce {background:#6688AA;color:white;padding:1px 4px 2px;} .message-announce a, .broadcast-green a, .broadcast-blue a, .broadcast-red a {color:#DDEEFF;} .broadcast-green {background-color:#559955;color:white;padding:2px 4px;} .broadcast-blue {background-color:#6688AA;color:white;padding:2px 4px;} .infobox {border:1px solid #6688AA;padding:2px 4px;} .infobox-limited {max-height:200px;overflow:auto;overflow-x:hidden;} .broadcast-red {background-color:#AA5544;color:white;padding:2px 4px;} .message-learn-canlearn {font-weight:bold;color:#228822;text-decoration:underline;} .message-learn-cannotlearn {font-weight:bold;color:#CC2222;text-decoration:underline;} .message-effect-weak {font-weight:bold;color:#CC2222;} .message-effect-resist {font-weight:bold;color:#6688AA;} .message-effect-immune {font-weight:bold;color:#666666;} .message-learn-list {margin-top:0;margin-bottom:0;} .message-throttle-notice, .message-error {color:#992222;} .message-overflow, .chat small.message-overflow {font-size:0pt;} .message-overflow::before {font-size:9pt;content:'...';} .subtle {color:#3A4A66;}
</style>
<div class="wrapper replay-wrapper" style="max-width:1180px;margin:0 auto">
<input type="hidden" name="replayid" value="lc-478591708" />
<div class="battle"></div><div class="battle-log"></div><div class="replay-controls"></div><div class="replay-controls-2"></div>
<h1 style="font-weight:normal;text-align:center"><strong>LC</strong><br /><a href="http://pokemonshowdown.com/users/megaamphi" class="subtle" target="_blank">Mega-Amphi</a> vs. <a href="http://pokemonshowdown.com/users/jackplayspkmn" class="subtle" target="_blank">JackPlaysPKMN</a></h1>
<script type="text/plain" class="battle-log-data">|j|Mega-Amphi
|j|JackPlaysPKMN
|player|p1|Mega-Amphi|102
|player|p2|JackPlaysPKMN|101
|gametype|singles
|gen|6
|tier|LC
|rated
|seed|28745,11606,54531,30163
|clearpoke
|poke|p1|Abra, L5, M|item
|poke|p1|Mienfoo, L5, F, shiny|item
|poke|p1|Snivy, L5, M, shiny|item
|poke|p1|Vullaby, L5, F|item
|poke|p1|Electrike, L5, F, shiny|item
|poke|p1|Omanyte, L5, M, shiny|item
|poke|p2|Aipom, L5, M|item
|poke|p2|Aron, L5, F|item
|poke|p2|Skorupi, L5, M|item
|poke|p2|Totodile, L5, M|item
|poke|p2|Houndour, L5, F, shiny|item
|poke|p2|Zubat, L5, M|item
|rule|Sleep Clause Mod: Limit one foe put to sleep
|rule|Species Clause: Limit one of each Pokémon
|rule|OHKO Clause: OHKO moves are banned
|rule|Moody Clause: Moody is banned
|rule|Evasion Moves Clause: Evasion moves are banned
|rule|Endless Battle Clause: Forcing endless battles is banned
|rule|HP Percentage Mod: HP is shown in percentages
|teampreview
|c|★JackPlaysPKMN|:)
|c|★JackPlaysPKMN|gl
|choice|team 1, team 2, team 3, team 4, team 5, team 6|team 1, team 2, team 3, team 4, team 5, team 6
|
|start
|switch|p1a: Abra|Abra, L5, M|19\/19
|switch|p2a: Harambe|Aipom, L5, M|23\/23
|turn|1
|choice|move hiddenpower|move fakeout
|
|move|p2a: Harambe|Fake Out|p1a: Abra
|-enditem|p2a: Harambe|Normal Gem|[from] gem|[move] Fake Out
|-damage|p1a: Abra|7\/19
|cant|p1a: Abra|flinch
|
|turn|2
|choice|move hiddenpower|move lastresort
|
|move|p1a: Abra|Hidden Power|p2a: Harambe
|-supereffective|p2a: Harambe
|-damage|p2a: Harambe|2\/23
|move|p2a: Harambe|Last Resort|p1a: Abra
|-damage|p1a: Abra|0 fnt
|faint|p1a: Abra
|
|choice|switch 2|
|
|switch|p1a: Mienfoo|Mienfoo, L5, F, shiny|22\/22
|turn|3
|choice|move fakeout|move lastresort
|
|move|p1a: Mienfoo|Fake Out|p2a: Harambe
|-damage|p2a: Harambe|0 fnt
|faint|p2a: Harambe
|
|choice||switch 6
|
|switch|p2a: Batman|Zubat, L5, M|21\/21
|turn|4
|choice|move knockoff|move acrobatics
|
|move|p1a: Mienfoo|Knock Off|p2a: Batman
|-damage|p2a: Batman|8\/21
|-enditem|p2a: Batman|Focus Sash|[from] move: Knock Off|[of] p1a: Mienfoo
|move|p2a: Batman|Acrobatics|p1a: Mienfoo
|-supereffective|p1a: Mienfoo
|-damage|p1a: Mienfoo|0 fnt
|faint|p1a: Mienfoo
|
|choice|switch 5|
|
|switch|p1a: Electrike|Electrike, L5, F, shiny|20\/20
|turn|5
|choice|move discharge|switch 2
|
|switch|p2a: Aria|Aron, L5, F|24\/24
|move|p1a: Electrike|Discharge|p2a: Aria
|-damage|p2a: Aria|14\/24
|
|turn|6
|choice|move discharge|move rocktomb
|
|move|p1a: Electrike|Discharge|p2a: Aria
|-damage|p2a: Aria|4\/24
|-enditem|p2a: Aria|Berry Juice
|-heal|p2a: Aria|24\/24|[from] item: Berry Juice
|move|p2a: Aria|Rock Tomb|p1a: Electrike
|-damage|p1a: Electrike|8\/20
|-unboost|p1a: Electrike|spe|1
|-enditem|p1a: Electrike|Berry Juice
|-heal|p1a: Electrike|20\/20|[from] item: Berry Juice
|
|turn|7
|choice|move discharge|move rocktomb
|
|move|p1a: Electrike|Discharge|p2a: Aria
|-damage|p2a: Aria|12\/24
|move|p2a: Aria|Rock Tomb|p1a: Electrike
|-damage|p1a: Electrike|8\/20
|-unboost|p1a: Electrike|spe|1
|
|turn|8
|choice|move discharge|move rocktomb
|
|move|p2a: Aria|Rock Tomb|p1a: Electrike|[miss]
|-miss|p2a: Aria|p1a: Electrike
|move|p1a: Electrike|Discharge|p2a: Aria
|-damage|p2a: Aria|0 fnt
|faint|p2a: Aria
|
|c|★JackPlaysPKMN|:(
|choice||switch 3
|
|switch|p2a: Dwayne|Skorupi, L5, M|23\/23
|turn|9
|choice|switch 4|move fellstinger
|
|switch|p1a: Vullaby|Vullaby, L5, F|26\/26
|move|p2a: Dwayne|Fell Stinger|p1a: Vullaby
|-damage|p1a: Vullaby|23\/26
|
|turn|10
|choice|move knockoff|switch 2
|
|switch|p2a: Batman|Zubat, L5, M|8\/21
|move|p1a: Vullaby|Knock Off|p2a: Batman
|-damage|p2a: Batman|0 fnt
|faint|p2a: Batman
|
|choice||switch 4
|
|switch|p2a: Aquablade11|Totodile, L5, M|24\/24
|turn|11
|choice|move toxic|move dragondance
|
|move|p1a: Vullaby|Toxic|p2a: Aquablade11|[miss]
|-miss|p1a: Vullaby|p2a: Aquablade11
|move|p2a: Aquablade11|Dragon Dance|p2a: Aquablade11
|-boost|p2a: Aquablade11|atk|1
|-boost|p2a: Aquablade11|spe|1
|
|turn|12
|choice|move toxic|move icepunch
|
|move|p2a: Aquablade11|Ice Punch|p1a: Vullaby
|-supereffective|p1a: Vullaby
|-damage|p1a: Vullaby|5\/26
|move|p1a: Vullaby|Toxic|p2a: Aquablade11
|-status|p2a: Aquablade11|tox
|-enditem|p2a: Aquablade11|Lum Berry|[eat]
|-curestatus|p2a: Aquablade11|tox|[msg]
|
|turn|13
|choice|move knockoff|move waterfall
|
|move|p2a: Aquablade11|Waterfall|p1a: Vullaby
|-damage|p1a: Vullaby|0 fnt
|faint|p1a: Vullaby
|
|choice|switch 3|
|
|switch|p1a: Snivy|Snivy, L5, M, shiny|21\/21
|turn|14
|choice|move gigadrain|move icepunch
|
|move|p2a: Aquablade11|Ice Punch|p1a: Snivy
|-supereffective|p1a: Snivy
|-damage|p1a: Snivy|1\/21
|move|p1a: Snivy|Giga Drain|p2a: Aquablade11
|-supereffective|p2a: Aquablade11
|-damage|p2a: Aquablade11|0 fnt
|-heal|p1a: Snivy|13\/21|[from] drain|[of] p2a: Aquablade11
|faint|p2a: Aquablade11
|
|choice||switch 2
|
|switch|p2a: Dwayne|Skorupi, L5, M|23\/23
|turn|15
|choice|move hiddenpower|move poisonjab
|
|move|p1a: Snivy|Hidden Power|p2a: Dwayne
|-damage|p2a: Dwayne|20\/23
|move|p2a: Dwayne|Poison Jab|p1a: Snivy
|-supereffective|p1a: Snivy
|-damage|p1a: Snivy|1\/21
|-status|p1a: Snivy|psn
|
|-damage|p1a: Snivy|0 fnt|[from] psn
|faint|p1a: Snivy
|choice|switch 6|
|
|switch|p1a: Omanyte|Omanyte, L5, M, shiny|21\/21
|turn|16
|choice|move stealthrock|move knockoff
|
|move|p2a: Dwayne|Knock Off|p1a: Omanyte
|-damage|p1a: Omanyte|17\/21
|-enditem|p1a: Omanyte|Eviolite|[from] move: Knock Off|[of] p2a: Dwayne
|move|p1a: Omanyte|Stealth Rock|p2a: Dwayne
|-sidestart|p2: JackPlaysPKMN|move: Stealth Rock
|
|turn|17
|c|★JackPlaysPKMN|I wish that poison didn't go off
|choice|move scald|move poisonjab
|
|move|p2a: Dwayne|Poison Jab|p1a: Omanyte
|-resisted|p1a: Omanyte
|-damage|p1a: Omanyte|14\/21
|move|p1a: Omanyte|Scald|p2a: Dwayne
|-damage|p2a: Dwayne|13\/23
|-status|p2a: Dwayne|brn
|
|-damage|p2a: Dwayne|11\/23 brn|[from] brn
|turn|18
|c|★Mega-Amphi|yeah !
|choice|move spikes|move poisonjab
|
|move|p2a: Dwayne|Poison Jab|p1a: Omanyte
|-resisted|p1a: Omanyte
|-damage|p1a: Omanyte|13\/21
|move|p1a: Omanyte|Spikes|p2a: Dwayne
|-sidestart|p2: JackPlaysPKMN|Spikes
|
|-damage|p2a: Dwayne|9\/23 brn|[from] brn
|turn|19
|c|★JackPlaysPKMN|Woulda got a free +2 on fell stinger
|choice|move spikes|move poisonjab
|
|move|p2a: Dwayne|Poison Jab|p1a: Omanyte
|-resisted|p1a: Omanyte
|-damage|p1a: Omanyte|12\/21
|move|p1a: Omanyte|Spikes|p2a: Dwayne
|-sidestart|p2: JackPlaysPKMN|Spikes
|
|-damage|p2a: Dwayne|7\/23 brn|[from] brn
|turn|20
|choice|move spikes|move poisonjab
|
|move|p2a: Dwayne|Poison Jab|p1a: Omanyte
|-resisted|p1a: Omanyte
|-damage|p1a: Omanyte|11\/21
|move|p1a: Omanyte|Spikes|p2a: Dwayne
|-sidestart|p2: JackPlaysPKMN|Spikes
|
|-damage|p2a: Dwayne|5\/23 brn|[from] brn
|turn|21
|choice|move toxicspikes|move poisonjab
|
|move|p2a: Dwayne|Poison Jab|p1a: Omanyte
|-resisted|p1a: Omanyte
|-damage|p1a: Omanyte|10\/21
|-status|p1a: Omanyte|psn
|move|p1a: Omanyte|Toxic Spikes|p2a: Dwayne
|-sidestart|p2: JackPlaysPKMN|move: Toxic Spikes
|
|-damage|p2a: Dwayne|3\/23 brn|[from] brn
|-damage|p1a: Omanyte|8\/21 psn|[from] psn
|turn|22
|c|★JackPlaysPKMN|and now when I need to poison it takes too long...
|choice|move scald|move poisonjab
|
|move|p2a: Dwayne|Poison Jab|p1a: Omanyte
|-resisted|p1a: Omanyte
|-damage|p1a: Omanyte|7\/21 psn
|move|p1a: Omanyte|Scald|p2a: Dwayne
|-damage|p2a: Dwayne|0 fnt
|faint|p2a: Dwayne
|
|-damage|p1a: Omanyte|5\/21 psn|[from] psn
|choice||switch 5
|
|switch|p2a: Pupper|Houndour, L5, F, shiny|22\/22
|-status|p2a: Pupper|psn
|-damage|p2a: Pupper|17\/22 psn|[from] Stealth Rock
|-damage|p2a: Pupper|12\/22 psn|[from] Spikes
|turn|23
|c|★Mega-Amphi|good luck !
|choice|move scald|move darkpulse
|
|move|p2a: Pupper|Dark Pulse|p1a: Omanyte
|-damage|p1a: Omanyte|0 fnt
|faint|p1a: Omanyte
|
|-damage|p2a: Pupper|10\/22 psn|[from] psn
|c|★JackPlaysPKMN|You too :)
|choice|switch 4|
|
|switch|p1a: Electrike|Electrike, L5, F, shiny|8\/20
|turn|24
|choice|move discharge|move flamethrower
|
|move|p2a: Pupper|Flamethrower|p1a: Electrike
|-damage|p1a: Electrike|0 fnt
|faint|p1a: Electrike
|
|win|JackPlaysPKMN
|player|p1
|player|p2
|c|★JackPlaysPKMN|Gg :)
|l|JackPlaysPKMN
|c|★Mega-Amphi|noooooooooo</script>
</div>
<div class="battle-log battle-log-inline"><div class="inner"><div class="battle-options"></div><div class="inner"><div class="chat"><small>Mega-Amphi joined.</small></div><div class="chat"><small>JackPlaysPKMN joined.</small></div><div class=""><small>Format:</small> <br><strong>LC</strong></div><div class="rated"><strong>Rated battle</strong></div><div class=""><small><em>Sleep Clause Mod:</em> Limit one foe put to sleep</small></div><div class=""><small><em>Species Clause:</em> Limit one of each Pokémon</small></div><div class=""><small><em>OHKO Clause:</em> OHKO moves are banned</small></div><div class=""><small><em>Moody Clause:</em> Moody is banned</small></div><div class=""><small><em>Evasion Moves Clause:</em> Evasion moves are banned</small></div><div class=""><small><em>Endless Battle Clause:</em> Forcing endless battles is banned</small></div><div class=""><small><em>HP Percentage Mod:</em> HP is shown in percentages</small></div><div class="chat battle-history"><strong>Mega-Amphi's team:</strong> <em style="color:#445566;display:block;">Abra / Mienfoo / Snivy / Vullaby / Electrike / Omanyte</em></div><div class="chat battle-history"><strong>JackPlaysPKMN's team:</strong> <em style="color:#445566;display:block;">Aipom / Aron / Skorupi / Totodile / Houndour / Zubat</em></div><div class="chat chatmessage-jackplayspkmn"><strong style="color:hsl(248,45%,62.916501255420286%)"><small>★</small><span class="username" data-name="JackPlaysPKMN">JackPlaysPKMN</span>:</strong> <em>:)</em></div><div class="chat chatmessage-jackplayspkmn"><strong style="color:hsl(248,45%,62.916501255420286%)"><small>★</small><span class="username" data-name="JackPlaysPKMN">JackPlaysPKMN</span>:</strong> <em>gl</em></div><div class="spacer battle-history"><br></div><div class="battle-history">Battle started between Mega-Amphi and JackPlaysPKMN!<br></div><div class="spacer battle-history"><br></div><div class="battle-history">Go! <strong>Abra</strong>!<br></div><div class="spacer battle-history"><br></div><div class="battle-history">JackPlaysPKMN sent out Harambe (<strong>Aipom</strong>)!<br></div><div class="spacer battle-history"><br></div><h2 class="battle-history">Turn 1</h2><div class="spacer battle-history"><br></div><div class="battle-history">The opposing Harambe used <strong>Fake Out</strong>!<br></div><div class="battle-history"><small>The Normal Gem strengthened the opposing Harambe's power!</small><br></div><div class="battle-history"><small>(Abra lost <abbr title="−12/19">63.2%</abbr> of its health!)</small><br></div><div class="spacer battle-history"><br></div><div class="battle-history">Abra flinched and couldn't move!<br></div><div class="spacer battle-history"><br></div><h2 class="battle-history">Turn 2</h2><div class="spacer battle-history"><br></div><div class="battle-history">Abra used <strong>Hidden Power</strong>!<br></div><div class="battle-history"><small>It's super effective!</small><br></div><div class="battle-history"><small>(The opposing Harambe lost <abbr title="−21/23">91.3%</abbr> of its health!)</small><br></div><div class="spacer battle-history"><br></div><div class="battle-history">The opposing Harambe used <strong>Last Resort</strong>!<br></div><div class="battle-history"><small>(Abra lost <abbr title="−7/19">36.8%</abbr> of its health!)</small><br></div><div class="spacer battle-history"><br></div><div class="battle-history">Abra fainted!<br></div><div class="spacer battle-history"><br></div><div class="battle-history">Go! <strong>Mienfoo</strong>!<br></div><div class="spacer battle-history"><br></div><h2 class="battle-history">Turn 3</h2><div class="spacer battle-history"><br></div><div class="battle-history">Mienfoo used <strong>Fake Out</strong>!<br></div><div class="battle-history"><small>(The opposing Harambe lost <abbr title="−2/23">8.7%</abbr> of its health!)</small><br></div><div class="spacer battle-history"><br></div><div class="battle-history">The opposing Harambe fainted!<br></div><div class="spacer battle-history"><br></div><div class="battle-history">JackPlaysPKMN sent out Batman (<strong>Zubat</strong>)!<br></div><div class="spacer battle-history"><br></div><h2 class="battle-history">Turn 4</h2><div class="spacer battle-history"><br></div><div class="battle-history">Mienfoo used <strong>Knock Off</strong>!<br></div><div class="battle-history"><small>(The opposing Batman lost <abbr title="−13/21">61.9%</abbr> of its health!)</small><br></div><div class="battle-history"><small>Mienfoo knocked off the opposing Batman's Focus Sash!</small><br></div><div class="spacer battle-history"><br></div><div class="battle-history">The opposing Batman used <strong>Acrobatics</strong>!<br></div><div class="battle-history"><small>It's super effective!</small><br></div><div class="battle-history"><small>(Mienfoo lost <abbr title="−22/22">100%</abbr> of its health!)</small><br></div><div class="spacer battle-history"><br></div><div class="battle-history">Mienfoo fainted!<br></div><div class="spacer battle-history"><br></div><div class="battle-history">Go! <strong>Electrike</strong>!<br></div><div class="spacer battle-history"><br></div><h2 class="battle-history">Turn 5</h2><div class="spacer battle-history"><br></div><div class="battle-history">JackPlaysPKMN withdrew Batman!<br></div><div class="battle-history">JackPlaysPKMN sent out Aria (<strong>Aron</strong>)!<br></div><div class="spacer battle-history"><br></div><div class="battle-history">Electrike used <strong>Discharge</strong>!<br></div><div class="battle-history"><small>(The opposing Aria lost <abbr title="−10/24">41.7%</abbr> of its health!)</small><br></div><div class="spacer battle-history"><br></div><h2 class="battle-history">Turn 6</h2><div class="spacer battle-history"><br></div><div class="battle-history">Electrike used <strong>Discharge</strong>!<br></div><div class="battle-history"><small>(The opposing Aria lost <abbr title="−10/24">41.7%</abbr> of its health!)</small><br></div><div class="battle-history"><small>(The opposing Aria used its Berry Juice!)</small><br></div><div class="battle-history"><small>The opposing Aria restored HP using its Berry Juice!</small><br></div><div class="spacer battle-history"><br></div><div class="battle-history">The opposing Aria used <strong>Rock Tomb</strong>!<br></div><div class="battle-history"><small>(Electrike lost <abbr title="−12/20">60%</abbr> of its health!)</small><br></div><div class="battle-history"><small>Electrike's Speed fell!</small><br></div><div class="battle-history"><small>(Electrike used its Berry Juice!)</small><br></div><div class="battle-history"><small>Electrike restored HP using its Berry Juice!</small><br></div><div class="spacer battle-history"><br></div><h2 class="battle-history">Turn 7</h2><div class="spacer battle-history"><br></div><div class="battle-history">Electrike used <strong>Discharge</strong>!<br></div><div class="battle-history"><small>(The opposing Aria lost <abbr title="−12/24">50%</abbr> of its health!)</small><br></div><div class="spacer battle-history"><br></div><div class="battle-history">The opposing Aria used <strong>Rock Tomb</strong>!<br></div><div class="battle-history"><small>(Electrike lost <abbr title="−12/20">60%</abbr> of its health!)</small><br></div><div class="battle-history"><small>Electrike's Speed fell!</small><br></div><div class="spacer battle-history"><br></div><h2 class="battle-history">Turn 8</h2><div class="spacer battle-history"><br></div><div class="battle-history">The opposing Aria used <strong>Rock Tomb</strong>!<br></div><div class="battle-history"><small>Electrike avoided the attack!</small><br></div><div class="spacer battle-history"><br></div><div class="battle-history">Electrike used <strong>Discharge</strong>!<br></div><div class="battle-history"><small>(The opposing Aria lost <abbr title="−12/24">50%</abbr> of its health!)</small><br></div><div class="spacer battle-history"><br></div><div class="battle-history">The opposing Aria fainted!<br></div><div class="chat chatmessage-jackplayspkmn"><strong style="color:hsl(248,45%,62.916501255420286%)"><small>★</small><span class="username" data-name="JackPlaysPKMN">JackPlaysPKMN</span>:</strong> <em>:(</em></div><div class="spacer battle-history"><br></div><div class="battle-history">JackPlaysPKMN sent out Dwayne (<strong>Skorupi</strong>)!<br></div><div class="spacer battle-history"><br></div><h2 class="battle-history">Turn 9</h2><div class="spacer battle-history"><br></div><div class="battle-history">Electrike, come back!<br></div><div class="battle-history">Go! <strong>Vullaby</strong>!<br></div><div class="spacer battle-history"><br></div><div class="battle-history">The opposing Dwayne used <strong>Fell Stinger</strong>!<br></div><div class="battle-history"><small>(Vullaby lost <abbr title="−3/26">11.5%</abbr> of its health!)</small><br></div><div class="spacer battle-history"><br></div><h2 class="battle-history">Turn 10</h2><div class="spacer battle-history"><br></div><div class="battle-history">JackPlaysPKMN withdrew Dwayne!<br></div><div class="battle-history">JackPlaysPKMN sent out Batman (<strong>Zubat</strong>)!<br></div><div class="spacer battle-history"><br></div><div class="battle-history">Vullaby used <strong>Knock Off</strong>!<br></div><div class="battle-history"><small>(The opposing Batman lost <abbr title="−8/21">38.1%</abbr> of its health!)</small><br></div><div class="spacer battle-history"><br></div><div class="battle-history">The opposing Batman fainted!<br></div><div class="spacer battle-history"><br></div><div class="battle-history">JackPlaysPKMN sent out Aquablade11 (<strong>Totodile</strong>)!<br></div><div class="spacer battle-history"><br></div><h2 class="battle-history">Turn 11</h2><div class="spacer battle-history"><br></div><div class="battle-history">Vullaby used <strong>Toxic</strong>!<br></div><div class="battle-history"><small>The opposing Aquablade11 avoided the attack!</small><br></div><div class="spacer battle-history"><br></div><div class="battle-history">The opposing Aquablade11 used <strong>Dragon Dance</strong>!<br></div><div class="battle-history"><small>The opposing Aquablade11's Attack rose!</small><br></div><div class="battle-history"><small>The opposing Aquablade11's Speed rose!</small><br></div><div class="spacer battle-history"><br></div><h2 class="battle-history">Turn 12</h2><div class="spacer battle-history"><br></div><div class="battle-history">The opposing Aquablade11 used <strong>Ice Punch</strong>!<br></div><div class="battle-history"><small>It's super effective!</small><br></div><div class="battle-history"><small>(Vullaby lost <abbr title="−18/26">69.2%</abbr> of its health!)</small><br></div><div class="spacer battle-history"><br></div><div class="battle-history">Vullaby used <strong>Toxic</strong>!<br></div><div class="battle-history"><small>The opposing Aquablade11 was badly poisoned!</small><br></div><div class="battle-history"><small>The opposing Aquablade11 ate its Lum Berry!</small><br></div><div class="battle-history"><small>The opposing Aquablade11 was cured of its poisoning.</small><br></div><div class="spacer battle-history"><br></div><h2 class="battle-history">Turn 13</h2><div class="spacer battle-history"><br></div><div class="battle-history">The opposing Aquablade11 used <strong>Waterfall</strong>!<br></div><div class="battle-history"><small>(Vullaby lost <abbr title="−5/26">19.2%</abbr> of its health!)</small><br></div><div class="spacer battle-history"><br></div><div class="battle-history">Vullaby fainted!<br></div><div class="spacer battle-history"><br></div><div class="battle-history">Go! <strong>Snivy</strong>!<br></div><div class="spacer battle-history"><br></div><h2 class="battle-history">Turn 14</h2><div class="spacer battle-history"><br></div><div class="battle-history">The opposing Aquablade11 used <strong>Ice Punch</strong>!<br></div><div class="battle-history"><small>It's super effective!</small><br></div><div class="battle-history"><small>(Snivy lost <abbr title="−20/21">95.2%</abbr> of its health!)</small><br></div><div class="spacer battle-history"><br></div><div class="battle-history">Snivy used <strong>Giga Drain</strong>!<br></div><div class="battle-history"><small>It's super effective!</small><br></div><div class="battle-history"><small>(The opposing Aquablade11 lost <abbr title="−24/24">100%</abbr> of its health!)</small><br></div><div class="battle-history"><small>The opposing Aquablade11 had its energy drained!</small><br></div><div class="spacer battle-history"><br></div><div class="battle-history">The opposing Aquablade11 fainted!<br></div><div class="spacer battle-history"><br></div><div class="battle-history">JackPlaysPKMN sent out Dwayne (<strong>Skorupi</strong>)!<br></div><div class="spacer battle-history"><br></div><h2 class="battle-history">Turn 15</h2><div class="spacer battle-history"><br></div><div class="battle-history">Snivy used <strong>Hidden Power</strong>!<br></div><div class="battle-history"><small>(The opposing Dwayne lost <abbr title="−3/23">13.0%</abbr> of its health!)</small><br></div><div class="spacer battle-history"><br></div><div class="battle-history">The opposing Dwayne used <strong>Poison Jab</strong>!<br></div><div class="battle-history"><small>It's super effective!</small><br></div><div class="battle-history"><small>(Snivy lost <abbr title="−12/21">57.1%</abbr> of its health!)</small><br></div><div class="battle-history"><small>Snivy was poisoned!</small><br></div><div class="spacer battle-history"><br></div><div class="battle-history"><small>Snivy was hurt by poison!</small><br></div><div class="spacer battle-history"><br></div><div class="battle-history">Snivy fainted!<br></div><div class="spacer battle-history"><br></div><div class="battle-history">Go! <strong>Omanyte</strong>!<br></div><div class="spacer battle-history"><br></div><h2 class="battle-history">Turn 16</h2><div class="spacer battle-history"><br></div><div class="battle-history">The opposing Dwayne used <strong>Knock Off</strong>!<br></div><div class="battle-history"><small>(Omanyte lost <abbr title="−4/21">19.0%</abbr> of its health!)</small><br></div><div class="battle-history"><small>The opposing Dwayne knocked off Omanyte's Eviolite!</small><br></div><div class="spacer battle-history"><br></div><div class="battle-history">Omanyte used <strong>Stealth Rock</strong>!<br></div><div class="battle-history"><small>Pointed stones float in the air around the opposing team!</small><br></div><div class="spacer battle-history"><br></div><h2 class="battle-history">Turn 17</h2><div class="chat chatmessage-jackplayspkmn"><strong style="color:hsl(248,45%,62.916501255420286%)"><small>★</small><span class="username" data-name="JackPlaysPKMN">JackPlaysPKMN</span>:</strong> <em>I wish that poison didn't go off</em></div><div class="spacer battle-history"><br></div><div class="battle-history">The opposing Dwayne used <strong>Poison Jab</strong>!<br></div><div class="battle-history"><small>It's not very effective...</small><br></div><div class="battle-history"><small>(Omanyte lost <abbr title="−3/21">14.3%</abbr> of its health!)</small><br></div><div class="spacer battle-history"><br></div><div class="battle-history">Omanyte used <strong>Scald</strong>!<br></div><div class="battle-history"><small>(The opposing Dwayne lost <abbr title="−7/23">30.4%</abbr> of its health!)</small><br></div><div class="battle-history"><small>The opposing Dwayne was burned!</small><br></div><div class="spacer battle-history"><br></div><div class="battle-history"><small>The opposing Dwayne was hurt by its burn!</small><br></div><div class="spacer battle-history"><br></div><h2 class="battle-history">Turn 18</h2><div class="chat chatmessage-megaamphi"><strong style="color:hsl(233,75%,62.33452545163854%)"><small>★</small><span class="username" data-name="Mega-Amphi">Mega-Amphi</span>:</strong> <em>yeah !</em></div><div class="spacer battle-history"><br></div><div class="battle-history">The opposing Dwayne used <strong>Poison Jab</strong>!<br></div><div class="battle-history"><small>It's not very effective...</small><br></div><div class="battle-history"><small>(Omanyte lost <abbr title="−1/21">4.8%</abbr> of its health!)</small><br></div><div class="spacer battle-history"><br></div><div class="battle-history">Omanyte used <strong>Spikes</strong>!<br></div><div class="battle-history"><small>Spikes were scattered on the ground all around the opposing team!</small><br></div><div class="spacer battle-history"><br></div><div class="battle-history"><small>The opposing Dwayne was hurt by its burn!</small><br></div><div class="spacer battle-history"><br></div><h2 class="battle-history">Turn 19</h2><div class="chat chatmessage-jackplayspkmn"><strong style="color:hsl(248,45%,62.916501255420286%)"><small>★</small><span class="username" data-name="JackPlaysPKMN">JackPlaysPKMN</span>:</strong> <em>Woulda got a free +2 on fell stinger</em></div><div class="spacer battle-history"><br></div><div class="battle-history">The opposing Dwayne used <strong>Poison Jab</strong>!<br></div><div class="battle-history"><small>It's not very effective...</small><br></div><div class="battle-history"><small>(Omanyte lost <abbr title="−1/21">4.8%</abbr> of its health!)</small><br></div><div class="spacer battle-history"><br></div><div class="battle-history">Omanyte used <strong>Spikes</strong>!<br></div><div class="battle-history"><small>Spikes were scattered on the ground all around the opposing team!</small><br></div><div class="spacer battle-history"><br></div><div class="battle-history"><small>The opposing Dwayne was hurt by its burn!</small><br></div><div class="spacer battle-history"><br></div><h2 class="battle-history">Turn 20</h2><div class="spacer battle-history"><br></div><div class="battle-history">The opposing Dwayne used <strong>Poison Jab</strong>!<br></div><div class="battle-history"><small>It's not very effective...</small><br></div><div class="battle-history"><small>(Omanyte lost <abbr title="−1/21">4.8%</abbr> of its health!)</small><br></div><div class="spacer battle-history"><br></div><div class="battle-history">Omanyte used <strong>Spikes</strong>!<br></div><div class="battle-history"><small>Spikes were scattered on the ground all around the opposing team!</small><br></div><div class="spacer battle-history"><br></div><div class="battle-history"><small>The opposing Dwayne was hurt by its burn!</small><br></div><div class="spacer battle-history"><br></div><h2 class="battle-history">Turn 21</h2><div class="spacer battle-history"><br></div><div class="battle-history">The opposing Dwayne used <strong>Poison Jab</strong>!<br></div><div class="battle-history"><small>It's not very effective...</small><br></div><div class="battle-history"><small>(Omanyte lost <abbr title="−1/21">4.8%</abbr> of its health!)</small><br></div><div class="battle-history"><small>Omanyte was poisoned!</small><br></div><div class="spacer battle-history"><br></div><div class="battle-history">Omanyte used <strong>Toxic Spikes</strong>!<br></div><div class="battle-history"><small>Poison spikes were scattered on the ground all around the opposing team!</small><br></div><div class="spacer battle-history"><br></div><div class="battle-history"><small>The opposing Dwayne was hurt by its burn!</small><br></div><div class="battle-history"><small>Omanyte was hurt by poison!</small><br></div><div class="spacer battle-history"><br></div><h2 class="battle-history">Turn 22</h2><div class="chat chatmessage-jackplayspkmn"><strong style="color:hsl(248,45%,62.916501255420286%)"><small>★</small><span class="username" data-name="JackPlaysPKMN">JackPlaysPKMN</span>:</strong> <em>and now when I need to poison it takes too long...</em></div><div class="spacer battle-history"><br></div><div class="battle-history">The opposing Dwayne used <strong>Poison Jab</strong>!<br></div><div class="battle-history"><small>It's not very effective...</small><br></div><div class="battle-history"><small>(Omanyte lost <abbr title="−1/21">4.8%</abbr> of its health!)</small><br></div><div class="spacer battle-history"><br></div><div class="battle-history">Omanyte used <strong>Scald</strong>!<br></div><div class="battle-history"><small>(The opposing Dwayne lost <abbr title="−3/23">13.0%</abbr> of its health!)</small><br></div><div class="spacer battle-history"><br></div><div class="battle-history">The opposing Dwayne fainted!<br></div><div class="spacer battle-history"><br></div><div class="battle-history"><small>Omanyte was hurt by poison!</small><br></div><div class="spacer battle-history"><br></div><div class="battle-history">JackPlaysPKMN sent out Pupper (<strong>Houndour</strong>)!<br></div><div class="battle-history"><small>The opposing Pupper was poisoned!</small><br></div><div class="battle-history"><small>Pointed stones dug into the opposing Pupper!</small><br></div><div class="battle-history"><small>The opposing Pupper is hurt by the spikes!</small><br></div><div class="spacer battle-history"><br></div><h2 class="battle-history">Turn 23</h2><div class="chat chatmessage-megaamphi"><strong style="color:hsl(233,75%,62.33452545163854%)"><small>★</small><span class="username" data-name="Mega-Amphi">Mega-Amphi</span>:</strong> <em>good luck !</em></div><div class="spacer battle-history"><br></div><div class="battle-history">The opposing Pupper used <strong>Dark Pulse</strong>!<br></div><div class="battle-history"><small>(Omanyte lost <abbr title="−5/21">23.8%</abbr> of its health!)</small><br></div><div class="spacer battle-history"><br></div><div class="battle-history">Omanyte fainted!<br></div><div class="spacer battle-history"><br></div><div class="battle-history"><small>The opposing Pupper was hurt by poison!</small><br></div><div class="chat chatmessage-jackplayspkmn"><strong style="color:hsl(248,45%,62.916501255420286%)"><small>★</small><span class="username" data-name="JackPlaysPKMN">JackPlaysPKMN</span>:</strong> <em>You too :)</em></div><div class="spacer battle-history"><br></div><div class="battle-history">Go! <strong>Electrike</strong>!<br></div><div class="spacer battle-history"><br></div><h2 class="battle-history">Turn 24</h2><div class="spacer battle-history"><br></div><div class="battle-history">The opposing Pupper used <strong>Flamethrower</strong>!<br></div><div class="battle-history"><small>(Electrike lost <abbr title="−8/20">40%</abbr> of its health!)</small><br></div><div class="spacer battle-history"><br></div><div class="battle-history">Electrike fainted!<br></div><div class="spacer battle-history"><br></div><div class="battle-history"><strong>JackPlaysPKMN</strong> won the battle!<br></div><div class="chat chatmessage-jackplayspkmn"><strong style="color:hsl(248,45%,62.916501255420286%)"><small>★</small><span class="username" data-name="JackPlaysPKMN">JackPlaysPKMN</span>:</strong> <em>Gg :)</em></div><div class="chat"><small>JackPlaysPKMN left.</small></div><div class="chat chatmessage-megaamphi"><strong style="color:hsl(233,75%,62.33452545163854%)"><small>★</small><span class="username" data-name="Mega-Amphi">Mega-Amphi</span>:</strong> <em>noooooooooo</em></div></div><div class="inner-preempt"></div></div></div>
</div>
<script>
let daily = Math.floor(Date.now()/1000/60/60/24);document.write('<script src="https://play.pokemonshowdown.com/js/replay-embed.js?version'+daily+'"></'+'script>');
</script>
