<!DOCTYPE html>
<meta charset="utf-8" />
<!-- version 1 -->
<title>LC replay: flaminMudkipz vs. WorstOfThemAll</title>
<style>
html,body {font-family:Verdana, sans-serif;font-size:10pt;margin:0;padding:0;}body{padding:12px 0;} .battle-log {font-family:Verdana, sans-serif;font-size:10pt;} .battle-log-inline {border:1px solid #AAAAAA;background:#EEF2F5;color:black;max-width:640px;margin:0 auto 80px;padding-bottom:5px;} .battle-log .inner {padding:4px 8px 0px 8px;} .battle-log .inner-preempt {padding:0 8px 4px 8px;} .battle-log .inner-after {margin-top:0.5em;} .battle-log h2 {margin:0.5em -8px;padding:4px 8px;border:1px solid #AAAAAA;background:#E0E7EA;border-left:0;border-right:0;font-family:Verdana, sans-serif;font-size:13pt;} .battle-log .chat {vertical-align:middle;padding:3px 0 3px 0;font-size:8pt;} .battle-log .chat strong {color:#40576A;} .battle-log .chat em {padding:1px 4px 1px 3px;color:#000000;font-style:normal;} .chat.mine {background:rgba(0,0,0,0.05);margin-left:-8px;margin-right:-8px;padding-left:8px;padding-right:8px;} .spoiler {color:#BBBBBB;background:#BBBBBB;padding:0px 3px;} .spoiler:hover, .spoiler:active, .spoiler-shown {color:#000000;background:#E2E2E2;padding:0px 3px;} .spoiler a {color:#BBBBBB;} .spoiler:hover a, .spoiler:active a, .spoiler-shown a {color:#2288CC;} .chat code, .chat .spoiler:hover code, .chat .spoiler:active code, .chat .spoiler-shown code {border:1px solid #C0C0C0;background:#EEEEEE;color:black;padding:0 2px;} .chat .spoiler code {border:1px solid #CCCCCC;background:#CCCCCC;color:#CCCCCC;} .battle-log .rated {padding:3px 4px;} .battle-log .rated strong {color:white;background:#89A;padding:1px 4px;border-radius:4px;} .spacer {margin-top:0.5em;} .message-announce {background:#6688AA;color:white;padding:1px 4px 2px;} .message-announce a, .broadcast-green a, .broadcast-blue a, .broadcast-red a {color:#DDEEFF;} .broadcast-green {background-color:#559955;color:white;padding:2px 4px;} .broadcast-blue {background-color:#6688AA;color:white;padding:2px 4px;} .infobox {border:1px solid #6688AA;padding:2px 4px;} .infobox-limited {max-height:200px;overflow:auto;overflow-x:hidden;} .broadcast-red {background-color:#AA5544;color:white;padding:2px 4px;} .message-learn-canlearn {font-weight:bold;color:#228822;text-decoration:underline;} .message-learn-cannotlearn {font-weight:bold;color:#CC2222;text-decoration:underline;} .message-effect-weak {font-weight:bold;color:#CC2222;} .message-effect-resist {font-weight:bold;color:#6688AA;} .message-effect-immune {font-weight:bold;color:#666666;} .message-learn-list {margin-top:0;margin-bottom:0;} .message-throttle-notice, .message-error {color:#992222;} .message-overflow, .chat small.message-overflow {font-size:0pt;} .message-overflow::before {font-size:9pt;content:'...';} .subtle {color:#3A4A66;}
</style>
<div class="wrapper replay-wrapper" style="max-width:1180px;margin:0 auto">
<input type="hidden" name="replayid" value="lc-539197772" />
<div class="battle"></div><div class="battle-log"></div><div class="replay-controls"></div><div class="replay-controls-2"></div>
<h1 style="font-weight:normal;text-align:center"><strong>LC</strong><br /><a href="http://pokemonshowdown.com/users/flaminmudkipz" class="subtle" target="_blank">flaminMudkipz</a> vs. <a href="http://pokemonshowdown.com/users/worstofthemall" class="subtle" target="_blank">WorstOfThemAll</a></h1>
<script type="text/plain" class="battle-log-data">|j|flaminMudkipz
|j|WorstOfThemAll
|player|p1|flaminMudkipz|66
|player|p2|WorstOfThemAll|113
|gametype|singles
|gen|6
|tier|LC
|seed|43295,57018,38856,30540
|clearpoke
|poke|p1|Aipom, L5, F|item
|poke|p1|Tirtouga, L5, F|item
|poke|p1|Mienfoo, L5, M|item
|poke|p1|Pawniard, L5, F|item
|poke|p1|Snivy, L5, M|item
|poke|p1|Abra, L5, M|item
|poke|p2|Golett, L5|item
|poke|p2|Houndour, L5, F|item
|poke|p2|Spritzee, L5, M|item
|poke|p2|Natu, L5, M|item
|poke|p2|Dwebble, L5, M|item
|poke|p2|Chespin, L5, F|item
|rule|Sleep Clause Mod: Limit one foe put to sleep
|rule|Species Clause: Limit one of each Pokémon
|rule|OHKO Clause: OHKO moves are banned
|rule|Moody Clause: Moody is banned
|rule|Evasion Moves Clause: Evasion moves are banned
|rule|Endless Battle Clause: Forcing endless battles is banned
|rule|HP Percentage Mod: HP is shown in percentages
|teampreview
|c|☆WorstOfThemAll|oh amn
|c|☆WorstOfThemAll|*man
|c|☆flaminMudkipz|oh man
|choice|team 2, team 1, team 3, team 4, team 5, team 6|team 5, team 2, team 3, team 4, team 1, team 6
|
|start
|switch|p1a: nemos dad|Tirtouga, L5, F|21\/21
|switch|p2a: Dwebble|Dwebble, L5, M|21\/21
|turn|1
|choice|move shellsmash|move shellsmash
|
|move|p2a: Dwebble|Shell Smash|p2a: Dwebble
|-unboost|p2a: Dwebble|def|1
|-unboost|p2a: Dwebble|spd|1
|-boost|p2a: Dwebble|atk|2
|-boost|p2a: Dwebble|spa|2
|-boost|p2a: Dwebble|spe|2
|move|p1a: nemos dad|Shell Smash|p1a: nemos dad
|-unboost|p1a: nemos dad|def|1
|-unboost|p1a: nemos dad|spd|1
|-boost|p1a: nemos dad|atk|2
|-boost|p1a: nemos dad|spa|2
|-boost|p1a: nemos dad|spe|2
|
|upkeep
|turn|2
|c|☆WorstOfThemAll|wow
|c|☆flaminMudkipz|<_<;
|choice|move waterfall|move stealthrock
|
|move|p2a: Dwebble|Stealth Rock|p1a: nemos dad
|-sidestart|p1: flaminMudkipz|move: Stealth Rock
|move|p1a: nemos dad|Waterfall|p2a: Dwebble
|-supereffective|p2a: Dwebble
|-ability|p2a: Dwebble|Sturdy
|-damage|p2a: Dwebble|1\/21
|-enditem|p2a: Dwebble|Berry Juice
|-heal|p2a: Dwebble|21\/21|[from] item: Berry Juice
|
|upkeep
|turn|3
|choice|move earthquake|move shellsmash
|
|move|p2a: Dwebble|Shell Smash|p2a: Dwebble
|-unboost|p2a: Dwebble|def|1
|-unboost|p2a: Dwebble|spd|1
|-boost|p2a: Dwebble|atk|2
|-boost|p2a: Dwebble|spa|2
|-boost|p2a: Dwebble|spe|2
|move|p1a: nemos dad|Earthquake|p2a: Dwebble
|-ability|p2a: Dwebble|Sturdy
|-damage|p2a: Dwebble|1\/21
|
|upkeep
|turn|4
|choice|move waterfall|move stoneedge
|
|move|p2a: Dwebble|Stone Edge|p1a: nemos dad|[miss]
|-miss|p2a: Dwebble|p1a: nemos dad
|move|p1a: nemos dad|Waterfall|p2a: Dwebble
|-supereffective|p2a: Dwebble
|-damage|p2a: Dwebble|0 fnt
|faint|p2a: Dwebble
|
|upkeep
|c|☆WorstOfThemAll|oh well
|choice||switch 6
|
|switch|p2a: Chespin|Chespin, L5, F|22\/22
|turn|5
|c|☆flaminMudkipz|shoganai
|c|☆flaminMudkipz|ffs bullet seed
|choice|move rockslide|move seedbomb
|
|move|p1a: nemos dad|Rock Slide|p2a: Chespin|[miss]
|-miss|p1a: nemos dad|p2a: Chespin
|move|p2a: Chespin|Seed Bomb|p1a: nemos dad
|-supereffective|p1a: nemos dad
|-ability|p1a: nemos dad|Sturdy
|-damage|p1a: nemos dad|1\/21
|-enditem|p1a: nemos dad|Berry Juice
|-heal|p1a: nemos dad|21\/21|[from] item: Berry Juice
|
|upkeep
|turn|6
|c|☆flaminMudkipz|well
|c|☆flaminMudkipz|oh
|choice|move rockslide|move seedbomb
|
|move|p1a: nemos dad|Rock Slide|p2a: Chespin|[miss]
|-miss|p1a: nemos dad|p2a: Chespin
|move|p2a: Chespin|Seed Bomb|p1a: nemos dad
|-supereffective|p1a: nemos dad
|-ability|p1a: nemos dad|Sturdy
|-damage|p1a: nemos dad|1\/21
|
|upkeep
|turn|7
|c|☆flaminMudkipz|ARE YOU SERIOUS
|choice|move rockslide|move drainpunch
|
|move|p1a: nemos dad|Rock Slide|p2a: Chespin
|-damage|p2a: Chespin|6\/22
|move|p2a: Chespin|Drain Punch|p1a: nemos dad
|-supereffective|p1a: nemos dad
|-damage|p1a: nemos dad|0 fnt
|-heal|p2a: Chespin|7\/22|[from] drain|[of] p1a: nemos dad
|faint|p1a: nemos dad
|
|upkeep
|choice|switch 2|
|
|switch|p1a: 3 hands|Aipom, L5, F|22\/22
|-damage|p1a: 3 hands|20\/22|[from] Stealth Rock
|turn|8
|choice|move fakeout|move drainpunch
|
|move|p1a: 3 hands|Fake Out|p2a: Chespin
|-damage|p2a: Chespin|3\/22
|cant|p2a: Chespin|flinch
|
|upkeep
|turn|9
|choice|move lastresort|move drainpunch
|
|move|p1a: 3 hands|Last Resort|p2a: Chespin
|-crit|p2a: Chespin
|-damage|p2a: Chespin|0 fnt
|faint|p2a: Chespin
|
|upkeep
|choice||switch 5
|
|switch|p2a: Golett|Golett, L5|22\/22
|turn|10
|choice|switch 4|move irondefense
|
|switch|p1a: Rook|Pawniard, L5, F|21\/21
|-damage|p1a: Rook|20\/21|[from] Stealth Rock
|move|p2a: Golett|Iron Defense|p2a: Golett
|-boost|p2a: Golett|def|2
|
|upkeep
|turn|11
|choice|move swordsdance|move drainpunch
|
|move|p1a: Rook|Swords Dance|p1a: Rook
|-boost|p1a: Rook|atk|2
|move|p2a: Golett|Drain Punch|p1a: Rook
|-supereffective|p1a: Rook
|-damage|p1a: Rook|0 fnt
|faint|p1a: Rook
|
|upkeep
|c|☆flaminMudkipz|.......
|choice|switch 5|
|
|switch|p1a: sneklord|Snivy, L5, M|21\/21
|-damage|p1a: sneklord|19\/21|[from] Stealth Rock
|turn|12
|c|☆WorstOfThemAll|hm
|choice|move leechseed|move drainpunch
|
|move|p1a: sneklord|Leech Seed|p2a: Golett
|-start|p2a: Golett|move: Leech Seed
|move|p2a: Golett|Drain Punch|p1a: sneklord
|-damage|p1a: sneklord|10\/21
|-enditem|p1a: sneklord|Berry Juice
|-heal|p1a: sneklord|21\/21|[from] item: Berry Juice
|
|-damage|p2a: Golett|20\/22|[from] Leech Seed|[of] p1a: sneklord
|upkeep
|turn|13
|c|☆flaminMudkipz|well fuck >_>
|choice|move substitute|switch 4
|
|switch|p2a: Natu|Natu, L5, M|21\/21
|move|p1a: sneklord|Substitute|p1a: sneklord
|-start|p1a: sneklord|Substitute
|-damage|p1a: sneklord|16\/21
|
|upkeep
|turn|14
|choice|move leechseed|move calmmind
|
|move|p1a: sneklord|Leech Seed|p2a: Natu
|move|p2a: Natu|Leech Seed|p1a: sneklord|[from]Magic Bounce|[miss]
|-miss|p2a: Natu|p1a: sneklord
|move|p2a: Natu|Calm Mind|p2a: Natu
|-boost|p2a: Natu|spa|1
|-boost|p2a: Natu|spd|1
|
|upkeep
|turn|15
|c|☆flaminMudkipz|oh
|c|☆flaminMudkipz|right
|choice|move leafstorm|move heatwave
|
|move|p1a: sneklord|Leaf Storm|p2a: Natu
|-resisted|p2a: Natu
|-damage|p2a: Natu|14\/21
|-boost|p1a: sneklord|spa|2
|move|p2a: Natu|Heat Wave|p1a: sneklord
|-supereffective|p1a: sneklord
|-end|p1a: sneklord|Substitute
|-damage|p2a: Natu|12\/21|[from] item: Life Orb
|
|upkeep
|turn|16
|choice|move leafstorm|move heatwave
|
|move|p1a: sneklord|Leaf Storm|p2a: Natu
|-resisted|p2a: Natu
|-damage|p2a: Natu|0 fnt
|-boost|p1a: sneklord|spa|2
|faint|p2a: Natu
|
|upkeep
|c|☆WorstOfThemAll|fuu
|choice||switch 2
|
|switch|p2a: Houndour|Houndour, L5, F|22\/22
|turn|17
|choice|move hiddenpower|move heatwave
|
|move|p2a: Houndour|Heat Wave|p1a: sneklord
|-supereffective|p1a: sneklord
|-damage|p1a: sneklord|0 fnt
|faint|p1a: sneklord
|
|upkeep
|choice|switch 3|
|
|switch|p1a: hwayah|Mienfoo, L5, M|21\/21
|-damage|p1a: hwayah|20\/21|[from] Stealth Rock
|turn|18
|choice|move fakeout|switch 4
|
|switch|p2a: Golett|Golett, L5|20\/22
|move|p1a: hwayah|Fake Out|p2a: Golett
|-immune|p2a: Golett|[msg]
|
|upkeep
|turn|19
|c|☆flaminMudkipz|ffs
|choice|move knockoff|move earthquake
|
|move|p1a: hwayah|Knock Off|p2a: Golett
|-supereffective|p2a: Golett
|-crit|p2a: Golett
|-damage|p2a: Golett|0 fnt
|-enditem|p2a: Golett|Eviolite|[from] move: Knock Off|[of] p1a: hwayah
|faint|p2a: Golett
|
|upkeep
|choice||switch 3
|
|switch|p2a: Spritzee|Spritzee, L5, M|27\/27
|turn|20
|choice|move poisonjab|move calmmind
|
|move|p1a: hwayah|Poison Jab|p2a: Spritzee
|-supereffective|p2a: Spritzee
|-damage|p2a: Spritzee|15\/27
|move|p2a: Spritzee|Calm Mind|p2a: Spritzee
|-boost|p2a: Spritzee|spa|1
|-boost|p2a: Spritzee|spd|1
|
|upkeep
|turn|21
|c|☆flaminMudkipz|rip
|choice|move knockoff|move moonblast
|
|move|p1a: hwayah|Knock Off|p2a: Spritzee
|-resisted|p2a: Spritzee
|-damage|p2a: Spritzee|11\/27
|-enditem|p2a: Spritzee|Eviolite|[from] move: Knock Off|[of] p1a: hwayah
|move|p2a: Spritzee|Moonblast|p1a: hwayah
|-supereffective|p1a: hwayah
|-damage|p1a: hwayah|0 fnt
|faint|p1a: hwayah
|
|upkeep
|choice|switch 6|
|
|switch|p1a: smol|Abra, L5, M|19\/19
|-damage|p1a: smol|17\/19|[from] Stealth Rock
|turn|22
|choice|move psychic|switch 4
|
|switch|p2a: Houndour|Houndour, L5, F|22\/22
|move|p1a: smol|Psychic|p2a: Houndour
|-immune|p2a: Houndour|[msg]
|
|upkeep
|turn|23
|choice|move dazzlinggleam|move darkpulse
|
|move|p1a: smol|Dazzling Gleam|p2a: Houndour
|-damage|p2a: Houndour|10\/22
|move|p2a: Houndour|Dark Pulse|p1a: smol
|-supereffective|p1a: smol
|-damage|p1a: smol|0 fnt
|faint|p1a: smol
|
|upkeep
|c|☆flaminMudkipz|shit
|choice|switch 4|
|
|switch|p1a: 3 hands|Aipom, L5, F|20\/22
|-damage|p1a: 3 hands|18\/22|[from] Stealth Rock
|turn|24
|choice|move fakeout|move darkpulse
|
|move|p1a: 3 hands|Fake Out|p2a: Houndour
|-damage|p2a: Houndour|0 fnt
|faint|p2a: Houndour
|
|upkeep
|c|☆flaminMudkipz|w-well
|choice||switch 4
|
|switch|p2a: Spritzee|Spritzee, L5, M|11\/27
|turn|25
|choice|move lastresort|move wish
|
|move|p1a: 3 hands|Last Resort|p2a: Spritzee
|-damage|p2a: Spritzee|0 fnt
|faint|p2a: Spritzee
|
|win|flaminMudkipz
|player|p1
|player|p2
|c|☆flaminMudkipz|gg
|c|☆WorstOfThemAll|oh man
|c|☆flaminMudkipz|oh man
|c|☆WorstOfThemAll|want another match?
|c|☆flaminMudkipz|sure</script>
</div>
<div class="battle-log battle-log-inline"><div class="inner"><div class="battle-options"></div><div class="inner"><div class="chat"><small>flaminMudkipz joined.</small></div><div class="chat"><small>WorstOfThemAll joined.</small></div><div class=""><small>Format:</small> <br><strong>LC</strong></div><div class=""><small><em>Sleep Clause Mod:</em> Limit one foe put to sleep</small></div><div class=""><small><em>Species Clause:</em> Limit one of each Pokémon</small></div><div class=""><small><em>OHKO Clause:</em> OHKO moves are banned</small></div><div class=""><small><em>Moody Clause:</em> Moody is banned</small></div><div class=""><small><em>Evasion Moves Clause:</em> Evasion moves are banned</small></div><div class=""><small><em>Endless Battle Clause:</em> Forcing endless battles is banned</small></div><div class=""><small><em>HP Percentage Mod:</em> HP is shown in percentages</small></div><div class="chat battle-history"><strong>flaminMudkipz's team:</strong> <em style="color:#445566;display:block;">Aipom / Tirtouga / Mienfoo / Pawniard / Snivy / Abra</em></div><div class="chat battle-history"><strong>WorstOfThemAll's team:</strong> <em style="color:#445566;display:block;">Golett / Houndour / Spritzee / Natu / Dwebble / Chespin</em></div><div class="chat chatmessage-worstofthemall"><strong style="color:hsl(137,71%,35%)"><small>☆</small><span class="username" data-name="WorstOfThemAll">WorstOfThemAll</span>:</strong> <em>oh amn</em></div><div class="chat chatmessage-worstofthemall"><strong style="color:hsl(137,71%,35%)"><small>☆</small><span class="username" data-name="WorstOfThemAll">WorstOfThemAll</span>:</strong> <em>*man</em></div><div class="chat chatmessage-flaminmudkipz"><strong style="color:hsl(287,84%,47%)"><small>☆</small><span class="username" data-name="flaminMudkipz">flaminMudkipz</span>:</strong> <em>oh man</em></div><div class="spacer battle-history"><br></div><div class="battle-history">Battle started between flaminMudkipz and WorstOfThemAll!<br></div><div class="spacer battle-history"><br></div><div class="battle-history">Go! nemos dad (<strong>Tirtouga</strong>)!<br></div><div class="spacer battle-history"><br></div><div class="battle-history">WorstOfThemAll sent out <strong>Dwebble</strong>!<br></div><div class="spacer battle-history"><br></div><h2 class="battle-history">Turn 1</h2><div class="spacer battle-history"><br></div><div class="battle-history">The opposing Dwebble used <strong>Shell Smash</strong>!<br></div><div class="battle-history"><small>The opposing Dwebble's Defense fell!</small><br></div><div class="battle-history"><small>The opposing Dwebble's Special Defense fell!</small><br></div><div class="battle-history"><small>The opposing Dwebble's Attack rose sharply!</small><br></div><div class="battle-history"><small>The opposing Dwebble's Special Attack rose sharply!</small><br></div><div class="battle-history"><small>The opposing Dwebble's Speed rose sharply!</small><br></div><div class="spacer battle-history"><br></div><div class="battle-history">nemos dad used <strong>Shell Smash</strong>!<br></div><div class="battle-history"><small>nemos dad's Defense fell!</small><br></div><div class="battle-history"><small>nemos dad's Special Defense fell!</small><br></div><div class="battle-history"><small>nemos dad's Attack rose sharply!</small><br></div><div class="battle-history"><small>nemos dad's Special Attack rose sharply!</small><br></div><div class="battle-history"><small>nemos dad's Speed rose sharply!</small><br></div><div class="spacer battle-history"><br></div><h2 class="battle-history">Turn 2</h2><div class="chat chatmessage-worstofthemall"><strong style="color:hsl(137,71%,35%)"><small>☆</small><span class="username" data-name="WorstOfThemAll">WorstOfThemAll</span>:</strong> <em>wow</em></div><div class="chat chatmessage-flaminmudkipz"><strong style="color:hsl(287,84%,47%)"><small>☆</small><span class="username" data-name="flaminMudkipz">flaminMudkipz</span>:</strong> <em>&lt;_&lt;;</em></div><div class="spacer battle-history"><br></div><div class="battle-history">The opposing Dwebble used <strong>Stealth Rock</strong>!<br></div><div class="battle-history"><small>Pointed stones float in the air around your team!</small><br></div><div class="spacer battle-history"><br></div><div class="battle-history">nemos dad used <strong>Waterfall</strong>!<br></div><div class="battle-history"><small>It's super effective!</small><br></div><div class="battle-history"><small>[The opposing Dwebble's Sturdy]</small><br><small>The opposing Dwebble endured the hit!</small><br></div><div class="battle-history"><small>(The opposing Dwebble lost <abbr title="−20/21">95.2%</abbr> of its health!)</small><br></div><div class="battle-history"><small>(The opposing Dwebble used its Berry Juice!)</small><br></div><div class="battle-history"><small>The opposing Dwebble restored HP using its Berry Juice!</small><br></div><div class="spacer battle-history"><br></div><h2 class="battle-history">Turn 3</h2><div class="spacer battle-history"><br></div><div class="battle-history">The opposing Dwebble used <strong>Shell Smash</strong>!<br></div><div class="battle-history"><small>The opposing Dwebble's Defense fell!</small><br></div><div class="battle-history"><small>The opposing Dwebble's Special Defense fell!</small><br></div><div class="battle-history"><small>The opposing Dwebble's Attack rose sharply!</small><br></div><div class="battle-history"><small>The opposing Dwebble's Special Attack rose sharply!</small><br></div><div class="battle-history"><small>The opposing Dwebble's Speed rose sharply!</small><br></div><div class="spacer battle-history"><br></div><div class="battle-history">nemos dad used <strong>Earthquake</strong>!<br></div><div class="battle-history"><small>[The opposing Dwebble's Sturdy]</small><br><small>The opposing Dwebble endured the hit!</small><br></div><div class="battle-history"><small>(The opposing Dwebble lost <abbr title="−20/21">95.2%</abbr> of its health!)</small><br></div><div class="spacer battle-history"><br></div><h2 class="battle-history">Turn 4</h2><div class="spacer battle-history"><br></div><div class="battle-history">The opposing Dwebble used <strong>Stone Edge</strong>!<br></div><div class="battle-history"><small>nemos dad avoided the attack!</small><br></div><div class="spacer battle-history"><br></div><div class="battle-history">nemos dad used <strong>Waterfall</strong>!<br></div><div class="battle-history"><small>It's super effective!</small><br></div><div class="battle-history"><small>(The opposing Dwebble lost <abbr title="−1/21">4.8%</abbr> of its health!)</small><br></div><div class="spacer battle-history"><br></div><div class="battle-history">The opposing Dwebble fainted!<br></div><div class="chat chatmessage-worstofthemall"><strong style="color:hsl(137,71%,35%)"><small>☆</small><span class="username" data-name="WorstOfThemAll">WorstOfThemAll</span>:</strong> <em>oh well</em></div><div class="spacer battle-history"><br></div><div class="battle-history">WorstOfThemAll sent out <strong>Chespin</strong>!<br></div><div class="spacer battle-history"><br></div><h2 class="battle-history">Turn 5</h2><div class="chat chatmessage-flaminmudkipz"><strong style="color:hsl(287,84%,47%)"><small>☆</small><span class="username" data-name="flaminMudkipz">flaminMudkipz</span>:</strong> <em>shoganai</em></div><div class="chat chatmessage-flaminmudkipz"><strong style="color:hsl(287,84%,47%)"><small>☆</small><span class="username" data-name="flaminMudkipz">flaminMudkipz</span>:</strong> <em>ffs bullet seed</em></div><div class="spacer battle-history"><br></div><div class="battle-history">nemos dad used <strong>Rock Slide</strong>!<br></div><div class="battle-history"><small>The opposing Chespin avoided the attack!</small><br></div><div class="spacer battle-history"><br></div><div class="battle-history">The opposing Chespin used <strong>Seed Bomb</strong>!<br></div><div class="battle-history"><small>It's super effective!</small><br></div><div class="battle-history"><small>[nemos dad's Sturdy]</small><br><small>nemos dad endured the hit!</small><br></div><div class="battle-history"><small>(nemos dad lost <abbr title="−20/21">95.2%</abbr> of its health!)</small><br></div><div class="battle-history"><small>(nemos dad used its Berry Juice!)</small><br></div><div class="battle-history"><small>nemos dad restored HP using its Berry Juice!</small><br></div><div class="spacer battle-history"><br></div><h2 class="battle-history">Turn 6</h2><div class="chat chatmessage-flaminmudkipz"><strong style="color:hsl(287,84%,47%)"><small>☆</small><span class="username" data-name="flaminMudkipz">flaminMudkipz</span>:</strong> <em>well</em></div><div class="chat chatmessage-flaminmudkipz"><strong style="color:hsl(287,84%,47%)"><small>☆</small><span class="username" data-name="flaminMudkipz">flaminMudkipz</span>:</strong> <em>oh</em></div><div class="spacer battle-history"><br></div><div class="battle-history">nemos dad used <strong>Rock Slide</strong>!<br></div><div class="battle-history"><small>The opposing Chespin avoided the attack!</small><br></div><div class="spacer battle-history"><br></div><div class="battle-history">The opposing Chespin used <strong>Seed Bomb</strong>!<br></div><div class="battle-history"><small>It's super effective!</small><br></div><div class="battle-history"><small>[nemos dad's Sturdy]</small><br><small>nemos dad endured the hit!</small><br></div><div class="battle-history"><small>(nemos dad lost <abbr title="−20/21">95.2%</abbr> of its health!)</small><br></div><div class="spacer battle-history"><br></div><h2 class="battle-history">Turn 7</h2><div class="chat chatmessage-flaminmudkipz"><strong style="color:hsl(287,84%,47%)"><small>☆</small><span class="username" data-name="flaminMudkipz">flaminMudkipz</span>:</strong> <em>ARE YOU SERIOUS</em></div><div class="spacer battle-history"><br></div><div class="battle-history">nemos dad used <strong>Rock Slide</strong>!<br></div><div class="battle-history"><small>(The opposing Chespin lost <abbr title="−16/22">72.7%</abbr> of its health!)</small><br></div><div class="spacer battle-history"><br></div><div class="battle-history">The opposing Chespin used <strong>Drain Punch</strong>!<br></div><div class="battle-history"><small>It's super effective!</small><br></div><div class="battle-history"><small>(nemos dad lost <abbr title="−1/21">4.8%</abbr> of its health!)</small><br></div><div class="battle-history"><small>nemos dad had its energy drained!</small><br></div><div class="spacer battle-history"><br></div><div class="battle-history">nemos dad fainted!<br></div><div class="spacer battle-history"><br></div><div class="battle-history">Go! 3 hands (<strong>Aipom</strong>)!<br></div><div class="battle-history"><small>Pointed stones dug into 3 hands!</small><br></div><div class="spacer battle-history"><br></div><h2 class="battle-history">Turn 8</h2><div class="spacer battle-history"><br></div><div class="battle-history">3 hands used <strong>Fake Out</strong>!<br></div><div class="battle-history"><small>(The opposing Chespin lost <abbr title="−4/22">18.2%</abbr> of its health!)</small><br></div><div class="spacer battle-history"><br></div><div class="battle-history">The opposing Chespin flinched and couldn't move!<br></div><div class="spacer battle-history"><br></div><h2 class="battle-history">Turn 9</h2><div class="spacer battle-history"><br></div><div class="battle-history">3 hands used <strong>Last Resort</strong>!<br></div><div class="battle-history"><small>A critical hit!</small><br></div><div class="battle-history"><small>(The opposing Chespin lost <abbr title="−3/22">13.6%</abbr> of its health!)</small><br></div><div class="spacer battle-history"><br></div><div class="battle-history">The opposing Chespin fainted!<br></div><div class="spacer battle-history"><br></div><div class="battle-history">WorstOfThemAll sent out <strong>Golett</strong>!<br></div><div class="spacer battle-history"><br></div><h2 class="battle-history">Turn 10</h2><div class="spacer battle-history"><br></div><div class="battle-history">3 hands, come back!<br></div><div class="battle-history">Go! Rook (<strong>Pawniard</strong>)!<br></div><div class="battle-history"><small>Pointed stones dug into Rook!</small><br></div><div class="spacer battle-history"><br></div><div class="battle-history">The opposing Golett used <strong>Iron Defense</strong>!<br></div><div class="battle-history"><small>The opposing Golett's Defense rose sharply!</small><br></div><div class="spacer battle-history"><br></div><h2 class="battle-history">Turn 11</h2><div class="spacer battle-history"><br></div><div class="battle-history">Rook used <strong>Swords Dance</strong>!<br></div><div class="battle-history"><small>Rook's Attack rose sharply!</small><br></div><div class="spacer battle-history"><br></div><div class="battle-history">The opposing Golett used <strong>Drain Punch</strong>!<br></div><div class="battle-history"><small>It's super effective!</small><br></div><div class="battle-history"><small>(Rook lost <abbr title="−20/21">95.2%</abbr> of its health!)</small><br></div><div class="spacer battle-history"><br></div><div class="battle-history">Rook fainted!<br></div><div class="chat chatmessage-flaminmudkipz"><strong style="color:hsl(287,84%,47%)"><small>☆</small><span class="username" data-name="flaminMudkipz">flaminMudkipz</span>:</strong> <em>.......</em></div><div class="spacer battle-history"><br></div><div class="battle-history">Go! sneklord (<strong>Snivy</strong>)!<br></div><div class="battle-history"><small>Pointed stones dug into sneklord!</small><br></div><div class="spacer battle-history"><br></div><h2 class="battle-history">Turn 12</h2><div class="chat chatmessage-worstofthemall"><strong style="color:hsl(137,71%,35%)"><small>☆</small><span class="username" data-name="WorstOfThemAll">WorstOfThemAll</span>:</strong> <em>hm</em></div><div class="spacer battle-history"><br></div><div class="battle-history">sneklord used <strong>Leech Seed</strong>!<br></div><div class="battle-history"><small>The opposing Golett was seeded!</small><br></div><div class="spacer battle-history"><br></div><div class="battle-history">The opposing Golett used <strong>Drain Punch</strong>!<br></div><div class="battle-history"><small>(sneklord lost <abbr title="−9/21">42.9%</abbr> of its health!)</small><br></div><div class="battle-history"><small>(sneklord used its Berry Juice!)</small><br></div><div class="battle-history"><small>sneklord restored HP using its Berry Juice!</small><br></div><div class="spacer battle-history"><br></div><div class="battle-history"><small>The opposing Golett's health is sapped by Leech Seed!</small><br></div><div class="spacer battle-history"><br></div><h2 class="battle-history">Turn 13</h2><div class="chat chatmessage-flaminmudkipz"><strong style="color:hsl(287,84%,47%)"><small>☆</small><span class="username" data-name="flaminMudkipz">flaminMudkipz</span>:</strong> <em>well fuck &gt;_&gt;</em></div><div class="spacer battle-history"><br></div><div class="battle-history">WorstOfThemAll withdrew Golett!<br></div><div class="battle-history">WorstOfThemAll sent out <strong>Natu</strong>!<br></div><div class="spacer battle-history"><br></div><div class="battle-history">sneklord used <strong>Substitute</strong>!<br></div><div class="battle-history"><small>sneklord put in a substitute!</small><br></div><div class="battle-history"><small>(sneklord lost <abbr title="−5/21">23.8%</abbr> of its health!)</small><br></div><div class="spacer battle-history"><br></div><h2 class="battle-history">Turn 14</h2><div class="spacer battle-history"><br></div><div class="battle-history">sneklord used <strong>Leech Seed</strong>!<br></div><div class="spacer battle-history"><br></div><div class="battle-history"><small>[The opposing Natu's Magic Bounce]</small><br>The opposing Natu bounced the Leech Seed back!<br></div><div class="battle-history"><small>sneklord avoided the attack!</small><br></div><div class="spacer battle-history"><br></div><div class="battle-history">The opposing Natu used <strong>Calm Mind</strong>!<br></div><div class="battle-history"><small>The opposing Natu's Special Attack rose!</small><br></div><div class="battle-history"><small>The opposing Natu's Special Defense rose!</small><br></div><div class="spacer battle-history"><br></div><h2 class="battle-history">Turn 15</h2><div class="chat chatmessage-flaminmudkipz"><strong style="color:hsl(287,84%,47%)"><small>☆</small><span class="username" data-name="flaminMudkipz">flaminMudkipz</span>:</strong> <em>oh</em></div><div class="chat chatmessage-flaminmudkipz"><strong style="color:hsl(287,84%,47%)"><small>☆</small><span class="username" data-name="flaminMudkipz">flaminMudkipz</span>:</strong> <em>right</em></div><div class="spacer battle-history"><br></div><div class="battle-history">sneklord used <strong>Leaf Storm</strong>!<br></div><div class="battle-history"><small>It's not very effective...</small><br></div><div class="battle-history"><small>(The opposing Natu lost <abbr title="−7/21">33.3%</abbr> of its health!)</small><br></div><div class="battle-history"><small>sneklord's Special Attack rose sharply!</small><br></div><div class="spacer battle-history"><br></div><div class="battle-history">The opposing Natu used <strong>Heat Wave</strong>!<br></div><div class="battle-history"><small>It's super effective!</small><br></div><div class="battle-history"><small>sneklord's substitute faded!</small><br></div><div class="battle-history"><small>The opposing Natu lost some of its HP!</small><br></div><div class="spacer battle-history"><br></div><h2 class="battle-history">Turn 16</h2><div class="spacer battle-history"><br></div><div class="battle-history">sneklord used <strong>Leaf Storm</strong>!<br></div><div class="battle-history"><small>It's not very effective...</small><br></div><div class="battle-history"><small>(The opposing Natu lost <abbr title="−12/21">57.1%</abbr> of its health!)</small><br></div><div class="battle-history"><small>sneklord's Special Attack rose sharply!</small><br></div><div class="spacer battle-history"><br></div><div class="battle-history">The opposing Natu fainted!<br></div><div class="chat chatmessage-worstofthemall"><strong style="color:hsl(137,71%,35%)"><small>☆</small><span class="username" data-name="WorstOfThemAll">WorstOfThemAll</span>:</strong> <em>fuu</em></div><div class="spacer battle-history"><br></div><div class="battle-history">WorstOfThemAll sent out <strong>Houndour</strong>!<br></div><div class="spacer battle-history"><br></div><h2 class="battle-history">Turn 17</h2><div class="spacer battle-history"><br></div><div class="battle-history">The opposing Houndour used <strong>Heat Wave</strong>!<br></div><div class="battle-history"><small>It's super effective!</small><br></div><div class="battle-history"><small>(sneklord lost <abbr title="−16/21">76.2%</abbr> of its health!)</small><br></div><div class="spacer battle-history"><br></div><div class="battle-history">sneklord fainted!<br></div><div class="spacer battle-history"><br></div><div class="battle-history">Go! hwayah (<strong>Mienfoo</strong>)!<br></div><div class="battle-history"><small>Pointed stones dug into hwayah!</small><br></div><div class="spacer battle-history"><br></div><h2 class="battle-history">Turn 18</h2><div class="spacer battle-history"><br></div><div class="battle-history">WorstOfThemAll withdrew Houndour!<br></div><div class="battle-history">WorstOfThemAll sent out <strong>Golett</strong>!<br></div><div class="spacer battle-history"><br></div><div class="battle-history">hwayah used <strong>Fake Out</strong>!<br></div><div class="battle-history"><small>It doesn't affect the opposing Golett...</small><br></div><div class="spacer battle-history"><br></div><h2 class="battle-history">Turn 19</h2><div class="chat chatmessage-flaminmudkipz"><strong style="color:hsl(287,84%,47%)"><small>☆</small><span class="username" data-name="flaminMudkipz">flaminMudkipz</span>:</strong> <em>ffs</em></div><div class="spacer battle-history"><br></div><div class="battle-history">hwayah used <strong>Knock Off</strong>!<br></div><div class="battle-history"><small>It's super effective!</small><br></div><div class="battle-history"><small>A critical hit!</small><br></div><div class="battle-history"><small>(The opposing Golett lost <abbr title="−20/22">90.9%</abbr> of its health!)</small><br></div><div class="battle-history"><small>hwayah knocked off the opposing Golett's Eviolite!</small><br></div><div class="spacer battle-history"><br></div><div class="battle-history">The opposing Golett fainted!<br></div><div class="spacer battle-history"><br></div><div class="battle-history">WorstOfThemAll sent out <strong>Spritzee</strong>!<br></div><div class="spacer battle-history"><br></div><h2 class="battle-history">Turn 20</h2><div class="spacer battle-history"><br></div><div class="battle-history">hwayah used <strong>Poison Jab</strong>!<br></div><div class="battle-history"><small>It's super effective!</small><br></div><div class="battle-history"><small>(The opposing Spritzee lost <abbr title="−12/27">44.4%</abbr> of its health!)</small><br></div><div class="spacer battle-history"><br></div><div class="battle-history">The opposing Spritzee used <strong>Calm Mind</strong>!<br></div><div class="battle-history"><small>The opposing Spritzee's Special Attack rose!</small><br></div><div class="battle-history"><small>The opposing Spritzee's Special Defense rose!</small><br></div><div class="spacer battle-history"><br></div><h2 class="battle-history">Turn 21</h2><div class="chat chatmessage-flaminmudkipz"><strong style="color:hsl(287,84%,47%)"><small>☆</small><span class="username" data-name="flaminMudkipz">flaminMudkipz</span>:</strong> <em>rip</em></div><div class="spacer battle-history"><br></div><div class="battle-history">hwayah used <strong>Knock Off</strong>!<br></div><div class="battle-history"><small>It's not very effective...</small><br></div><div class="battle-history"><small>(The opposing Spritzee lost <abbr title="−4/27">14.8%</abbr> of its health!)</small><br></div><div class="battle-history"><small>hwayah knocked off the opposing Spritzee's Eviolite!</small><br></div><div class="spacer battle-history"><br></div><div class="battle-history">The opposing Spritzee used <strong>Moonblast</strong>!<br></div><div class="battle-history"><small>It's super effective!</small><br></div><div class="battle-history"><small>(hwayah lost <abbr title="−20/21">95.2%</abbr> of its health!)</small><br></div><div class="spacer battle-history"><br></div><div class="battle-history">hwayah fainted!<br></div><div class="spacer battle-history"><br></div><div class="battle-history">Go! smol (<strong>Abra</strong>)!<br></div><div class="battle-history"><small>Pointed stones dug into smol!</small><br></div><div class="spacer battle-history"><br></div><h2 class="battle-history">Turn 22</h2><div class="spacer battle-history"><br></div><div class="battle-history">WorstOfThemAll withdrew Spritzee!<br></div><div class="battle-history">WorstOfThemAll sent out <strong>Houndour</strong>!<br></div><div class="spacer battle-history"><br></div><div class="battle-history">smol used <strong>Psychic</strong>!<br></div><div class="battle-history"><small>It doesn't affect the opposing Houndour...</small><br></div><div class="spacer battle-history"><br></div><h2 class="battle-history">Turn 23</h2><div class="spacer battle-history"><br></div><div class="battle-history">smol used <strong>Dazzling Gleam</strong>!<br></div><div class="battle-history"><small>(The opposing Houndour lost <abbr title="−12/22">54.5%</abbr> of its health!)</small><br></div><div class="spacer battle-history"><br></div><div class="battle-history">The opposing Houndour used <strong>Dark Pulse</strong>!<br></div><div class="battle-history"><small>It's super effective!</small><br></div><div class="battle-history"><small>(smol lost <abbr title="−17/19">89.5%</abbr> of its health!)</small><br></div><div class="spacer battle-history"><br></div><div class="battle-history">smol fainted!<br></div><div class="chat chatmessage-flaminmudkipz"><strong style="color:hsl(287,84%,47%)"><small>☆</small><span class="username" data-name="flaminMudkipz">flaminMudkipz</span>:</strong> <em>shit</em></div><div class="spacer battle-history"><br></div><div class="battle-history">Go! 3 hands (<strong>Aipom</strong>)!<br></div><div class="battle-history"><small>Pointed stones dug into 3 hands!</small><br></div><div class="spacer battle-history"><br></div><h2 class="battle-history">Turn 24</h2><div class="spacer battle-history"><br></div><div class="battle-history">3 hands used <strong>Fake Out</strong>!<br></div><div class="battle-history"><small>(The opposing Houndour lost <abbr title="−10/22">45.5%</abbr> of its health!)</small><br></div><div class="spacer battle-history"><br></div><div class="battle-history">The opposing Houndour fainted!<br></div><div class="chat chatmessage-flaminmudkipz"><strong style="color:hsl(287,84%,47%)"><small>☆</small><span class="username" data-name="flaminMudkipz">flaminMudkipz</span>:</strong> <em>w-well</em></div><div class="spacer battle-history"><br></div><div class="battle-history">WorstOfThemAll sent out <strong>Spritzee</strong>!<br></div><div class="spacer battle-history"><br></div><h2 class="battle-history">Turn 25</h2><div class="spacer battle-history"><br></div><div class="battle-history">3 hands used <strong>Last Resort</strong>!<br></div><div class="battle-history"><small>(The opposing Spritzee lost <abbr title="−11/27">40.7%</abbr> of its health!)</small><br></div><div class="spacer battle-history"><br></div><div class="battle-history">The opposing Spritzee fainted!<br></div><div class="spacer battle-history"><br></div><div class="battle-history"><strong>flaminMudkipz</strong> won the battle!<br></div><div class="chat chatmessage-flaminmudkipz"><strong style="color:hsl(287,84%,47%)"><small>☆</small><span class="username" data-name="flaminMudkipz">flaminMudkipz</span>:</strong> <em>gg</em></div><div class="chat chatmessage-worstofthemall"><strong style="color:hsl(137,71%,35%)"><small>☆</small><span class="username" data-name="WorstOfThemAll">WorstOfThemAll</span>:</strong> <em>oh man</em></div><div class="chat chatmessage-flaminmudkipz"><strong style="color:hsl(287,84%,47%)"><small>☆</small><span class="username" data-name="flaminMudkipz">flaminMudkipz</span>:</strong> <em>oh man</em></div><div class="chat chatmessage-worstofthemall"><strong style="color:hsl(137,71%,35%)"><small>☆</small><span class="username" data-name="WorstOfThemAll">WorstOfThemAll</span>:</strong> <em>want another match?</em></div><div class="chat chatmessage-flaminmudkipz"><strong style="color:hsl(287,84%,47%)"><small>☆</small><span class="username" data-name="flaminMudkipz">flaminMudkipz</span>:</strong> <em>sure</em></div></div><div class="inner-preempt"></div></div></div>
</div>
<script>
let daily = Math.floor(Date.now()/1000/60/60/24);document.write('<script src="https://play.pokemonshowdown.com/js/replay-embed.js?version'+daily+'"></'+'script>');
</script>
