<!DOCTYPE html>
<meta charset="utf-8" />
<!-- version 1 -->
<title>LC replay: AlexGTE vs. Distilled Jhin</title>
<style>
html,body {font-family:Verdana, sans-serif;font-size:10pt;margin:0;padding:0;}body{padding:12px 0;} .battle-log {font-family:Verdana, sans-serif;font-size:10pt;} .battle-log-inline {border:1px solid #AAAAAA;background:#EEF2F5;color:black;max-width:640px;margin:0 auto 80px;padding-bottom:5px;} .battle-log .inner {padding:4px 8px 0px 8px;} .battle-log .inner-preempt {padding:0 8px 4px 8px;} .battle-log .inner-after {margin-top:0.5em;} .battle-log h2 {margin:0.5em -8px;padding:4px 8px;border:1px solid #AAAAAA;background:#E0E7EA;border-left:0;border-right:0;font-family:Verdana, sans-serif;font-size:13pt;} .battle-log .chat {vertical-align:middle;padding:3px 0 3px 0;font-size:8pt;} .battle-log .chat strong {color:#40576A;} .battle-log .chat em {padding:1px 4px 1px 3px;color:#000000;font-style:normal;} .chat.mine {background:rgba(0,0,0,0.05);margin-left:-8px;margin-right:-8px;padding-left:8px;padding-right:8px;} .spoiler {color:#BBBBBB;background:#BBBBBB;padding:0px 3px;} .spoiler:hover, .spoiler:active, .spoiler-shown {color:#000000;background:#E2E2E2;padding:0px 3px;} .spoiler a {color:#BBBBBB;} .spoiler:hover a, .spoiler:active a, .spoiler-shown a {color:#2288CC;} .chat code, .chat .spoiler:hover code, .chat .spoiler:active code, .chat .spoiler-shown code {border:1px solid #C0C0C0;background:#EEEEEE;color:black;padding:0 2px;} .chat .spoiler code {border:1px solid #CCCCCC;background:#CCCCCC;color:#CCCCCC;} .battle-log .rated {padding:3px 4px;} .battle-log .rated strong {color:white;background:#89A;padding:1px 4px;border-radius:4px;} .spacer {margin-top:0.5em;} .message-announce {background:#6688AA;color:white;padding:1px 4px 2px;} .message-announce a, .broadcast-green a, .broadcast-blue a, .broadcast-red a {color:#DDEEFF;} .broadcast-green {background-color:#559955;color:white;padding:2px 4px;} .broadcast-blue {background-color:#6688AA;color:white;padding:2px 4px;} .infobox {border:1px solid #6688AA;padding:2px 4px;} .infobox-limited {max-height:200px;overflow:auto;overflow-x:hidden;} .broadcast-red {background-color:#AA5544;color:white;padding:2px 4px;} .message-learn-canlearn {font-weight:bold;color:#228822;text-decoration:underline;} .message-learn-cannotlearn {font-weight:bold;color:#CC2222;text-decoration:underline;} .message-effect-weak {font-weight:bold;color:#CC2222;} .message-effect-resist {font-weight:bold;color:#6688AA;} .message-effect-immune {font-weight:bold;color:#666666;} .message-learn-list {margin-top:0;margin-bottom:0;} .message-throttle-notice, .message-error {color:#992222;} .message-overflow, .chat small.message-overflow {font-size:0pt;} .message-overflow::before {font-size:9pt;content:'...';} .subtle {color:#3A4A66;}
</style>
<div class="wrapper replay-wrapper" style="max-width:1180px;margin:0 auto">
<input type="hidden" name="replayid" value="lc-483878202" />
<div class="battle"></div><div class="battle-log"></div><div class="replay-controls"></div><div class="replay-controls-2"></div>
<h1 style="font-weight:normal;text-align:center"><strong>LC</strong><br /><a href="http://pokemonshowdown.com/users/alexgte" class="subtle" target="_blank">AlexGTE</a> vs. <a href="http://pokemonshowdown.com/users/distilledjhin" class="subtle" target="_blank">Distilled Jhin</a></h1>
<script type="text/plain" class="battle-log-data">|j|AlexGTE
|j|Distilled Jhin
|player|p1|AlexGTE|260
|player|p2|Distilled Jhin|107
|gametype|singles
|gen|6
|tier|LC
|seed|9799,11638,40634,19788
|clearpoke
|poke|p1|Cubone, L5, M|item
|poke|p1|Charmander, L5, F, shiny|item
|poke|p1|Cranidos, L5, M, shiny|item
|poke|p1|Purrloin, L5, M|item
|poke|p1|Treecko, L5, F|item
|poke|p1|Voltorb, L5, shiny|item
|poke|p2|Abra, L5, M|item
|poke|p2|Houndour, L5, F|item
|poke|p2|Skiddo, L5, M|item
|poke|p2|Dratini, L5, M|item
|poke|p2|Carvanha, L5, M|item
|poke|p2|Aron, L5, F|item
|rule|Sleep Clause Mod: Limit one foe put to sleep
|rule|Species Clause: Limit one of each Pokémon
|rule|OHKO Clause: OHKO moves are banned
|rule|Moody Clause: Moody is banned
|rule|Evasion Moves Clause: Evasion moves are banned
|rule|Endless Battle Clause: Forcing endless battles is banned
|rule|HP Percentage Mod: HP is shown in percentages
|teampreview
|c|★Distilled Jhin|gl
|j|Inuzuna
|choice|team 4, team 2, team 3, team 1, team 5, team 6|team 6, team 2, team 3, team 4, team 5, team 1
|
|start
|switch|p1a: Purple Alex|Purrloin, L5, M|20\/20
|switch|p2a: AAron|Aron, L5, F|21\/21
|turn|1
|choice|move thunderwave|move stealthrock
|
|move|p1a: Purple Alex|Thunder Wave|p2a: AAron
|-status|p2a: AAron|par
|move|p2a: AAron|Stealth Rock|p1a: Purple Alex
|-sidestart|p1: AlexGTE|move: Stealth Rock
|
|turn|2
|choice|move suckerpunch|move earthquake
|
|move|p1a: Purple Alex|Sucker Punch|p2a: AAron
|-damage|p2a: AAron|12\/21 par
|move|p2a: AAron|Earthquake|p1a: Purple Alex
|-crit|p1a: Purple Alex
|-damage|p1a: Purple Alex|2\/20
|
|turn|3
|choice|move suckerpunch|move earthquake
|
|move|p1a: Purple Alex|Sucker Punch|p2a: AAron
|-damage|p2a: AAron|2\/21 par
|-enditem|p2a: AAron|Berry Juice
|-heal|p2a: AAron|21\/21 par|[from] item: Berry Juice
|move|p2a: AAron|Earthquake|p1a: Purple Alex
|-damage|p1a: Purple Alex|0 fnt
|faint|p1a: Purple Alex
|
|choice|switch 2|
|
|switch|p1a: V_Rage|Charmander, L5, F, shiny|21\/21
|-damage|p1a: V_Rage|16\/21|[from] Stealth Rock
|turn|4
|choice|move flamethrower|move earthquake
|
|move|p1a: V_Rage|Flamethrower|p2a: AAron
|-damage|p2a: AAron|9\/21 par
|cant|p2a: AAron|par
|
|turn|5
|choice|move flamethrower|move earthquake
|
|move|p1a: V_Rage|Flamethrower|p2a: AAron
|-damage|p2a: AAron|0 fnt
|faint|p2a: AAron
|
|choice||switch 4
|
|switch|p2a: Dildo|Dratini, L5, M|20\/20
|turn|6
|choice|switch 3|move dragondance
|
|switch|p1a: Ojama Black|Cranidos, L5, M, shiny|23\/23
|-damage|p1a: Ojama Black|21\/23|[from] Stealth Rock
|move|p2a: Dildo|Dragon Dance|p2a: Dildo
|-boost|p2a: Dildo|atk|1
|-boost|p2a: Dildo|spe|1
|
|turn|7
|choice|move ironhead|move waterfall
|
|move|p1a: Ojama Black|Iron Head|p2a: Dildo
|-damage|p2a: Dildo|10\/20
|move|p2a: Dildo|Waterfall|p1a: Ojama Black
|-supereffective|p1a: Ojama Black
|-damage|p1a: Ojama Black|1\/23
|
|turn|8
|choice|move ironhead|move waterfall
|
|move|p1a: Ojama Black|Iron Head|p2a: Dildo
|-damage|p2a: Dildo|0 fnt
|faint|p2a: Dildo
|
|j|AckAttack
|choice||switch 2
|
|switch|p2a: BORK|Houndour, L5, F|21\/21
|turn|9
|choice|move ironhead|move darkpulse
|
|move|p2a: BORK|Dark Pulse|p1a: Ojama Black
|-crit|p1a: Ojama Black
|-damage|p1a: Ojama Black|0 fnt
|faint|p1a: Ojama Black
|
|choice|switch 6|
|
|switch|p1a: Gret Baul|Voltorb, L5, shiny|20\/20
|-damage|p1a: Gret Baul|18\/20|[from] Stealth Rock
|turn|10
|choice|move thunderbolt|move darkpulse
|
|move|p1a: Gret Baul|Thunderbolt|p2a: BORK
|-damage|p2a: BORK|8\/21
|move|p2a: BORK|Dark Pulse|p1a: Gret Baul
|-damage|p1a: Gret Baul|2\/20
|
|turn|11
|choice|move thunderbolt|switch 3
|
|switch|p2a: Gadget|Skiddo, L5, M|23\/23
|move|p1a: Gret Baul|Thunderbolt|p2a: Gadget
|-resisted|p2a: Gadget
|-damage|p2a: Gadget|18\/23
|
|turn|12
|j|NathanDevious
|choice|switch 3|move hornleech
|
|switch|p1a: V_Rage|Charmander, L5, F, shiny|16\/21
|-damage|p1a: V_Rage|11\/21|[from] Stealth Rock
|move|p2a: Gadget|Horn Leech|p1a: V_Rage
|-resisted|p1a: V_Rage
|-damage|p1a: V_Rage|4\/21
|-heal|p2a: Gadget|22\/23|[from] drain|[of] p1a: V_Rage
|
|turn|13
|j|TheEpicKyo
|choice|move flamethrower|switch 3
|
|switch|p2a: BORK|Houndour, L5, F|8\/21
|move|p1a: V_Rage|Flamethrower|p2a: BORK
|-start|p2a: BORK|ability: Flash Fire
|
|turn|14
|c| NathanDevious|vrage needs to die
|choice|move flamethrower|move flamethrower
|
|move|p2a: BORK|Flamethrower|p1a: V_Rage
|-resisted|p1a: V_Rage
|-damage|p1a: V_Rage|0 fnt
|faint|p1a: V_Rage
|
|choice|switch 3|
|
|switch|p1a: Gret Baul|Voltorb, L5, shiny|2\/20
|-damage|p1a: Gret Baul|0 fnt|[from] Stealth Rock
|faint|p1a: Gret Baul
|choice|switch 4|
|
|switch|p1a: Revenge|Cubone, L5, M|21\/21
|-damage|p1a: Revenge|20\/21|[from] Stealth Rock
|turn|15
|choice|move brickbreak|switch 3
|
|-end|p2a: BORK|ability: Flash Fire|[silent]
|switch|p2a: Gadget|Skiddo, L5, M|22\/23
|move|p1a: Revenge|Brick Break|p2a: Gadget
|-damage|p2a: Gadget|16\/23
|
|turn|16
|choice|move brickbreak|move hornleech
|
|move|p1a: Revenge|Brick Break|p2a: Gadget
|-damage|p2a: Gadget|10\/23
|move|p2a: Gadget|Horn Leech|p1a: Revenge
|-supereffective|p1a: Revenge
|-damage|p1a: Revenge|2\/21
|-heal|p2a: Gadget|19\/23|[from] drain|[of] p1a: Revenge
|
|turn|17
|choice|move brickbreak|move hornleech
|
|move|p2a: Gadget|Horn Leech|p1a: Revenge
|-supereffective|p1a: Revenge
|-damage|p1a: Revenge|0 fnt
|-heal|p2a: Gadget|20\/23|[from] drain|[of] p1a: Revenge
|faint|p1a: Revenge
|
|choice|switch 5|
|
|switch|p1a: Eduj|Treecko, L5, F|20\/20
|-damage|p1a: Eduj|18\/20|[from] Stealth Rock
|turn|18
|c|★Distilled Jhin|looks like I gotta kill myself
|choice|move poweruppunch|move return
|
|move|p1a: Eduj|Power-Up Punch|p2a: Gadget
|-crit|p2a: Gadget
|-damage|p2a: Gadget|14\/23
|-boost|p1a: Eduj|atk|1
|move|p2a: Gadget|Return|p1a: Eduj
|-damage|p1a: Eduj|3\/20
|
|turn|19
|c|★AlexGTE|everything but my purrloin is choice scarfed
|c| NathanDevious|lol
|c|★AlexGTE|i was like what the hell why not
|c|★AlexGTE|shut up nathan
|choice|move poweruppunch|move return
|
|move|p1a: Eduj|Power-Up Punch|p2a: Gadget
|-damage|p2a: Gadget|8\/23
|-boost|p1a: Eduj|atk|1
|move|p2a: Gadget|Return|p1a: Eduj
|-damage|p1a: Eduj|0 fnt
|faint|p1a: Eduj
|
|win|Distilled Jhin
|c| NathanDevious|ok
|player|p1
|player|p2
|c|★Distilled Jhin|I did think you were outspeeding me way too often xD
|c|★Distilled Jhin|gg
|c| AckAttack|gg guys
|c|★AlexGTE|gg
|c| Inuzuna|I applaud you both
|c|★Distilled Jhin|only had a scarf on houndoom xD</script>
</div>
<div class="battle-log battle-log-inline"><div class="inner"><div class="battle-options"></div><div class="inner"><div class="chat"><small>AlexGTE joined.</small></div><div class="chat"><small>Distilled Jhin joined.</small></div><div class=""><small>Format:</small> <br><strong>LC</strong></div><div class=""><small><em>Sleep Clause Mod:</em> Limit one foe put to sleep</small></div><div class=""><small><em>Species Clause:</em> Limit one of each Pokémon</small></div><div class=""><small><em>OHKO Clause:</em> OHKO moves are banned</small></div><div class=""><small><em>Moody Clause:</em> Moody is banned</small></div><div class=""><small><em>Evasion Moves Clause:</em> Evasion moves are banned</small></div><div class=""><small><em>Endless Battle Clause:</em> Forcing endless battles is banned</small></div><div class=""><small><em>HP Percentage Mod:</em> HP is shown in percentages</small></div><div class="chat battle-history"><strong>AlexGTE's team:</strong> <em style="color:#445566;display:block;">Cubone / Charmander / Cranidos / Purrloin / Treecko / Voltorb</em></div><div class="chat battle-history"><strong>Distilled Jhin's team:</strong> <em style="color:#445566;display:block;">Abra / Houndour / Skiddo / Dratini / Carvanha / Aron</em></div><div class="chat chatmessage-distilledjhin"><strong style="color:hsl(234,66%,61.759693712738915%)"><small>★</small><span class="username" data-name="Distilled Jhin">Distilled Jhin</span>:</strong> <em>gl</em></div><div class="chat"><small>Inuzuna joined.</small></div><div class="spacer battle-history"><br></div><div class="battle-history">Battle started between AlexGTE and Distilled Jhin!<br></div><div class="spacer battle-history"><br></div><div class="battle-history">Go! Purple Alex (<strong>Purrloin</strong>)!<br></div><div class="spacer battle-history"><br></div><div class="battle-history">Distilled Jhin sent out AAron (<strong>Aron</strong>)!<br></div><div class="spacer battle-history"><br></div><h2 class="battle-history">Turn 1</h2><div class="spacer battle-history"><br></div><div class="battle-history">Purple Alex used <strong>Thunder Wave</strong>!<br></div><div class="battle-history"><small>The opposing AAron is paralyzed! It may be unable to move!</small><br></div><div class="spacer battle-history"><br></div><div class="battle-history">The opposing AAron used <strong>Stealth Rock</strong>!<br></div><div class="battle-history"><small>Pointed stones float in the air around your team!</small><br></div><div class="spacer battle-history"><br></div><h2 class="battle-history">Turn 2</h2><div class="spacer battle-history"><br></div><div class="battle-history">Purple Alex used <strong>Sucker Punch</strong>!<br></div><div class="battle-history"><small>(The opposing AAron lost <abbr title="−9/21">42.9%</abbr> of its health!)</small><br></div><div class="spacer battle-history"><br></div><div class="battle-history">The opposing AAron used <strong>Earthquake</strong>!<br></div><div class="battle-history"><small>A critical hit!</small><br></div><div class="battle-history"><small>(Purple Alex lost <abbr title="−18/20">90%</abbr> of its health!)</small><br></div><div class="spacer battle-history"><br></div><h2 class="battle-history">Turn 3</h2><div class="spacer battle-history"><br></div><div class="battle-history">Purple Alex used <strong>Sucker Punch</strong>!<br></div><div class="battle-history"><small>(The opposing AAron lost <abbr title="−10/21">47.6%</abbr> of its health!)</small><br></div><div class="battle-history"><small>(The opposing AAron used its Berry Juice!)</small><br></div><div class="battle-history"><small>The opposing AAron restored HP using its Berry Juice!</small><br></div><div class="spacer battle-history"><br></div><div class="battle-history">The opposing AAron used <strong>Earthquake</strong>!<br></div><div class="battle-history"><small>(Purple Alex lost <abbr title="−2/20">10%</abbr> of its health!)</small><br></div><div class="spacer battle-history"><br></div><div class="battle-history">Purple Alex fainted!<br></div><div class="spacer battle-history"><br></div><div class="battle-history">Go! V_Rage (<strong>Charmander</strong>)!<br></div><div class="battle-history"><small>Pointed stones dug into V_Rage!</small><br></div><div class="spacer battle-history"><br></div><h2 class="battle-history">Turn 4</h2><div class="spacer battle-history"><br></div><div class="battle-history">V_Rage used <strong>Flamethrower</strong>!<br></div><div class="battle-history"><small>(The opposing AAron lost <abbr title="−12/21">57.1%</abbr> of its health!)</small><br></div><div class="spacer battle-history"><br></div><div class="battle-history">The opposing AAron is paralyzed! It can't move!<br></div><div class="spacer battle-history"><br></div><h2 class="battle-history">Turn 5</h2><div class="spacer battle-history"><br></div><div class="battle-history">V_Rage used <strong>Flamethrower</strong>!<br></div><div class="battle-history"><small>(The opposing AAron lost <abbr title="−9/21">42.9%</abbr> of its health!)</small><br></div><div class="spacer battle-history"><br></div><div class="battle-history">The opposing AAron fainted!<br></div><div class="spacer battle-history"><br></div><div class="battle-history">Distilled Jhin sent out Dildo (<strong>Dratini</strong>)!<br></div><div class="spacer battle-history"><br></div><h2 class="battle-history">Turn 6</h2><div class="spacer battle-history"><br></div><div class="battle-history">V_Rage, come back!<br></div><div class="battle-history">Go! Ojama Black (<strong>Cranidos</strong>)!<br></div><div class="battle-history"><small>Pointed stones dug into Ojama Black!</small><br></div><div class="spacer battle-history"><br></div><div class="battle-history">The opposing Dildo used <strong>Dragon Dance</strong>!<br></div><div class="battle-history"><small>The opposing Dildo's Attack rose!</small><br></div><div class="battle-history"><small>The opposing Dildo's Speed rose!</small><br></div><div class="spacer battle-history"><br></div><h2 class="battle-history">Turn 7</h2><div class="spacer battle-history"><br></div><div class="battle-history">Ojama Black used <strong>Iron Head</strong>!<br></div><div class="battle-history"><small>(The opposing Dildo lost <abbr title="−10/20">50%</abbr> of its health!)</small><br></div><div class="spacer battle-history"><br></div><div class="battle-history">The opposing Dildo used <strong>Waterfall</strong>!<br></div><div class="battle-history"><small>It's super effective!</small><br></div><div class="battle-history"><small>(Ojama Black lost <abbr title="−20/23">87.0%</abbr> of its health!)</small><br></div><div class="spacer battle-history"><br></div><h2 class="battle-history">Turn 8</h2><div class="spacer battle-history"><br></div><div class="battle-history">Ojama Black used <strong>Iron Head</strong>!<br></div><div class="battle-history"><small>(The opposing Dildo lost <abbr title="−10/20">50%</abbr> of its health!)</small><br></div><div class="spacer battle-history"><br></div><div class="battle-history">The opposing Dildo fainted!<br></div><div class="chat"><small>AckAttack joined.</small></div><div class="spacer battle-history"><br></div><div class="battle-history">Distilled Jhin sent out BORK (<strong>Houndour</strong>)!<br></div><div class="spacer battle-history"><br></div><h2 class="battle-history">Turn 9</h2><div class="spacer battle-history"><br></div><div class="battle-history">The opposing BORK used <strong>Dark Pulse</strong>!<br></div><div class="battle-history"><small>A critical hit!</small><br></div><div class="battle-history"><small>(Ojama Black lost <abbr title="−1/23">4.3%</abbr> of its health!)</small><br></div><div class="spacer battle-history"><br></div><div class="battle-history">Ojama Black fainted!<br></div><div class="spacer battle-history"><br></div><div class="battle-history">Go! Gret Baul (<strong>Voltorb</strong>)!<br></div><div class="battle-history"><small>Pointed stones dug into Gret Baul!</small><br></div><div class="spacer battle-history"><br></div><h2 class="battle-history">Turn 10</h2><div class="spacer battle-history"><br></div><div class="battle-history">Gret Baul used <strong>Thunderbolt</strong>!<br></div><div class="battle-history"><small>(The opposing BORK lost <abbr title="−13/21">61.9%</abbr> of its health!)</small><br></div><div class="spacer battle-history"><br></div><div class="battle-history">The opposing BORK used <strong>Dark Pulse</strong>!<br></div><div class="battle-history"><small>(Gret Baul lost <abbr title="−16/20">80%</abbr> of its health!)</small><br></div><div class="spacer battle-history"><br></div><h2 class="battle-history">Turn 11</h2><div class="spacer battle-history"><br></div><div class="battle-history">Distilled Jhin withdrew BORK!<br></div><div class="battle-history">Distilled Jhin sent out Gadget (<strong>Skiddo</strong>)!<br></div><div class="spacer battle-history"><br></div><div class="battle-history">Gret Baul used <strong>Thunderbolt</strong>!<br></div><div class="battle-history"><small>It's not very effective...</small><br></div><div class="battle-history"><small>(The opposing Gadget lost <abbr title="−5/23">21.7%</abbr> of its health!)</small><br></div><div class="spacer battle-history"><br></div><h2 class="battle-history">Turn 12</h2><div class="chat"><small>NathanDevious joined.</small></div><div class="spacer battle-history"><br></div><div class="battle-history">Gret Baul, come back!<br></div><div class="battle-history">Go! V_Rage (<strong>Charmander</strong>)!<br></div><div class="battle-history"><small>Pointed stones dug into V_Rage!</small><br></div><div class="spacer battle-history"><br></div><div class="battle-history">The opposing Gadget used <strong>Horn Leech</strong>!<br></div><div class="battle-history"><small>It's not very effective...</small><br></div><div class="battle-history"><small>(V_Rage lost <abbr title="−7/21">33.3%</abbr> of its health!)</small><br></div><div class="battle-history"><small>V_Rage had its energy drained!</small><br></div><div class="spacer battle-history"><br></div><h2 class="battle-history">Turn 13</h2><div class="chat"><small>TheEpicKyo joined.</small></div><div class="spacer battle-history"><br></div><div class="battle-history">Distilled Jhin withdrew Gadget!<br></div><div class="battle-history">Distilled Jhin sent out BORK (<strong>Houndour</strong>)!<br></div><div class="spacer battle-history"><br></div><div class="battle-history">V_Rage used <strong>Flamethrower</strong>!<br></div><div class="battle-history"><small>[The opposing BORK's Flash Fire]</small><br><small>The power of the opposing BORK's Fire-type moves rose!</small><br></div><div class="spacer battle-history"><br></div><h2 class="battle-history">Turn 14</h2><div class="chat chatmessage-nathandevious"><strong style="color:hsl(118,87%,31.479491411646514%)"><small> </small><span class="username" data-name="NathanDevious">NathanDevious</span>:</strong> <em>vrage needs to die</em></div><div class="spacer battle-history"><br></div><div class="battle-history">The opposing BORK used <strong>Flamethrower</strong>!<br></div><div class="battle-history"><small>It's not very effective...</small><br></div><div class="battle-history"><small>(V_Rage lost <abbr title="−4/21">19.0%</abbr> of its health!)</small><br></div><div class="spacer battle-history"><br></div><div class="battle-history">V_Rage fainted!<br></div><div class="spacer battle-history"><br></div><div class="battle-history">Go! Gret Baul (<strong>Voltorb</strong>)!<br></div><div class="battle-history"><small>Pointed stones dug into Gret Baul!</small><br></div><div class="spacer battle-history"><br></div><div class="battle-history">Gret Baul fainted!<br></div><div class="spacer battle-history"><br></div><div class="battle-history">Go! Revenge (<strong>Cubone</strong>)!<br></div><div class="battle-history"><small>Pointed stones dug into Revenge!</small><br></div><div class="spacer battle-history"><br></div><h2 class="battle-history">Turn 15</h2><div class="spacer battle-history"><br></div><div class="battle-history">Distilled Jhin withdrew BORK!<br></div><div class="battle-history">Distilled Jhin sent out Gadget (<strong>Skiddo</strong>)!<br></div><div class="spacer battle-history"><br></div><div class="battle-history">Revenge used <strong>Brick Break</strong>!<br></div><div class="battle-history"><small>(The opposing Gadget lost <abbr title="−6/23">26.1%</abbr> of its health!)</small><br></div><div class="spacer battle-history"><br></div><h2 class="battle-history">Turn 16</h2><div class="spacer battle-history"><br></div><div class="battle-history">Revenge used <strong>Brick Break</strong>!<br></div><div class="battle-history"><small>(The opposing Gadget lost <abbr title="−6/23">26.1%</abbr> of its health!)</small><br></div><div class="spacer battle-history"><br></div><div class="battle-history">The opposing Gadget used <strong>Horn Leech</strong>!<br></div><div class="battle-history"><small>It's super effective!</small><br></div><div class="battle-history"><small>(Revenge lost <abbr title="−18/21">85.7%</abbr> of its health!)</small><br></div><div class="battle-history"><small>Revenge had its energy drained!</small><br></div><div class="spacer battle-history"><br></div><h2 class="battle-history">Turn 17</h2><div class="spacer battle-history"><br></div><div class="battle-history">The opposing Gadget used <strong>Horn Leech</strong>!<br></div><div class="battle-history"><small>It's super effective!</small><br></div><div class="battle-history"><small>(Revenge lost <abbr title="−2/21">9.5%</abbr> of its health!)</small><br></div><div class="battle-history"><small>Revenge had its energy drained!</small><br></div><div class="spacer battle-history"><br></div><div class="battle-history">Revenge fainted!<br></div><div class="spacer battle-history"><br></div><div class="battle-history">Go! Eduj (<strong>Treecko</strong>)!<br></div><div class="battle-history"><small>Pointed stones dug into Eduj!</small><br></div><div class="spacer battle-history"><br></div><h2 class="battle-history">Turn 18</h2><div class="chat chatmessage-distilledjhin"><strong style="color:hsl(234,66%,61.759693712738915%)"><small>★</small><span class="username" data-name="Distilled Jhin">Distilled Jhin</span>:</strong> <em>looks like I gotta kill myself</em></div><div class="spacer battle-history"><br></div><div class="battle-history">Eduj used <strong>Power-Up Punch</strong>!<br></div><div class="battle-history"><small>A critical hit!</small><br></div><div class="battle-history"><small>(The opposing Gadget lost <abbr title="−6/23">26.1%</abbr> of its health!)</small><br></div><div class="battle-history"><small>Eduj's Attack rose!</small><br></div><div class="spacer battle-history"><br></div><div class="battle-history">The opposing Gadget used <strong>Return</strong>!<br></div><div class="battle-history"><small>(Eduj lost <abbr title="−15/20">75%</abbr> of its health!)</small><br></div><div class="spacer battle-history"><br></div><h2 class="battle-history">Turn 19</h2><div class="chat chatmessage-alexgte"><strong style="color:hsl(232,72%,57.80483478454614%)"><small>★</small><span class="username" data-name="AlexGTE">AlexGTE</span>:</strong> <em>everything but my purrloin is choice scarfed</em></div><div class="chat chatmessage-nathandevious"><strong style="color:hsl(118,87%,31.479491411646514%)"><small> </small><span class="username" data-name="NathanDevious">NathanDevious</span>:</strong> <em>lol</em></div><div class="chat chatmessage-alexgte"><strong style="color:hsl(232,72%,57.80483478454614%)"><small>★</small><span class="username" data-name="AlexGTE">AlexGTE</span>:</strong> <em>i was like what the hell why not</em></div><div class="chat chatmessage-alexgte"><strong style="color:hsl(232,72%,57.80483478454614%)"><small>★</small><span class="username" data-name="AlexGTE">AlexGTE</span>:</strong> <em>shut up nathan</em></div><div class="spacer battle-history"><br></div><div class="battle-history">Eduj used <strong>Power-Up Punch</strong>!<br></div><div class="battle-history"><small>(The opposing Gadget lost <abbr title="−6/23">26.1%</abbr> of its health!)</small><br></div><div class="battle-history"><small>Eduj's Attack rose!</small><br></div><div class="spacer battle-history"><br></div><div class="battle-history">The opposing Gadget used <strong>Return</strong>!<br></div><div class="battle-history"><small>(Eduj lost <abbr title="−3/20">15%</abbr> of its health!)</small><br></div><div class="spacer battle-history"><br></div><div class="battle-history">Eduj fainted!<br></div><div class="spacer battle-history"><br></div><div class="battle-history"><strong>Distilled Jhin</strong> won the battle!<br></div><div class="chat chatmessage-nathandevious"><strong style="color:hsl(118,87%,31.479491411646514%)"><small> </small><span class="username" data-name="NathanDevious">NathanDevious</span>:</strong> <em>ok</em></div><div class="chat chatmessage-distilledjhin"><strong style="color:hsl(234,66%,61.759693712738915%)"><small>★</small><span class="username" data-name="Distilled Jhin">Distilled Jhin</span>:</strong> <em>I did think you were outspeeding me way too often xD</em></div><div class="chat chatmessage-distilledjhin"><strong style="color:hsl(234,66%,61.759693712738915%)"><small>★</small><span class="username" data-name="Distilled Jhin">Distilled Jhin</span>:</strong> <em>gg</em></div><div class="chat chatmessage-ackattack"><strong style="color:hsl(310,84%,37.981498908979205%)"><small> </small><span class="username" data-name="AckAttack">AckAttack</span>:</strong> <em>gg guys</em></div><div class="chat chatmessage-alexgte"><strong style="color:hsl(232,72%,57.80483478454614%)"><small>★</small><span class="username" data-name="AlexGTE">AlexGTE</span>:</strong> <em>gg</em></div><div class="chat chatmessage-inuzuna"><strong style="color:hsl(310,69%,47%)"><small> </small><span class="username" data-name="Inuzuna">Inuzuna</span>:</strong> <em>I applaud you both</em></div><div class="chat chatmessage-distilledjhin"><strong style="color:hsl(234,66%,61.759693712738915%)"><small>★</small><span class="username" data-name="Distilled Jhin">Distilled Jhin</span>:</strong> <em>only had a scarf on houndoom xD</em></div></div><div class="inner-preempt"></div></div></div>
</div>
<script>
let daily = Math.floor(Date.now()/1000/60/60/24);document.write('<script src="https://play.pokemonshowdown.com/js/replay-embed.js?version'+daily+'"></'+'script>');
</script>
