<!DOCTYPE html>
<meta charset="utf-8" />
<!-- version 1 -->
<title>LC replay: blarajan vs. tazzie</title>
<style>
html,body {font-family:Verdana, sans-serif;font-size:10pt;margin:0;padding:0;}body{padding:12px 0;} .battle-log {font-family:Verdana, sans-serif;font-size:10pt;} .battle-log-inline {border:1px solid #AAAAAA;background:#EEF2F5;color:black;max-width:640px;margin:0 auto 80px;padding-bottom:5px;} .battle-log .inner {padding:4px 8px 0px 8px;} .battle-log .inner-preempt {padding:0 8px 4px 8px;} .battle-log .inner-after {margin-top:0.5em;} .battle-log h2 {margin:0.5em -8px;padding:4px 8px;border:1px solid #AAAAAA;background:#E0E7EA;border-left:0;border-right:0;font-family:Verdana, sans-serif;font-size:13pt;} .battle-log .chat {vertical-align:middle;padding:3px 0 3px 0;font-size:8pt;} .battle-log .chat strong {color:#40576A;} .battle-log .chat em {padding:1px 4px 1px 3px;color:#000000;font-style:normal;} .chat.mine {background:rgba(0,0,0,0.05);margin-left:-8px;margin-right:-8px;padding-left:8px;padding-right:8px;} .spoiler {color:#BBBBBB;background:#BBBBBB;padding:0px 3px;} .spoiler:hover, .spoiler:active, .spoiler-shown {color:#000000;background:#E2E2E2;padding:0px 3px;} .spoiler a {color:#BBBBBB;} .spoiler:hover a, .spoiler:active a, .spoiler-shown a {color:#2288CC;} .chat code, .chat .spoiler:hover code, .chat .spoiler:active code, .chat .spoiler-shown code {border:1px solid #C0C0C0;background:#EEEEEE;color:black;padding:0 2px;} .chat .spoiler code {border:1px solid #CCCCCC;background:#CCCCCC;color:#CCCCCC;} .battle-log .rated {padding:3px 4px;} .battle-log .rated strong {color:white;background:#89A;padding:1px 4px;border-radius:4px;} .spacer {margin-top:0.5em;} .message-announce {background:#6688AA;color:white;padding:1px 4px 2px;} .message-announce a, .broadcast-green a, .broadcast-blue a, .broadcast-red a {color:#DDEEFF;} .broadcast-green {background-color:#559955;color:white;padding:2px 4px;} .broadcast-blue {background-color:#6688AA;color:white;padding:2px 4px;} .infobox {border:1px solid #6688AA;padding:2px 4px;} .infobox-limited {max-height:200px;overflow:auto;overflow-x:hidden;} .broadcast-red {background-color:#AA5544;color:white;padding:2px 4px;} .message-learn-canlearn {font-weight:bold;color:#228822;text-decoration:underline;} .message-learn-cannotlearn {font-weight:bold;color:#CC2222;text-decoration:underline;} .message-effect-weak {font-weight:bold;color:#CC2222;} .message-effect-resist {font-weight:bold;color:#6688AA;} .message-effect-immune {font-weight:bold;color:#666666;} .message-learn-list {margin-top:0;margin-bottom:0;} .message-throttle-notice, .message-error {color:#992222;} .message-overflow, .chat small.message-overflow {font-size:0pt;} .message-overflow::before {font-size:9pt;content:'...';} .subtle {color:#3A4A66;}
</style>
<div class="wrapper replay-wrapper" style="max-width:1180px;margin:0 auto">
<input type="hidden" name="replayid" value="lc-591334566" />
<div class="battle"></div><div class="battle-log"></div><div class="replay-controls"></div><div class="replay-controls-2"></div>
<h1 style="font-weight:normal;text-align:center"><strong>LC</strong><br /><a href="http://pokemonshowdown.com/users/blarajan" class="subtle" target="_blank">blarajan</a> vs. <a href="http://pokemonshowdown.com/users/tazzie" class="subtle" target="_blank">tazzie</a></h1>
<script type="text/plain" class="battle-log-data">|j|blarajan
|j|tazzie
|player|p1|blarajan|#blarajan
|teamsize|p1|6
|player|p2|tazzie|233
|teamsize|p2|6
|gametype|singles
|gen|6
|tier|LC
|seed|62092,20326,4827,57336
|clearpoke
|poke|p1|Wynaut, L5, M|item
|poke|p1|Carvanha, L5, F|item
|poke|p1|Croagunk, L5, F|item
|poke|p1|Porygon, L5|item
|poke|p1|Amaura, L5, M|item
|poke|p1|Anorith, L5, M|item
|poke|p2|Mienfoo, L5, F|item
|poke|p2|Corphish, L5, M|item
|poke|p2|Snubbull, L5, F|item
|poke|p2|Gothita, L5, M|item
|poke|p2|Ferroseed, L5, F|item
|poke|p2|Pawniard, L5, M|item
|rule|Sleep Clause Mod: Limit one foe put to sleep
|rule|Species Clause: Limit one of each Pokémon
|rule|OHKO Clause: OHKO moves are banned
|rule|Moody Clause: Moody is banned
|rule|Evasion Moves Clause: Evasion moves are banned
|rule|Endless Battle Clause: Forcing endless battles is banned
|rule|HP Percentage Mod: HP is shown in percentages
|teampreview
|j|Caledrith
|j|Serene's Grace.
|c|☆blarajan|hf and stuff
|c| Caledrith|\/me clenches his booty
|j|Quote
|j|ggggd
|choice|team 6, team 2, team 3, team 4, team 5, team 1|team 2, team 1, team 3, team 4, team 5, team 6
|
|start
|switch|p1a: Anorith|Anorith, L5, M|21\/21
|switch|p2a: Corphish|Corphish, L5, M|20\/20
|turn|1
|c| ggggd|bringing anorith to a playoff deciding match
|c| ggggd|blarajan truly a man
|choice|switch 3|move crabhammer
|
|switch|p1a: Croagunk|Croagunk, L5, F|22\/22
|move|p2a: Corphish|Crabhammer|p1a: Croagunk
|-immune|p1a: Croagunk|[msg]|[from] ability: Dry Skin
|
|upkeep
|turn|2
|j|Spl4sh
|j|1p1
|j|macle
|choice|switch 6|switch 4
|
|switch|p2a: Gothita|Gothita, L5, M|24\/24
|switch|p1a: Wynaut|Wynaut, L5, M|26\/26
|
|upkeep
|turn|3
|j|Heysup
|c| Heysup|lol
|c| Caledrith|hmmmmm
|choice|switch 3|switch 6
|
|switch|p1a: Anorith|Anorith, L5, M|21\/21
|switch|p2a: Pawniard|Pawniard, L5, M|21\/21
|
|upkeep
|turn|4
|choice|move stealthrock|move ironhead
|
|move|p1a: Anorith|Stealth Rock|p2a: Pawniard
|-sidestart|p2: tazzie|move: Stealth Rock
|move|p2a: Pawniard|Iron Head|p1a: Anorith
|-supereffective|p1a: Anorith
|-damage|p1a: Anorith|0 fnt
|faint|p1a: Anorith
|
|upkeep
|j|never gonna change
|j|c oc o nut
|c|+c oc o nut|anorith's already dead
|c|+c oc o nut|tf rajan
|choice|switch 4|
|
|switch|p1a: Porygon|Porygon, L5|25\/25
|-ability|p1a: Porygon|Defiant|[from] ability: Trace|[of] p2a: Pawniard
|turn|5
|c|+c oc o nut|oh jk
|c|+c oc o nut|you have your bread and butter mon
|c|+c oc o nut|you can't lose
|c| Serene's Grace.|Tazz is the man
|c|☆tazzie|im bad lol
|choice|move hiddenpower|move knockoff
|
|move|p2a: Pawniard|Knock Off|p1a: Porygon
|-damage|p1a: Porygon|16\/25
|-enditem|p1a: Porygon|Eviolite|[from] move: Knock Off|[of] p2a: Pawniard
|move|p1a: Porygon|Hidden Power|p2a: Pawniard
|-supereffective|p2a: Pawniard
|-damage|p2a: Pawniard|1\/21
|
|upkeep
|turn|6
|c| Serene's Grace.|no belchsprout is bad
|c| Caledrith|based iron flinches? y\/n
|choice|move thunderwave|move brickbreak
|
|move|p2a: Pawniard|Brick Break|p1a: Porygon
|-supereffective|p1a: Porygon
|-damage|p1a: Porygon|2\/25
|move|p1a: Porygon|Thunder Wave|p2a: Pawniard
|-status|p2a: Pawniard|par
|
|upkeep
|turn|7
|c|+c oc o nut|why'd you let that happen
|choice|move hiddenpower|move brickbreak
|
|move|p1a: Porygon|Hidden Power|p2a: Pawniard
|-supereffective|p2a: Pawniard
|-crit|p2a: Pawniard
|-damage|p2a: Pawniard|0 fnt
|faint|p2a: Pawniard
|
|upkeep
|c|+c oc o nut|rajan do you want to vote
|j|Drew
|c|+c oc o nut|in the ORAS suspect
|c|☆blarajan|uh
|c|☆blarajan|ok
|c|☆blarajan|what's the suspect
|c|+c oc o nut|okay
|c|☆blarajan|if it's diglett yes
|c|+c oc o nut|trapper
|c|☆blarajan|banned
|c| Serene's Grace.|Goth peobably
|c|+c oc o nut|no the other one
|c|☆blarajan|oh
|c|☆blarajan|why do you guys keep doing this
|c| Heysup|lol
|c| Caledrith|Just ban both ffs
|c|+c oc o nut|we can't suspect diglett
|c| macle|not my fault
|c| Drew|are we unbanning goth in oras?
|c| Heysup|u
|c|+c oc o nut|ss won't allow us to suspect it
|c|+c oc o nut|3 times in a row
|c|☆blarajan|lol
|c| Drew|lol
|c| Serene's Grace.|lol
|c|+c oc o nut|why are you guys laughing like it's my fault
|c|+c oc o nut|that you guys kept diglett
|j|Brazilian Army
|j|hyuoij
|choice||switch 2
|
|switch|p2a: Mienfoo|Mienfoo, L5, F|21\/21
|-damage|p2a: Mienfoo|20\/21|[from] Stealth Rock
|turn|8
|c| hyuoij|what's ss?
|c|+c oc o nut|so now our dumbasses
|j|Alore
|c|+c oc o nut|need to ban goth
|c| Caledrith|I can't believe yall kept it tbh
|c|+c oc o nut|before we ban diglett
|choice|move thunderwave|move uturn
|
|move|p2a: Mienfoo|U-turn|p1a: Porygon
|-crit|p1a: Porygon
|-damage|p1a: Porygon|0 fnt
|faint|p1a: Porygon
|c| Serene's Grace.|senior staff
|c| Drew|what do u mean diglett is v easy to play around
|c| Caledrith|It was gonna be suspected when I left
|c| hyuoij|thanks
|l|hyuoij
|c| Drew|just make a double everytime anything switches in and dont kill anything
|c| Drew|anf ut good
|c| Drew|typing es hard
|c| Caledrith|seems effective
|c| Drew|ye
|c| Serene's Grace.|is tazz winning
|c| Drew|btw cale where's the other mormon
|c| Drew|i need my man berks
|c| Heysup|ya
|c| Caledrith|idk lol
|c| Caledrith|He's on at super different times than me
|c| Drew|also when are u guys playing?
|c| Caledrith|Even though he's only a 1.5 hour drive
|c| Caledrith|sunday night
|choice||switch 4
|
|switch|p2a: Corphish|Corphish, L5, M|20\/20
|-damage|p2a: Corphish|18\/20|[from] Stealth Rock
|
|upkeep
|c| Drew|cool
|c| Caledrith|good ole sabbath day beatdown
|j|LightCore
|c| Drew|down
|c| LightCore|Rajan, your pokemon are almost as cute as you
|c| Brazilian Army|love Tazz
|c| Brazilian Army|LOL
|j|Dundies
|c|☆blarajan|thx
|choice|switch 6|
|
|switch|p1a: Croagunk|Croagunk, L5, F|22\/22
|turn|9
|choice|switch 3|move crabhammer
|
|switch|p1a: Wynaut|Wynaut, L5, M|26\/26
|move|p2a: Corphish|Crabhammer|p1a: Wynaut
|-damage|p1a: Wynaut|4\/26
|-enditem|p1a: Wynaut|Berry Juice
|-heal|p1a: Wynaut|24\/26|[from] item: Berry Juice
|
|upkeep
|turn|10
|c|+c oc o nut|dude who does that
|c|+c oc o nut|that was wild
|l|Brazilian Army
|choice|move encore|move swordsdance
|
|move|p2a: Corphish|Swords Dance|p2a: Corphish
|-boost|p2a: Corphish|atk|2
|move|p1a: Wynaut|Encore|p2a: Corphish
|-start|p2a: Corphish|Encore
|
|upkeep
|turn|11
|c|+c oc o nut|man you made
|c|+c oc o nut|an amazing play
|c|+c oc o nut|and then you made an awful one
|choice|switch 5|move swordsdance
|
|switch|p1a: Amaura|Amaura, L5, M|25\/25
|-weather|Hail|[from] ability: Snow Warning|[of] p1a: Amaura
|move|p2a: Corphish|Swords Dance|p2a: Corphish
|-boost|p2a: Corphish|atk|2
|
|-weather|Hail|[upkeep]
|-damage|p2a: Corphish|17\/20|[from] hail
|upkeep
|turn|12
|c|+c oc o nut|right after
|c| Dundies|idk about awful
|c| Dundies|more like a 50\/50
|c|+c oc o nut|no
|c| macle|is this the future that liberals wanted
|c|+c oc o nut|the play was to knock
|c|+c oc o nut|that was a 100% success
|c| Dundies|knock didnt kill
|c| ggggd|what was even the point of
|c|+c oc o nut|crabhammer encored
|c| ggggd|going wynaut
|c|+c oc o nut|meant that he could have went to gunk
|c| Caledrith|kockoff didnt kill
|c| Caledrith|i promise
|c| Dundies|actually sding ensures that corphish didnt die
|c|+c oc o nut|knock didn't need to kill
|c| Serene's Grace.|Everyone is gay except me
|c|+c oc o nut|rajan can't switch into a knock freely
|c| Dundies|why is Serene's Grace voice
|c|+c oc o nut|he can switch into an SD or a crabhammer
|c| Caledrith|oh you mean when tazzie chammered?
|c|+c oc o nut|no
|l|LightCore
|c| Serene's Grace.|dundies I am a hardworking and controubting member of the chat
|c|+c oc o nut|yea I like S'sG
|c| Dundies|see you cant even spell
|c|+c oc o nut|don't be hating on him
|c| Serene's Grace.|I'm on phone
|choice|move thunderbolt|switch 5
|
|switch|p2a: Ferroseed|Ferroseed, L5, F|22\/22
|-damage|p2a: Ferroseed|21\/22|[from] Stealth Rock
|move|p1a: Amaura|Thunderbolt|p2a: Ferroseed
|-resisted|p2a: Ferroseed
|-damage|p2a: Ferroseed|19\/22
|
|-weather|Hail|[upkeep]
|-damage|p2a: Ferroseed|18\/22|[from] hail
|upkeep
|turn|13
|c|+c oc o nut|phones have autocorrect
|c| Serene's Grace.|Mine autocorrects to Hindi words sometimes
|choice|switch 5|move stealthrock
|
|switch|p1a: Wynaut|Wynaut, L5, M|24\/26
|move|p2a: Ferroseed|Stealth Rock|p1a: Wynaut
|-sidestart|p1: blarajan|move: Stealth Rock
|
|-weather|Hail|[upkeep]
|-damage|p1a: Wynaut|23\/26|[from] hail
|-damage|p2a: Ferroseed|17\/22|[from] hail
|upkeep
|turn|14
|c| Serene's Grace.|so I turn it off
|j|Jk♥Howling
|choice|move encore|move bulletseed
|
|move|p1a: Wynaut|Encore|p2a: Ferroseed
|-start|p2a: Ferroseed|Encore
|move|p2a: Ferroseed|Stealth Rock|p1a: Wynaut
|-fail|p1a: Wynaut
|
|-weather|Hail|[upkeep]
|-damage|p1a: Wynaut|22\/26|[from] hail
|-damage|p2a: Ferroseed|16\/22|[from] hail
|upkeep
|turn|15
|choice|move counter|move stealthrock
|
|move|p2a: Ferroseed|Stealth Rock|p1a: Wynaut
|-fail|p1a: Wynaut
|move|p1a: Wynaut|Counter|p2a: Ferroseed
|-fail|p2a: Ferroseed
|
|-weather|none
|upkeep
|turn|16
|c|☆tazzie|this is going to be fun
|c| Heysup|?
|c|☆tazzie|i can tell
|choice|move counter|move stealthrock
|
|move|p2a: Ferroseed|Stealth Rock|p1a: Wynaut
|-fail|p1a: Wynaut
|move|p1a: Wynaut|Counter|p2a: Ferroseed
|-fail|p2a: Ferroseed
|
|-end|p2a: Ferroseed|Encore
|upkeep
|turn|17
|c| Caledrith|^
|choice|move encore|move bulletseed
|
|move|p1a: Wynaut|Encore|p2a: Ferroseed
|-start|p2a: Ferroseed|Encore
|move|p2a: Ferroseed|Stealth Rock|p1a: Wynaut
|-fail|p1a: Wynaut
|
|upkeep
|turn|18
|c|+c oc o nut|someone hl me
|c| Caledrith|gonna checkout for the next 20 minutes
|c| Heysup|are u pp stalling
|c|☆tazzie|yipee
|c| Caledrith|coco is a fgt
|c|+c oc o nut|when something happens
|c| Heysup|u idiot
|choice|switch 5|move stealthrock
|
|switch|p1a: Amaura|Amaura, L5, M|25\/25
|-damage|p1a: Amaura|19\/25|[from] Stealth Rock
|-weather|Hail|[from] ability: Snow Warning|[of] p1a: Amaura
|move|p2a: Ferroseed|Stealth Rock|p1a: Amaura
|-fail|p1a: Amaura
|
|-weather|Hail|[upkeep]
|-damage|p2a: Ferroseed|15\/22|[from] hail
|upkeep
|turn|19
|c| Caledrith|oh jk
|c| Caledrith|sorry thought u were asking rn
|j|Vileman
|c|+Vileman|Go blarajohnny xD
|inactive|Battle timer is ON: inactive players will automatically lose when time's up. (requested by blarajan)
|choice|move blizzard|move stealthrock
|
|move|p1a: Amaura|Blizzard|p2a: Ferroseed
|-damage|p2a: Ferroseed|6\/22
|move|p2a: Ferroseed|Stealth Rock|p1a: Amaura
|-fail|p1a: Amaura
|
|-weather|Hail|[upkeep]
|-damage|p2a: Ferroseed|5\/22|[from] hail
|-end|p2a: Ferroseed|Encore
|upkeep
|turn|20
|choice|move blizzard|move knockoff
|
|move|p1a: Amaura|Blizzard|p2a: Ferroseed
|-damage|p2a: Ferroseed|0 fnt
|faint|p2a: Ferroseed
|
|-weather|Hail|[upkeep]
|upkeep
|choice||switch 4
|
|switch|p2a: Mienfoo|Mienfoo, L5, F|20\/21
|-damage|p2a: Mienfoo|19\/21|[from] Stealth Rock
|turn|21
|j|tahu
|j|Brick Love
|choice|move blizzard|move highjumpkick
|
|move|p2a: Mienfoo|High Jump Kick|p1a: Amaura
|-supereffective|p1a: Amaura
|-damage|p1a: Amaura|0 fnt
|faint|p1a: Amaura
|
|-weather|Hail|[upkeep]
|-damage|p2a: Mienfoo|18\/21|[from] hail
|upkeep
|l|Dundies
|choice|switch 5|
|
|switch|p1a: Wynaut|Wynaut, L5, M|22\/26
|-damage|p1a: Wynaut|19\/26|[from] Stealth Rock
|turn|22
|c| macle|blara u suck
|choice|move counter|move highjumpkick
|
|move|p2a: Mienfoo|High Jump Kick|p1a: Wynaut
|-resisted|p1a: Wynaut
|-damage|p1a: Wynaut|7\/26
|move|p1a: Wynaut|Counter|p2a: Mienfoo
|-damage|p2a: Mienfoo|0 fnt
|faint|p2a: Mienfoo
|
|-weather|none
|upkeep
|j|LuckyRyu
|j|humas
|c| Heysup|wincon gone
|choice||switch 5
|
|switch|p2a: Corphish|Corphish, L5, M|17\/20
|-damage|p2a: Corphish|15\/20|[from] Stealth Rock
|turn|23
|choice|move destinybond|move knockoff
|
|move|p1a: Wynaut|Destiny Bond|p1a: Wynaut
|-singlemove|p1a: Wynaut|Destiny Bond
|move|p2a: Corphish|Knock Off|p1a: Wynaut
|-supereffective|p1a: Wynaut
|-damage|p1a: Wynaut|0 fnt
|faint|p1a: Wynaut
|-activate|p1a: Wynaut|move: Destiny Bond
|faint|p2a: Corphish
|
|upkeep
|l|tahu
|c| Heysup|chokke
|j|Brazilian Army
|j|ItzViper482
|l|humas
|l|ItzViper482
|j|humas
|c| Brazilian Army|50\/50
|j|Fiend Hound
|c| Heysup|n
|c|+Fiend Hound|yeah does he have
|c|+Vileman|49\/51
|c|+Fiend Hound|1 play
|c| ggggd|25\/25\/25\/25
|c| ggggd|yn
|c| Serene's Grace.|Its 1 play followed by a 50\/50
|c|+Vileman|y
|c| Brazilian Army|pablo
|c|+Fiend Hound|like ig he can not do it
|c| Heysup|both have 1 play
|c|+Fiend Hound|but that loses
|c|@Quote|rajan should switch in porygon obviously
|c| macle|it is a 6921
|c|@Quote|;)
|c|@Quote|nice
|c|+Vileman|Heysup both players have two pkmn remaining
|c|+Fiend Hound|well
|c|+Vileman|So they have two plays
|c|+Vileman|:p
|c|☆tazzie|yeah but i'm dumb lol
|c|@Quote|same
|c| macle|tazzie has 1 play
|c| Heysup|1 play to stop losing
|c| macle|its called
|c| macle|x
|c| ggggd|3 plays u mean vile
|c| Brazilian Army|love macle
|c| Brazilian Army|LOL
|c|+Fiend Hound|i mean
|c|+Vileman|Oh right
|c|+Fiend Hound|chances are
|c|+Vileman|Theres x,
|choice|switch 2|switch 3
|
|switch|p1a: Carvanha|Carvanha, L5, F|19\/19
|switch|p2a: Snubbull|Snubbull, L5, F|23\/23
|-damage|p1a: Carvanha|17\/19|[from] Stealth Rock
|-damage|p2a: Snubbull|21\/23|[from] Stealth Rock
|-ability|p2a: Snubbull|Intimidate|boost
|-unboost|p1a: Carvanha|atk|1
|turn|24
|c| Serene's Grace.|there's a 50\/50 after the 1 play confirm\/deny
|c| ggggd|no
|c| Heysup|ololol
|c|+Fiend Hound|yeah
|c| ggggd|i mean ddosing ur opponent
|c| Heysup|gottem...
|c|+Vileman|Oh my b
|c|+Fiend Hound|idt
|choice|move protect|move playrough
|
|move|p1a: Carvanha|Protect|p1a: Carvanha
|-singleturn|p1a: Carvanha|Protect
|move|p2a: Snubbull|Play Rough|p1a: Carvanha
|-activate|p1a: Carvanha|move: Protect
|
|-ability|p1a: Carvanha|Speed Boost|boost
|-boost|p1a: Carvanha|spe|1
|upkeep
|turn|25
|c|+Fiend Hound|that was optimal
|c| Heysup|no
|c| Heysup|not at all
|c|+Fiend Hound|but go tazzie!
|c| Brazilian Army|expecting tazz to do
|c| macle|sub snubbul just won
|choice|switch 3|move playrough
|
|switch|p1a: Croagunk|Croagunk, L5, F|22\/22
|-damage|p1a: Croagunk|21\/22|[from] Stealth Rock
|move|p2a: Snubbull|Play Rough|p1a: Croagunk
|-damage|p1a: Croagunk|11\/22
|-unboost|p1a: Croagunk|atk|1
|
|upkeep
|turn|26
|c| Brazilian Army|THE PLAY
|c| ggggd|it would probably lose
|j|testmir
|c| Brazilian Army|:(
|c| macle|,
|c| Caledrith|oh man
|c| Heysup|LOL
|c| 1p1|rip
|c| Caledrith|that attack lower
|c|+Vileman|Hax
|c| Caledrith|that hurts
|c| macle|so brazillian
|c|+Vileman|Use zsludge bomb
|c|+Fiend Hound|i mean
|c| Serene's Grace.|Now here's the 5050
|c|+Fiend Hound|it's gunk
|c|@Quote|wtf
|c|+Fiend Hound|so this might not matter
|c|@Quote|of course we lose again from hax
|c|+Fiend Hound|depends a lot on sets
|j|tahu
|c|@Quote|gj lucker fuckers
|c|+Vileman|Wait this is lcpl?
|c|+Fiend Hound|yh
|c|☆tazzie|LOL
|c| Heysup|u cant ytell
|c|+Fiend Hound|you think blara plays for fun?
|c| ggggd|cant tazz
|c| Heysup|so bad
|c| ggggd|still lose
|choice|switch 3|switch 6
|
|switch|p1a: Carvanha|Carvanha, L5, F|17\/19
|-damage|p1a: Carvanha|15\/19|[from] Stealth Rock
|switch|p2a: Gothita|Gothita, L5, M|24\/24
|-damage|p2a: Gothita|21\/24|[from] Stealth Rock
|
|upkeep
|turn|27
|c|+Vileman|Whys a vgc player playin lcpl
|c|+Vileman|Oo
|c|+Fiend Hound|and tazzie is alive for any other time
|c| Heysup|so badLOL
|choice|move waterfall|switch 6
|
|switch|p2a: Snubbull|Snubbull, L5, F|21\/23
|-damage|p2a: Snubbull|19\/23|[from] Stealth Rock
|-ability|p2a: Snubbull|Intimidate|boost
|-unboost|p1a: Carvanha|atk|1
|move|p1a: Carvanha|Waterfall|p2a: Snubbull
|-damage|p2a: Snubbull|7\/23
|-enditem|p2a: Snubbull|Berry Juice
|-heal|p2a: Snubbull|23\/23|[from] item: Berry Juice
|-damage|p1a: Carvanha|14\/19|[from] item: Life Orb
|
|-ability|p1a: Carvanha|Speed Boost|boost
|-boost|p1a: Carvanha|spe|1
|upkeep
|turn|28
|c|+Fiend Hound|did anorith do anything
|c|+c oc o nut|no
|c|@Quote|set rocks
|c| Heysup|n
|c| Caledrith|rocks fiend
|c|@Quote|then died
|c| Serene's Grace.|rocks
|choice|move protect|move playrough
|
|move|p1a: Carvanha|Protect|p1a: Carvanha
|-singleturn|p1a: Carvanha|Protect
|move|p2a: Snubbull|Play Rough|p1a: Carvanha
|-activate|p1a: Carvanha|move: Protect
|
|-ability|p1a: Carvanha|Speed Boost|boost
|-boost|p1a: Carvanha|spe|1
|upkeep
|turn|29
|c|+Fiend Hound|yeah
|c|+c oc o nut|it was dead by turn 4
|c|+Fiend Hound|anorith sucks.
|c| Heysup|30%
|c| ggggd|why is this snovanha
|c|+c oc o nut|shieldon could have done that
|c| ggggd|without special vanha
|c| tahu|its
|c| Heysup|+ miss
|c| Brazilian Army|cause no snovanha
|c| tahu|fossil spam.
|c| Brazilian Army|not enough mambad mentallity
|c| Brazilian Army|from my boy rajan
|choice|move waterfall|move earthquake
|
|move|p1a: Carvanha|Waterfall|p2a: Snubbull
|-damage|p2a: Snubbull|14\/23
|-damage|p1a: Carvanha|13\/19|[from] item: Life Orb
|move|p2a: Snubbull|Earthquake|p1a: Carvanha
|-damage|p1a: Carvanha|0 fnt
|faint|p1a: Carvanha
|
|upkeep
|c|☆blarajan|gg
|l|ggggd
|c|☆tazzie|gg
|choice|switch 3|
|
|switch|p1a: Croagunk|Croagunk, L5, F|11\/22
|-damage|p1a: Croagunk|10\/22|[from] Stealth Rock
|turn|30
|c| macle|bg
|c|+Fiend Hound|why didn't blara double a 3rd time
|c| Heysup|lies
|c|+Fiend Hound|for snub vs goth
|c|+Fiend Hound|er
|c|+Fiend Hound|wow
|c|+Fiend Hound|gunk vs snub
|c|+Vileman|not everyone is as good as you fiend
|c|☆blarajan|because it was wrong
|c| Brazilian Army|^
|choice|move sludgebomb|move earthquake
|
|move|p1a: Croagunk|Sludge Bomb|p2a: Snubbull
|-supereffective|p2a: Snubbull
|-damage|p2a: Snubbull|0 fnt
|faint|p2a: Snubbull
|
|upkeep
|l|Serene's Grace.
|j|Bela Star
|l|Vileman
|choice||switch 6
|
|switch|p2a: Gothita|Gothita, L5, M|21\/24
|-damage|p2a: Gothita|18\/24|[from] Stealth Rock
|turn|31
|l|Bela Star
|c|+Fiend Hound|i rmr the rmt
|choice|move sludgebomb|move psyshock
|
|move|p2a: Gothita|Psyshock|p1a: Croagunk
|-supereffective|p1a: Croagunk
|-damage|p1a: Croagunk|0 fnt
|faint|p1a: Croagunk
|
|win|tazzie
|c|+Fiend Hound|so that might be why
|c|☆blarajan|wish i had sucker
|c|☆blarajan|GG
|l|Heysup
|c|☆tazzie|gg
|l|Jk♥Howling
|l|macle
|l|Spl4sh
|l|Alore
|l|c oc o nut
|l|Quote
|l|Fiend Hound
|l|tazzie
|l|Brick Love
|j|Vileman</script>
</div>
<div class="battle-log battle-log-inline"><div class="inner"><div class="battle-options"></div><div class="inner"><div class="chat"><small>blarajan joined.</small></div><div class="chat"><small>tazzie joined.</small></div><div class=""><small>Format:</small> <br><strong>LC</strong></div><div class=""><small><em>Sleep Clause Mod:</em> Limit one foe put to sleep</small></div><div class=""><small><em>Species Clause:</em> Limit one of each Pokémon</small></div><div class=""><small><em>OHKO Clause:</em> OHKO moves are banned</small></div><div class=""><small><em>Moody Clause:</em> Moody is banned</small></div><div class=""><small><em>Evasion Moves Clause:</em> Evasion moves are banned</small></div><div class=""><small><em>Endless Battle Clause:</em> Forcing endless battles is banned</small></div><div class=""><small><em>HP Percentage Mod:</em> HP is shown in percentages</small></div><div class="chat battle-history"><strong>blarajan's team:</strong> <em style="color:#445566;display:block;">Wynaut / Carvanha / Croagunk / Porygon / Amaura / Anorith</em></div><div class="chat battle-history"><strong>tazzie's team:</strong> <em style="color:#445566;display:block;">Mienfoo / Corphish / Snubbull / Gothita / Ferroseed / Pawniard</em></div><div class="chat"><small>Caledrith joined.</small></div><div class="chat"><small>Serene's Grace. joined.</small></div><div class="chat chatmessage-blarajan"><strong style="color:hsl(284,44%,53.516927422444354%)"><small>☆</small><span class="username" data-name="blarajan">blarajan</span>:</strong> <em>hf and stuff</em></div><div class="chat chatmessage-caledrith"><em><i><strong style="color:hsl(158,83%,30%)">• <small> </small><span class="username" data-name="Caledrith">Caledrith</span></strong> clenches his booty</i></em></div><div class="chat"><small>Quote joined.</small></div><div class="chat"><small>ggggd joined.</small></div><div class="spacer battle-history"><br></div><div class="battle-history">Battle started between blarajan and tazzie!<br></div><div class="spacer battle-history"><br></div><div class="battle-history">Go! <strong>Anorith</strong>!<br></div><div class="spacer battle-history"><br></div><div class="battle-history">tazzie sent out <strong>Corphish</strong>!<br></div><div class="spacer battle-history"><br></div><h2 class="battle-history">Turn 1</h2><div class="chat chatmessage-ggggd"><strong style="color:hsl(235,77%,63.10391646397442%)"><small> </small><span class="username" data-name="ggggd">ggggd</span>:</strong> <em>bringing anorith to a playoff deciding match</em></div><div class="chat chatmessage-ggggd"><strong style="color:hsl(235,77%,63.10391646397442%)"><small> </small><span class="username" data-name="ggggd">ggggd</span>:</strong> <em>blarajan truly a man</em></div><div class="spacer battle-history"><br></div><div class="battle-history">Anorith, come back!<br></div><div class="battle-history">Go! <strong>Croagunk</strong>!<br></div><div class="spacer battle-history"><br></div><div class="battle-history">The opposing Corphish used <strong>Crabhammer</strong>!<br></div><div class="battle-history"><small>[Croagunk's Dry Skin]</small><br><small>It doesn't affect Croagunk...</small><br></div><div class="spacer battle-history"><br></div><h2 class="battle-history">Turn 2</h2><div class="chat"><small>Spl4sh joined.</small></div><div class="chat"><small>1p1 joined.</small></div><div class="chat"><small>macle joined.</small></div><div class="spacer battle-history"><br></div><div class="battle-history">tazzie withdrew Corphish!<br></div><div class="battle-history">tazzie sent out <strong>Gothita</strong>!<br></div><div class="spacer battle-history"><br></div><div class="battle-history">Croagunk, come back!<br></div><div class="battle-history">Go! <strong>Wynaut</strong>!<br></div><div class="spacer battle-history"><br></div><h2 class="battle-history">Turn 3</h2><div class="chat"><small>Heysup joined.</small></div><div class="chat chatmessage-heysup"><strong style="color:hsl(122,61%,41.41041104181674%)"><small> </small><span class="username" data-name="Heysup">Heysup</span>:</strong> <em>lol</em></div><div class="chat chatmessage-caledrith"><strong style="color:hsl(158,83%,30%)"><small> </small><span class="username" data-name="Caledrith">Caledrith</span>:</strong> <em>hmmmmm</em></div><div class="spacer battle-history"><br></div><div class="battle-history">Wynaut, come back!<br></div><div class="battle-history">Go! <strong>Anorith</strong>!<br></div><div class="spacer battle-history"><br></div><div class="battle-history">tazzie withdrew Gothita!<br></div><div class="battle-history">tazzie sent out <strong>Pawniard</strong>!<br></div><div class="spacer battle-history"><br></div><h2 class="battle-history">Turn 4</h2><div class="spacer battle-history"><br></div><div class="battle-history">Anorith used <strong>Stealth Rock</strong>!<br></div><div class="battle-history"><small>Pointed stones float in the air around the opposing team!</small><br></div><div class="spacer battle-history"><br></div><div class="battle-history">The opposing Pawniard used <strong>Iron Head</strong>!<br></div><div class="battle-history"><small>It's super effective!</small><br></div><div class="battle-history"><small>(Anorith lost <abbr title="−21/21">100%</abbr> of its health!)</small><br></div><div class="spacer battle-history"><br></div><div class="battle-history">Anorith fainted!<br></div><div class="chat"><small>never gonna change joined.</small></div><div class="chat"><small>c oc o nut joined.</small></div><div class="chat chatmessage-coconut"><strong style="color:hsl(65,57%,39.26225879668%)"><small>+</small><span class="username" data-name="c oc o nut">c oc o nut</span>:</strong> <em>anorith's already dead</em></div><div class="chat chatmessage-coconut"><strong style="color:hsl(65,57%,39.26225879668%)"><small>+</small><span class="username" data-name="c oc o nut">c oc o nut</span>:</strong> <em>tf rajan</em></div><div class="spacer battle-history"><br></div><div class="battle-history">Go! <strong>Porygon</strong>!<br></div><div class="battle-history"><small>[Porygon's Trace]</small><br><small>[Porygon's Defiant]</small><br><small>Porygon traced the opposing Pawniard's Defiant!</small><br></div><div class="spacer battle-history"><br></div><h2 class="battle-history">Turn 5</h2><div class="chat chatmessage-coconut"><strong style="color:hsl(65,57%,39.26225879668%)"><small>+</small><span class="username" data-name="c oc o nut">c oc o nut</span>:</strong> <em>oh jk</em></div><div class="chat chatmessage-coconut"><strong style="color:hsl(65,57%,39.26225879668%)"><small>+</small><span class="username" data-name="c oc o nut">c oc o nut</span>:</strong> <em>you have your bread and butter mon</em></div><div class="chat chatmessage-coconut"><strong style="color:hsl(65,57%,39.26225879668%)"><small>+</small><span class="username" data-name="c oc o nut">c oc o nut</span>:</strong> <em>you can't lose</em></div><div class="chat chatmessage-serenesgrace"><strong style="color:hsl(22,75%,44%)"><small> </small><span class="username" data-name="Serene's Grace.">Serene's Grace.</span>:</strong> <em>Tazz is the man</em></div><div class="chat chatmessage-tazzie"><strong style="color:hsl(245,77%,63.845280194405206%)"><small>☆</small><span class="username" data-name="tazzie">tazzie</span>:</strong> <em>im bad lol</em></div><div class="spacer battle-history"><br></div><div class="battle-history">The opposing Pawniard used <strong>Knock Off</strong>!<br></div><div class="battle-history"><small>(Porygon lost <abbr title="−9/25">36%</abbr> of its health!)</small><br></div><div class="battle-history"><small>The opposing Pawniard knocked off Porygon's Eviolite!</small><br></div><div class="spacer battle-history"><br></div><div class="battle-history">Porygon used <strong>Hidden Power</strong>!<br></div><div class="battle-history"><small>It's super effective!</small><br></div><div class="battle-history"><small>(The opposing Pawniard lost <abbr title="−20/21">95.2%</abbr> of its health!)</small><br></div><div class="spacer battle-history"><br></div><h2 class="battle-history">Turn 6</h2><div class="chat chatmessage-serenesgrace"><strong style="color:hsl(22,75%,44%)"><small> </small><span class="username" data-name="Serene's Grace.">Serene's Grace.</span>:</strong> <em>no belchsprout is bad</em></div><div class="chat chatmessage-caledrith"><strong style="color:hsl(158,83%,30%)"><small> </small><span class="username" data-name="Caledrith">Caledrith</span>:</strong> <em>based iron flinches? y/n</em></div><div class="spacer battle-history"><br></div><div class="battle-history">The opposing Pawniard used <strong>Brick Break</strong>!<br></div><div class="battle-history"><small>It's super effective!</small><br></div><div class="battle-history"><small>(Porygon lost <abbr title="−14/25">56.0%</abbr> of its health!)</small><br></div><div class="spacer battle-history"><br></div><div class="battle-history">Porygon used <strong>Thunder Wave</strong>!<br></div><div class="battle-history"><small>The opposing Pawniard is paralyzed! It may be unable to move!</small><br></div><div class="spacer battle-history"><br></div><h2 class="battle-history">Turn 7</h2><div class="chat chatmessage-coconut"><strong style="color:hsl(65,57%,39.26225879668%)"><small>+</small><span class="username" data-name="c oc o nut">c oc o nut</span>:</strong> <em>why'd you let that happen</em></div><div class="spacer battle-history"><br></div><div class="battle-history">Porygon used <strong>Hidden Power</strong>!<br></div><div class="battle-history"><small>It's super effective!</small><br></div><div class="battle-history"><small>A critical hit!</small><br></div><div class="battle-history"><small>(The opposing Pawniard lost <abbr title="−1/21">4.8%</abbr> of its health!)</small><br></div><div class="spacer battle-history"><br></div><div class="battle-history">The opposing Pawniard fainted!<br></div><div class="chat chatmessage-coconut"><strong style="color:hsl(65,57%,39.26225879668%)"><small>+</small><span class="username" data-name="c oc o nut">c oc o nut</span>:</strong> <em>rajan do you want to vote</em></div><div class="chat"><small>Drew joined.</small></div><div class="chat chatmessage-coconut"><strong style="color:hsl(65,57%,39.26225879668%)"><small>+</small><span class="username" data-name="c oc o nut">c oc o nut</span>:</strong> <em>in the ORAS suspect</em></div><div class="chat chatmessage-blarajan"><strong style="color:hsl(284,44%,53.516927422444354%)"><small>☆</small><span class="username" data-name="blarajan">blarajan</span>:</strong> <em>uh</em></div><div class="chat chatmessage-blarajan"><strong style="color:hsl(284,44%,53.516927422444354%)"><small>☆</small><span class="username" data-name="blarajan">blarajan</span>:</strong> <em>ok</em></div><div class="chat chatmessage-blarajan"><strong style="color:hsl(284,44%,53.516927422444354%)"><small>☆</small><span class="username" data-name="blarajan">blarajan</span>:</strong> <em>what's the suspect</em></div><div class="chat chatmessage-coconut"><strong style="color:hsl(65,57%,39.26225879668%)"><small>+</small><span class="username" data-name="c oc o nut">c oc o nut</span>:</strong> <em>okay</em></div><div class="chat chatmessage-blarajan"><strong style="color:hsl(284,44%,53.516927422444354%)"><small>☆</small><span class="username" data-name="blarajan">blarajan</span>:</strong> <em>if it's diglett yes</em></div><div class="chat chatmessage-coconut"><strong style="color:hsl(65,57%,39.26225879668%)"><small>+</small><span class="username" data-name="c oc o nut">c oc o nut</span>:</strong> <em>trapper</em></div><div class="chat chatmessage-blarajan"><strong style="color:hsl(284,44%,53.516927422444354%)"><small>☆</small><span class="username" data-name="blarajan">blarajan</span>:</strong> <em>banned</em></div><div class="chat chatmessage-serenesgrace"><strong style="color:hsl(22,75%,44%)"><small> </small><span class="username" data-name="Serene's Grace.">Serene's Grace.</span>:</strong> <em>Goth peobably</em></div><div class="chat chatmessage-coconut"><strong style="color:hsl(65,57%,39.26225879668%)"><small>+</small><span class="username" data-name="c oc o nut">c oc o nut</span>:</strong> <em>no the other one</em></div><div class="chat chatmessage-blarajan"><strong style="color:hsl(284,44%,53.516927422444354%)"><small>☆</small><span class="username" data-name="blarajan">blarajan</span>:</strong> <em>oh</em></div><div class="chat chatmessage-blarajan"><strong style="color:hsl(284,44%,53.516927422444354%)"><small>☆</small><span class="username" data-name="blarajan">blarajan</span>:</strong> <em>why do you guys keep doing this</em></div><div class="chat chatmessage-heysup"><strong style="color:hsl(122,61%,41.41041104181674%)"><small> </small><span class="username" data-name="Heysup">Heysup</span>:</strong> <em>lol</em></div><div class="chat chatmessage-caledrith"><strong style="color:hsl(158,83%,30%)"><small> </small><span class="username" data-name="Caledrith">Caledrith</span>:</strong> <em>Just ban both ffs</em></div><div class="chat chatmessage-coconut"><strong style="color:hsl(65,57%,39.26225879668%)"><small>+</small><span class="username" data-name="c oc o nut">c oc o nut</span>:</strong> <em>we can't suspect diglett</em></div><div class="chat chatmessage-macle"><strong style="color:hsl(202,84%,48%)"><small> </small><span class="username" data-name="macle">macle</span>:</strong> <em>not my fault</em></div><div class="chat chatmessage-drew"><strong style="color:hsl(54,79%,34.52871986776996%)"><small> </small><span class="username" data-name="Drew">Drew</span>:</strong> <em>are we unbanning goth in oras?</em></div><div class="chat chatmessage-heysup"><strong style="color:hsl(122,61%,41.41041104181674%)"><small> </small><span class="username" data-name="Heysup">Heysup</span>:</strong> <em>u</em></div><div class="chat chatmessage-coconut"><strong style="color:hsl(65,57%,39.26225879668%)"><small>+</small><span class="username" data-name="c oc o nut">c oc o nut</span>:</strong> <em>ss won't allow us to suspect it</em></div><div class="chat chatmessage-coconut"><strong style="color:hsl(65,57%,39.26225879668%)"><small>+</small><span class="username" data-name="c oc o nut">c oc o nut</span>:</strong> <em>3 times in a row</em></div><div class="chat chatmessage-blarajan"><strong style="color:hsl(284,44%,53.516927422444354%)"><small>☆</small><span class="username" data-name="blarajan">blarajan</span>:</strong> <em>lol</em></div><div class="chat chatmessage-drew"><strong style="color:hsl(54,79%,34.52871986776996%)"><small> </small><span class="username" data-name="Drew">Drew</span>:</strong> <em>lol</em></div><div class="chat chatmessage-serenesgrace"><strong style="color:hsl(22,75%,44%)"><small> </small><span class="username" data-name="Serene's Grace.">Serene's Grace.</span>:</strong> <em>lol</em></div><div class="chat chatmessage-coconut"><strong style="color:hsl(65,57%,39.26225879668%)"><small>+</small><span class="username" data-name="c oc o nut">c oc o nut</span>:</strong> <em>why are you guys laughing like it's my fault</em></div><div class="chat chatmessage-coconut"><strong style="color:hsl(65,57%,39.26225879668%)"><small>+</small><span class="username" data-name="c oc o nut">c oc o nut</span>:</strong> <em>that you guys kept diglett</em></div><div class="chat"><small>Brazilian Army joined.</small></div><div class="chat"><small>hyuoij joined.</small></div><div class="spacer battle-history"><br></div><div class="battle-history">tazzie sent out <strong>Mienfoo</strong>!<br></div><div class="battle-history"><small>Pointed stones dug into the opposing Mienfoo!</small><br></div><div class="spacer battle-history"><br></div><h2 class="battle-history">Turn 8</h2><div class="chat chatmessage-hyuoij"><strong style="color:hsl(116,77%,37.0711450666019%)"><small> </small><span class="username" data-name="hyuoij">hyuoij</span>:</strong> <em>what's ss?</em></div><div class="chat chatmessage-coconut"><strong style="color:hsl(65,57%,39.26225879668%)"><small>+</small><span class="username" data-name="c oc o nut">c oc o nut</span>:</strong> <em>so now our dumbasses</em></div><div class="chat"><small>Alore joined.</small></div><div class="chat chatmessage-coconut"><strong style="color:hsl(65,57%,39.26225879668%)"><small>+</small><span class="username" data-name="c oc o nut">c oc o nut</span>:</strong> <em>need to ban goth</em></div><div class="chat chatmessage-caledrith"><strong style="color:hsl(158,83%,30%)"><small> </small><span class="username" data-name="Caledrith">Caledrith</span>:</strong> <em>I can't believe yall kept it tbh</em></div><div class="chat chatmessage-coconut"><strong style="color:hsl(65,57%,39.26225879668%)"><small>+</small><span class="username" data-name="c oc o nut">c oc o nut</span>:</strong> <em>before we ban diglett</em></div><div class="spacer battle-history"><br></div><div class="battle-history">The opposing Mienfoo used <strong>U-turn</strong>!<br></div><div class="battle-history"><small>A critical hit!</small><br></div><div class="battle-history"><small>(Porygon lost <abbr title="−2/25">8%</abbr> of its health!)</small><br></div><div class="spacer battle-history"><br></div><div class="battle-history">Porygon fainted!<br></div><div class="chat chatmessage-serenesgrace"><strong style="color:hsl(22,75%,44%)"><small> </small><span class="username" data-name="Serene's Grace.">Serene's Grace.</span>:</strong> <em>senior staff</em></div><div class="chat chatmessage-drew"><strong style="color:hsl(54,79%,34.52871986776996%)"><small> </small><span class="username" data-name="Drew">Drew</span>:</strong> <em>what do u mean diglett is v easy to play around</em></div><div class="chat chatmessage-caledrith"><strong style="color:hsl(158,83%,30%)"><small> </small><span class="username" data-name="Caledrith">Caledrith</span>:</strong> <em>It was gonna be suspected when I left</em></div><div class="chat chatmessage-hyuoij"><strong style="color:hsl(116,77%,37.0711450666019%)"><small> </small><span class="username" data-name="hyuoij">hyuoij</span>:</strong> <em>thanks</em></div><div class="chat"><small>hyuoij left.</small></div><div class="chat chatmessage-drew"><strong style="color:hsl(54,79%,34.52871986776996%)"><small> </small><span class="username" data-name="Drew">Drew</span>:</strong> <em>just make a double everytime anything switches in and dont kill anything</em></div><div class="chat chatmessage-drew"><strong style="color:hsl(54,79%,34.52871986776996%)"><small> </small><span class="username" data-name="Drew">Drew</span>:</strong> <em>anf ut good</em></div><div class="chat chatmessage-drew"><strong style="color:hsl(54,79%,34.52871986776996%)"><small> </small><span class="username" data-name="Drew">Drew</span>:</strong> <em>typing es hard</em></div><div class="chat chatmessage-caledrith"><strong style="color:hsl(158,83%,30%)"><small> </small><span class="username" data-name="Caledrith">Caledrith</span>:</strong> <em>seems effective</em></div><div class="chat chatmessage-drew"><strong style="color:hsl(54,79%,34.52871986776996%)"><small> </small><span class="username" data-name="Drew">Drew</span>:</strong> <em>ye</em></div><div class="chat chatmessage-serenesgrace"><strong style="color:hsl(22,75%,44%)"><small> </small><span class="username" data-name="Serene's Grace.">Serene's Grace.</span>:</strong> <em>is tazz winning</em></div><div class="chat chatmessage-drew"><strong style="color:hsl(54,79%,34.52871986776996%)"><small> </small><span class="username" data-name="Drew">Drew</span>:</strong> <em>btw cale where's the other mormon</em></div><div class="chat chatmessage-drew"><strong style="color:hsl(54,79%,34.52871986776996%)"><small> </small><span class="username" data-name="Drew">Drew</span>:</strong> <em>i need my man berks</em></div><div class="chat chatmessage-heysup"><strong style="color:hsl(122,61%,41.41041104181674%)"><small> </small><span class="username" data-name="Heysup">Heysup</span>:</strong> <em>ya</em></div><div class="chat chatmessage-caledrith"><strong style="color:hsl(158,83%,30%)"><small> </small><span class="username" data-name="Caledrith">Caledrith</span>:</strong> <em>idk lol</em></div><div class="chat chatmessage-caledrith"><strong style="color:hsl(158,83%,30%)"><small> </small><span class="username" data-name="Caledrith">Caledrith</span>:</strong> <em>He's on at super different times than me</em></div><div class="chat chatmessage-drew"><strong style="color:hsl(54,79%,34.52871986776996%)"><small> </small><span class="username" data-name="Drew">Drew</span>:</strong> <em>also when are u guys playing?</em></div><div class="chat chatmessage-caledrith"><strong style="color:hsl(158,83%,30%)"><small> </small><span class="username" data-name="Caledrith">Caledrith</span>:</strong> <em>Even though he's only a 1.5 hour drive</em></div><div class="chat chatmessage-caledrith"><strong style="color:hsl(158,83%,30%)"><small> </small><span class="username" data-name="Caledrith">Caledrith</span>:</strong> <em>sunday night</em></div><div class="spacer battle-history"><br></div><div class="battle-history">The opposing Mienfoo went back to tazzie!<br></div><div class="battle-history">tazzie sent out <strong>Corphish</strong>!<br></div><div class="battle-history"><small>Pointed stones dug into the opposing Corphish!</small><br></div><div class="chat chatmessage-drew"><strong style="color:hsl(54,79%,34.52871986776996%)"><small> </small><span class="username" data-name="Drew">Drew</span>:</strong> <em>cool</em></div><div class="chat chatmessage-caledrith"><strong style="color:hsl(158,83%,30%)"><small> </small><span class="username" data-name="Caledrith">Caledrith</span>:</strong> <em>good ole sabbath day beatdown</em></div><div class="chat"><small>LightCore joined.</small></div><div class="chat chatmessage-drew"><strong style="color:hsl(54,79%,34.52871986776996%)"><small> </small><span class="username" data-name="Drew">Drew</span>:</strong> <em>down</em></div><div class="chat chatmessage-lightcore"><strong style="color:hsl(52,89%,34.72347139274976%)"><small> </small><span class="username" data-name="LightCore">LightCore</span>:</strong> <em>Rajan, your pokemon are almost as cute as you</em></div><div class="chat chatmessage-brazilianarmy"><strong style="color:hsl(353,77%,47%)"><small> </small><span class="username" data-name="Brazilian Army">Brazilian Army</span>:</strong> <em>love Tazz</em></div><div class="chat chatmessage-brazilianarmy"><strong style="color:hsl(353,77%,47%)"><small> </small><span class="username" data-name="Brazilian Army">Brazilian Army</span>:</strong> <em>LOL</em></div><div class="chat"><small>Dundies joined.</small></div><div class="chat chatmessage-blarajan"><strong style="color:hsl(284,44%,53.516927422444354%)"><small>☆</small><span class="username" data-name="blarajan">blarajan</span>:</strong> <em>thx</em></div><div class="spacer battle-history"><br></div><div class="battle-history">Go! <strong>Croagunk</strong>!<br></div><div class="spacer battle-history"><br></div><h2 class="battle-history">Turn 9</h2><div class="spacer battle-history"><br></div><div class="battle-history">Croagunk, come back!<br></div><div class="battle-history">Go! <strong>Wynaut</strong>!<br></div><div class="spacer battle-history"><br></div><div class="battle-history">The opposing Corphish used <strong>Crabhammer</strong>!<br></div><div class="battle-history"><small>(Wynaut lost <abbr title="−22/26">84.6%</abbr> of its health!)</small><br></div><div class="battle-history"><small>(Wynaut used its Berry Juice!)</small><br></div><div class="battle-history"><small>Wynaut restored HP using its Berry Juice!</small><br></div><div class="spacer battle-history"><br></div><h2 class="battle-history">Turn 10</h2><div class="chat chatmessage-coconut"><strong style="color:hsl(65,57%,39.26225879668%)"><small>+</small><span class="username" data-name="c oc o nut">c oc o nut</span>:</strong> <em>dude who does that</em></div><div class="chat chatmessage-coconut"><strong style="color:hsl(65,57%,39.26225879668%)"><small>+</small><span class="username" data-name="c oc o nut">c oc o nut</span>:</strong> <em>that was wild</em></div><div class="chat"><small>Brazilian Army left.</small></div><div class="spacer battle-history"><br></div><div class="battle-history">The opposing Corphish used <strong>Swords Dance</strong>!<br></div><div class="battle-history"><small>The opposing Corphish's Attack rose sharply!</small><br></div><div class="spacer battle-history"><br></div><div class="battle-history">Wynaut used <strong>Encore</strong>!<br></div><div class="battle-history"><small>The opposing Corphish received an encore!</small><br></div><div class="spacer battle-history"><br></div><h2 class="battle-history">Turn 11</h2><div class="chat chatmessage-coconut"><strong style="color:hsl(65,57%,39.26225879668%)"><small>+</small><span class="username" data-name="c oc o nut">c oc o nut</span>:</strong> <em>man you made</em></div><div class="chat chatmessage-coconut"><strong style="color:hsl(65,57%,39.26225879668%)"><small>+</small><span class="username" data-name="c oc o nut">c oc o nut</span>:</strong> <em>an amazing play</em></div><div class="chat chatmessage-coconut"><strong style="color:hsl(65,57%,39.26225879668%)"><small>+</small><span class="username" data-name="c oc o nut">c oc o nut</span>:</strong> <em>and then you made an awful one</em></div><div class="spacer battle-history"><br></div><div class="battle-history">Wynaut, come back!<br></div><div class="battle-history">Go! <strong>Amaura</strong>!<br></div><div class="battle-history"><small>[Amaura's Snow Warning]</small><br><small>It started to hail!</small><br></div><div class="spacer battle-history"><br></div><div class="battle-history">The opposing Corphish used <strong>Swords Dance</strong>!<br></div><div class="battle-history"><small>The opposing Corphish's Attack rose sharply!</small><br></div><div class="spacer battle-history"><br></div><div class="battle-history"><small>The hail is crashing down.</small><br></div><div class="battle-history"><small>The opposing Corphish is buffeted by the hail!</small><br></div><div class="spacer battle-history"><br></div><h2 class="battle-history">Turn 12</h2><div class="chat chatmessage-coconut"><strong style="color:hsl(65,57%,39.26225879668%)"><small>+</small><span class="username" data-name="c oc o nut">c oc o nut</span>:</strong> <em>right after</em></div><div class="chat chatmessage-dundies"><strong style="color:hsl(218,48%,51.92178491239487%)"><small> </small><span class="username" data-name="Dundies">Dundies</span>:</strong> <em>idk about awful</em></div><div class="chat chatmessage-dundies"><strong style="color:hsl(218,48%,51.92178491239487%)"><small> </small><span class="username" data-name="Dundies">Dundies</span>:</strong> <em>more like a 50/50</em></div><div class="chat chatmessage-coconut"><strong style="color:hsl(65,57%,39.26225879668%)"><small>+</small><span class="username" data-name="c oc o nut">c oc o nut</span>:</strong> <em>no</em></div><div class="chat chatmessage-macle"><strong style="color:hsl(202,84%,48%)"><small> </small><span class="username" data-name="macle">macle</span>:</strong> <em>is this the future that liberals wanted</em></div><div class="chat chatmessage-coconut"><strong style="color:hsl(65,57%,39.26225879668%)"><small>+</small><span class="username" data-name="c oc o nut">c oc o nut</span>:</strong> <em>the play was to knock</em></div><div class="chat chatmessage-coconut"><strong style="color:hsl(65,57%,39.26225879668%)"><small>+</small><span class="username" data-name="c oc o nut">c oc o nut</span>:</strong> <em>that was a 100% success</em></div><div class="chat chatmessage-dundies"><strong style="color:hsl(218,48%,51.92178491239487%)"><small> </small><span class="username" data-name="Dundies">Dundies</span>:</strong> <em>knock didnt kill</em></div><div class="chat chatmessage-ggggd"><strong style="color:hsl(235,77%,63.10391646397442%)"><small> </small><span class="username" data-name="ggggd">ggggd</span>:</strong> <em>what was even the point of</em></div><div class="chat chatmessage-coconut"><strong style="color:hsl(65,57%,39.26225879668%)"><small>+</small><span class="username" data-name="c oc o nut">c oc o nut</span>:</strong> <em>crabhammer encored</em></div><div class="chat chatmessage-ggggd"><strong style="color:hsl(235,77%,63.10391646397442%)"><small> </small><span class="username" data-name="ggggd">ggggd</span>:</strong> <em>going wynaut</em></div><div class="chat chatmessage-coconut"><strong style="color:hsl(65,57%,39.26225879668%)"><small>+</small><span class="username" data-name="c oc o nut">c oc o nut</span>:</strong> <em>meant that he could have went to gunk</em></div><div class="chat chatmessage-caledrith"><strong style="color:hsl(158,83%,30%)"><small> </small><span class="username" data-name="Caledrith">Caledrith</span>:</strong> <em>kockoff didnt kill</em></div><div class="chat chatmessage-caledrith"><strong style="color:hsl(158,83%,30%)"><small> </small><span class="username" data-name="Caledrith">Caledrith</span>:</strong> <em>i promise</em></div><div class="chat chatmessage-dundies"><strong style="color:hsl(218,48%,51.92178491239487%)"><small> </small><span class="username" data-name="Dundies">Dundies</span>:</strong> <em>actually sding ensures that corphish didnt die</em></div><div class="chat chatmessage-coconut"><strong style="color:hsl(65,57%,39.26225879668%)"><small>+</small><span class="username" data-name="c oc o nut">c oc o nut</span>:</strong> <em>knock didn't need to kill</em></div><div class="chat chatmessage-serenesgrace"><strong style="color:hsl(22,75%,44%)"><small> </small><span class="username" data-name="Serene's Grace.">Serene's Grace.</span>:</strong> <em>Everyone is gay except me</em></div><div class="chat chatmessage-coconut"><strong style="color:hsl(65,57%,39.26225879668%)"><small>+</small><span class="username" data-name="c oc o nut">c oc o nut</span>:</strong> <em>rajan can't switch into a knock freely</em></div><div class="chat chatmessage-dundies"><strong style="color:hsl(218,48%,51.92178491239487%)"><small> </small><span class="username" data-name="Dundies">Dundies</span>:</strong> <em>why is Serene's Grace voice</em></div><div class="chat chatmessage-coconut"><strong style="color:hsl(65,57%,39.26225879668%)"><small>+</small><span class="username" data-name="c oc o nut">c oc o nut</span>:</strong> <em>he can switch into an SD or a crabhammer</em></div><div class="chat chatmessage-caledrith"><strong style="color:hsl(158,83%,30%)"><small> </small><span class="username" data-name="Caledrith">Caledrith</span>:</strong> <em>oh you mean when tazzie chammered?</em></div><div class="chat chatmessage-coconut"><strong style="color:hsl(65,57%,39.26225879668%)"><small>+</small><span class="username" data-name="c oc o nut">c oc o nut</span>:</strong> <em>no</em></div><div class="chat"><small>LightCore left.</small></div><div class="chat chatmessage-serenesgrace"><strong style="color:hsl(22,75%,44%)"><small> </small><span class="username" data-name="Serene's Grace.">Serene's Grace.</span>:</strong> <em>dundies I am a hardworking and controubting member of the chat</em></div><div class="chat chatmessage-coconut"><strong style="color:hsl(65,57%,39.26225879668%)"><small>+</small><span class="username" data-name="c oc o nut">c oc o nut</span>:</strong> <em>yea I like S'sG</em></div><div class="chat chatmessage-dundies"><strong style="color:hsl(218,48%,51.92178491239487%)"><small> </small><span class="username" data-name="Dundies">Dundies</span>:</strong> <em>see you cant even spell</em></div><div class="chat chatmessage-coconut"><strong style="color:hsl(65,57%,39.26225879668%)"><small>+</small><span class="username" data-name="c oc o nut">c oc o nut</span>:</strong> <em>don't be hating on him</em></div><div class="chat chatmessage-serenesgrace"><strong style="color:hsl(22,75%,44%)"><small> </small><span class="username" data-name="Serene's Grace.">Serene's Grace.</span>:</strong> <em>I'm on phone</em></div><div class="spacer battle-history"><br></div><div class="battle-history">tazzie withdrew Corphish!<br></div><div class="battle-history">tazzie sent out <strong>Ferroseed</strong>!<br></div><div class="battle-history"><small>Pointed stones dug into the opposing Ferroseed!</small><br></div><div class="spacer battle-history"><br></div><div class="battle-history">Amaura used <strong>Thunderbolt</strong>!<br></div><div class="battle-history"><small>It's not very effective...</small><br></div><div class="battle-history"><small>(The opposing Ferroseed lost <abbr title="−2/22">9.1%</abbr> of its health!)</small><br></div><div class="spacer battle-history"><br></div><div class="battle-history"><small>The hail is crashing down.</small><br></div><div class="battle-history"><small>The opposing Ferroseed is buffeted by the hail!</small><br></div><div class="spacer battle-history"><br></div><h2 class="battle-history">Turn 13</h2><div class="chat chatmessage-coconut"><strong style="color:hsl(65,57%,39.26225879668%)"><small>+</small><span class="username" data-name="c oc o nut">c oc o nut</span>:</strong> <em>phones have autocorrect</em></div><div class="chat chatmessage-serenesgrace"><strong style="color:hsl(22,75%,44%)"><small> </small><span class="username" data-name="Serene's Grace.">Serene's Grace.</span>:</strong> <em>Mine autocorrects to Hindi words sometimes</em></div><div class="spacer battle-history"><br></div><div class="battle-history">Amaura, come back!<br></div><div class="battle-history">Go! <strong>Wynaut</strong>!<br></div><div class="spacer battle-history"><br></div><div class="battle-history">The opposing Ferroseed used <strong>Stealth Rock</strong>!<br></div><div class="battle-history"><small>Pointed stones float in the air around your team!</small><br></div><div class="spacer battle-history"><br></div><div class="battle-history"><small>The hail is crashing down.</small><br></div><div class="battle-history"><small>Wynaut is buffeted by the hail!</small><br></div><div class="battle-history"><small>The opposing Ferroseed is buffeted by the hail!</small><br></div><div class="spacer battle-history"><br></div><h2 class="battle-history">Turn 14</h2><div class="chat chatmessage-serenesgrace"><strong style="color:hsl(22,75%,44%)"><small> </small><span class="username" data-name="Serene's Grace.">Serene's Grace.</span>:</strong> <em>so I turn it off</em></div><div class="chat"><small>Jk♥Howling joined.</small></div><div class="spacer battle-history"><br></div><div class="battle-history">Wynaut used <strong>Encore</strong>!<br></div><div class="battle-history"><small>The opposing Ferroseed received an encore!</small><br></div><div class="spacer battle-history"><br></div><div class="battle-history">The opposing Ferroseed used <strong>Stealth Rock</strong>!<br></div><div class="battle-history"><small>But it failed!</small><br></div><div class="spacer battle-history"><br></div><div class="battle-history"><small>The hail is crashing down.</small><br></div><div class="battle-history"><small>Wynaut is buffeted by the hail!</small><br></div><div class="battle-history"><small>The opposing Ferroseed is buffeted by the hail!</small><br></div><div class="spacer battle-history"><br></div><h2 class="battle-history">Turn 15</h2><div class="spacer battle-history"><br></div><div class="battle-history">The opposing Ferroseed used <strong>Stealth Rock</strong>!<br></div><div class="battle-history"><small>But it failed!</small><br></div><div class="spacer battle-history"><br></div><div class="battle-history">Wynaut used <strong>Counter</strong>!<br></div><div class="battle-history"><small>But it failed!</small><br></div><div class="spacer battle-history"><br></div><div class="battle-history"><small>The hail stopped.</small><br></div><div class="spacer battle-history"><br></div><h2 class="battle-history">Turn 16</h2><div class="chat chatmessage-tazzie"><strong style="color:hsl(245,77%,63.845280194405206%)"><small>☆</small><span class="username" data-name="tazzie">tazzie</span>:</strong> <em>this is going to be fun</em></div><div class="chat chatmessage-heysup"><strong style="color:hsl(122,61%,41.41041104181674%)"><small> </small><span class="username" data-name="Heysup">Heysup</span>:</strong> <em>?</em></div><div class="chat chatmessage-tazzie"><strong style="color:hsl(245,77%,63.845280194405206%)"><small>☆</small><span class="username" data-name="tazzie">tazzie</span>:</strong> <em>i can tell</em></div><div class="spacer battle-history"><br></div><div class="battle-history">The opposing Ferroseed used <strong>Stealth Rock</strong>!<br></div><div class="battle-history"><small>But it failed!</small><br></div><div class="spacer battle-history"><br></div><div class="battle-history">Wynaut used <strong>Counter</strong>!<br></div><div class="battle-history"><small>But it failed!</small><br></div><div class="spacer battle-history"><br></div><div class="battle-history"><small>The opposing Ferroseed's encore ended!</small><br></div><div class="spacer battle-history"><br></div><h2 class="battle-history">Turn 17</h2><div class="chat chatmessage-caledrith"><strong style="color:hsl(158,83%,30%)"><small> </small><span class="username" data-name="Caledrith">Caledrith</span>:</strong> <em>^</em></div><div class="spacer battle-history"><br></div><div class="battle-history">Wynaut used <strong>Encore</strong>!<br></div><div class="battle-history"><small>The opposing Ferroseed received an encore!</small><br></div><div class="spacer battle-history"><br></div><div class="battle-history">The opposing Ferroseed used <strong>Stealth Rock</strong>!<br></div><div class="battle-history"><small>But it failed!</small><br></div><div class="spacer battle-history"><br></div><h2 class="battle-history">Turn 18</h2><div class="chat chatmessage-coconut"><strong style="color:hsl(65,57%,39.26225879668%)"><small>+</small><span class="username" data-name="c oc o nut">c oc o nut</span>:</strong> <em>someone hl me</em></div><div class="chat chatmessage-caledrith"><strong style="color:hsl(158,83%,30%)"><small> </small><span class="username" data-name="Caledrith">Caledrith</span>:</strong> <em>gonna checkout for the next 20 minutes</em></div><div class="chat chatmessage-heysup"><strong style="color:hsl(122,61%,41.41041104181674%)"><small> </small><span class="username" data-name="Heysup">Heysup</span>:</strong> <em>are u pp stalling</em></div><div class="chat chatmessage-tazzie"><strong style="color:hsl(245,77%,63.845280194405206%)"><small>☆</small><span class="username" data-name="tazzie">tazzie</span>:</strong> <em>yipee</em></div><div class="chat chatmessage-caledrith"><strong style="color:hsl(158,83%,30%)"><small> </small><span class="username" data-name="Caledrith">Caledrith</span>:</strong> <em>coco is a fgt</em></div><div class="chat chatmessage-coconut"><strong style="color:hsl(65,57%,39.26225879668%)"><small>+</small><span class="username" data-name="c oc o nut">c oc o nut</span>:</strong> <em>when something happens</em></div><div class="chat chatmessage-heysup"><strong style="color:hsl(122,61%,41.41041104181674%)"><small> </small><span class="username" data-name="Heysup">Heysup</span>:</strong> <em>u idiot</em></div><div class="spacer battle-history"><br></div><div class="battle-history">Wynaut, come back!<br></div><div class="battle-history">Go! <strong>Amaura</strong>!<br></div><div class="battle-history"><small>Pointed stones dug into Amaura!</small><br></div><div class="battle-history"><small>[Amaura's Snow Warning]</small><br><small>It started to hail!</small><br></div><div class="spacer battle-history"><br></div><div class="battle-history">The opposing Ferroseed used <strong>Stealth Rock</strong>!<br></div><div class="battle-history"><small>But it failed!</small><br></div><div class="spacer battle-history"><br></div><div class="battle-history"><small>The hail is crashing down.</small><br></div><div class="battle-history"><small>The opposing Ferroseed is buffeted by the hail!</small><br></div><div class="spacer battle-history"><br></div><h2 class="battle-history">Turn 19</h2><div class="chat chatmessage-caledrith"><strong style="color:hsl(158,83%,30%)"><small> </small><span class="username" data-name="Caledrith">Caledrith</span>:</strong> <em>oh jk</em></div><div class="chat chatmessage-caledrith"><strong style="color:hsl(158,83%,30%)"><small> </small><span class="username" data-name="Caledrith">Caledrith</span>:</strong> <em>sorry thought u were asking rn</em></div><div class="chat"><small>Vileman joined.</small></div><div class="chat chatmessage-vileman"><strong style="color:hsl(32,50%,40.63069963958335%)"><small>+</small><span class="username" data-name="Vileman">Vileman</span>:</strong> <em>Go blarajohnny xD</em></div><div class="chat message-error">Battle timer is ON: inactive players will automatically lose when time's up. (requested by blarajan)</div><div class="spacer battle-history"><br></div><div class="battle-history">Amaura used <strong>Blizzard</strong>!<br></div><div class="battle-history"><small>(The opposing Ferroseed lost <abbr title="−9/22">40.9%</abbr> of its health!)</small><br></div><div class="spacer battle-history"><br></div><div class="battle-history">The opposing Ferroseed used <strong>Stealth Rock</strong>!<br></div><div class="battle-history"><small>But it failed!</small><br></div><div class="spacer battle-history"><br></div><div class="battle-history"><small>The hail is crashing down.</small><br></div><div class="battle-history"><small>The opposing Ferroseed is buffeted by the hail!</small><br></div><div class="battle-history"><small>The opposing Ferroseed's encore ended!</small><br></div><div class="spacer battle-history"><br></div><h2 class="battle-history">Turn 20</h2><div class="spacer battle-history"><br></div><div class="battle-history">Amaura used <strong>Blizzard</strong>!<br></div><div class="battle-history"><small>(The opposing Ferroseed lost <abbr title="−5/22">22.7%</abbr> of its health!)</small><br></div><div class="spacer battle-history"><br></div><div class="battle-history">The opposing Ferroseed fainted!<br></div><div class="spacer battle-history"><br></div><div class="battle-history"><small>The hail is crashing down.</small><br></div><div class="spacer battle-history"><br></div><div class="battle-history">tazzie sent out <strong>Mienfoo</strong>!<br></div><div class="battle-history"><small>Pointed stones dug into the opposing Mienfoo!</small><br></div><div class="spacer battle-history"><br></div><h2 class="battle-history">Turn 21</h2><div class="chat"><small>tahu joined.</small></div><div class="chat"><small>Brick Love joined.</small></div><div class="spacer battle-history"><br></div><div class="battle-history">The opposing Mienfoo used <strong>High Jump Kick</strong>!<br></div><div class="battle-history"><small>It's super effective!</small><br></div><div class="battle-history"><small>(Amaura lost <abbr title="−19/25">76%</abbr> of its health!)</small><br></div><div class="spacer battle-history"><br></div><div class="battle-history">Amaura fainted!<br></div><div class="spacer battle-history"><br></div><div class="battle-history"><small>The hail is crashing down.</small><br></div><div class="battle-history"><small>The opposing Mienfoo is buffeted by the hail!</small><br></div><div class="chat"><small>Dundies left.</small></div><div class="spacer battle-history"><br></div><div class="battle-history">Go! <strong>Wynaut</strong>!<br></div><div class="battle-history"><small>Pointed stones dug into Wynaut!</small><br></div><div class="spacer battle-history"><br></div><h2 class="battle-history">Turn 22</h2><div class="chat chatmessage-macle"><strong style="color:hsl(202,84%,48%)"><small> </small><span class="username" data-name="macle">macle</span>:</strong> <em>blara u suck</em></div><div class="spacer battle-history"><br></div><div class="battle-history">The opposing Mienfoo used <strong>High Jump Kick</strong>!<br></div><div class="battle-history"><small>It's not very effective...</small><br></div><div class="battle-history"><small>(Wynaut lost <abbr title="−12/26">46.2%</abbr> of its health!)</small><br></div><div class="spacer battle-history"><br></div><div class="battle-history">Wynaut used <strong>Counter</strong>!<br></div><div class="battle-history"><small>(The opposing Mienfoo lost <abbr title="−18/21">85.7%</abbr> of its health!)</small><br></div><div class="spacer battle-history"><br></div><div class="battle-history">The opposing Mienfoo fainted!<br></div><div class="spacer battle-history"><br></div><div class="battle-history"><small>The hail stopped.</small><br></div><div class="chat"><small>LuckyRyu joined.</small></div><div class="chat"><small>humas joined.</small></div><div class="chat chatmessage-heysup"><strong style="color:hsl(122,61%,41.41041104181674%)"><small> </small><span class="username" data-name="Heysup">Heysup</span>:</strong> <em>wincon gone</em></div><div class="spacer battle-history"><br></div><div class="battle-history">tazzie sent out <strong>Corphish</strong>!<br></div><div class="battle-history"><small>Pointed stones dug into the opposing Corphish!</small><br></div><div class="spacer battle-history"><br></div><h2 class="battle-history">Turn 23</h2><div class="spacer battle-history"><br></div><div class="battle-history">Wynaut used <strong>Destiny Bond</strong>!<br></div><div class="battle-history">Wynaut is hoping to take its attacker down with it!<br></div><div class="spacer battle-history"><br></div><div class="battle-history">The opposing Corphish used <strong>Knock Off</strong>!<br></div><div class="battle-history"><small>It's super effective!</small><br></div><div class="battle-history"><small>(Wynaut lost <abbr title="−7/26">26.9%</abbr> of its health!)</small><br></div><div class="spacer battle-history"><br></div><div class="battle-history">Wynaut fainted!<br></div><div class="battle-history"><small>Wynaut took its attacker down with it!</small><br></div><div class="spacer battle-history"><br></div><div class="battle-history">The opposing Corphish fainted!<br></div><div class="chat"><small>tahu left.</small></div><div class="chat chatmessage-heysup"><strong style="color:hsl(122,61%,41.41041104181674%)"><small> </small><span class="username" data-name="Heysup">Heysup</span>:</strong> <em>chokke</em></div><div class="chat"><small>Brazilian Army joined.</small></div><div class="chat"><small>ItzViper482 joined.</small></div><div class="chat"><small>humas left.</small></div><div class="chat"><small>ItzViper482 left.</small></div><div class="chat"><small>humas joined.</small></div><div class="chat chatmessage-brazilianarmy"><strong style="color:hsl(353,77%,47%)"><small> </small><span class="username" data-name="Brazilian Army">Brazilian Army</span>:</strong> <em>50/50</em></div><div class="chat"><small>Fiend Hound joined.</small></div><div class="chat chatmessage-heysup"><strong style="color:hsl(122,61%,41.41041104181674%)"><small> </small><span class="username" data-name="Heysup">Heysup</span>:</strong> <em>n</em></div><div class="chat chatmessage-fiendhound"><strong style="color:hsl(347,87%,41.48433827180416%)"><small>+</small><span class="username" data-name="Fiend Hound">Fiend Hound</span>:</strong> <em>yeah does he have</em></div><div class="chat chatmessage-vileman"><strong style="color:hsl(32,50%,40.63069963958335%)"><small>+</small><span class="username" data-name="Vileman">Vileman</span>:</strong> <em>49/51</em></div><div class="chat chatmessage-fiendhound"><strong style="color:hsl(347,87%,41.48433827180416%)"><small>+</small><span class="username" data-name="Fiend Hound">Fiend Hound</span>:</strong> <em>1 play</em></div><div class="chat chatmessage-ggggd"><strong style="color:hsl(235,77%,63.10391646397442%)"><small> </small><span class="username" data-name="ggggd">ggggd</span>:</strong> <em>25/25/25/25</em></div><div class="chat chatmessage-ggggd"><strong style="color:hsl(235,77%,63.10391646397442%)"><small> </small><span class="username" data-name="ggggd">ggggd</span>:</strong> <em>yn</em></div><div class="chat chatmessage-serenesgrace"><strong style="color:hsl(22,75%,44%)"><small> </small><span class="username" data-name="Serene's Grace.">Serene's Grace.</span>:</strong> <em>Its 1 play followed by a 50/50</em></div><div class="chat chatmessage-vileman"><strong style="color:hsl(32,50%,40.63069963958335%)"><small>+</small><span class="username" data-name="Vileman">Vileman</span>:</strong> <em>y</em></div><div class="chat chatmessage-brazilianarmy"><strong style="color:hsl(353,77%,47%)"><small> </small><span class="username" data-name="Brazilian Army">Brazilian Army</span>:</strong> <em>pablo</em></div><div class="chat chatmessage-fiendhound"><strong style="color:hsl(347,87%,41.48433827180416%)"><small>+</small><span class="username" data-name="Fiend Hound">Fiend Hound</span>:</strong> <em>like ig he can not do it</em></div><div class="chat chatmessage-heysup"><strong style="color:hsl(122,61%,41.41041104181674%)"><small> </small><span class="username" data-name="Heysup">Heysup</span>:</strong> <em>both have 1 play</em></div><div class="chat chatmessage-fiendhound"><strong style="color:hsl(347,87%,41.48433827180416%)"><small>+</small><span class="username" data-name="Fiend Hound">Fiend Hound</span>:</strong> <em>but that loses</em></div><div class="chat chatmessage-quote"><strong style="color:hsl(137,65%,31%)"><small>@</small><span class="username" data-name="Quote">Quote</span>:</strong> <em>rajan should switch in porygon obviously</em></div><div class="chat chatmessage-macle"><strong style="color:hsl(202,84%,48%)"><small> </small><span class="username" data-name="macle">macle</span>:</strong> <em>it is a 6921</em></div><div class="chat chatmessage-quote"><strong style="color:hsl(137,65%,31%)"><small>@</small><span class="username" data-name="Quote">Quote</span>:</strong> <em>;)</em></div><div class="chat chatmessage-quote"><strong style="color:hsl(137,65%,31%)"><small>@</small><span class="username" data-name="Quote">Quote</span>:</strong> <em>nice</em></div><div class="chat chatmessage-vileman"><strong style="color:hsl(32,50%,40.63069963958335%)"><small>+</small><span class="username" data-name="Vileman">Vileman</span>:</strong> <em>Heysup both players have two pkmn remaining</em></div><div class="chat chatmessage-fiendhound"><strong style="color:hsl(347,87%,41.48433827180416%)"><small>+</small><span class="username" data-name="Fiend Hound">Fiend Hound</span>:</strong> <em>well</em></div><div class="chat chatmessage-vileman"><strong style="color:hsl(32,50%,40.63069963958335%)"><small>+</small><span class="username" data-name="Vileman">Vileman</span>:</strong> <em>So they have two plays</em></div><div class="chat chatmessage-vileman"><strong style="color:hsl(32,50%,40.63069963958335%)"><small>+</small><span class="username" data-name="Vileman">Vileman</span>:</strong> <em>:p</em></div><div class="chat chatmessage-tazzie"><strong style="color:hsl(245,77%,63.845280194405206%)"><small>☆</small><span class="username" data-name="tazzie">tazzie</span>:</strong> <em>yeah but i'm dumb lol</em></div><div class="chat chatmessage-quote"><strong style="color:hsl(137,65%,31%)"><small>@</small><span class="username" data-name="Quote">Quote</span>:</strong> <em>same</em></div><div class="chat chatmessage-macle"><strong style="color:hsl(202,84%,48%)"><small> </small><span class="username" data-name="macle">macle</span>:</strong> <em>tazzie has 1 play</em></div><div class="chat chatmessage-heysup"><strong style="color:hsl(122,61%,41.41041104181674%)"><small> </small><span class="username" data-name="Heysup">Heysup</span>:</strong> <em>1 play to stop losing</em></div><div class="chat chatmessage-macle"><strong style="color:hsl(202,84%,48%)"><small> </small><span class="username" data-name="macle">macle</span>:</strong> <em>its called</em></div><div class="chat chatmessage-macle"><strong style="color:hsl(202,84%,48%)"><small> </small><span class="username" data-name="macle">macle</span>:</strong> <em>x</em></div><div class="chat chatmessage-ggggd"><strong style="color:hsl(235,77%,63.10391646397442%)"><small> </small><span class="username" data-name="ggggd">ggggd</span>:</strong> <em>3 plays u mean vile</em></div><div class="chat chatmessage-brazilianarmy"><strong style="color:hsl(353,77%,47%)"><small> </small><span class="username" data-name="Brazilian Army">Brazilian Army</span>:</strong> <em>love macle</em></div><div class="chat chatmessage-brazilianarmy"><strong style="color:hsl(353,77%,47%)"><small> </small><span class="username" data-name="Brazilian Army">Brazilian Army</span>:</strong> <em>LOL</em></div><div class="chat chatmessage-fiendhound"><strong style="color:hsl(347,87%,41.48433827180416%)"><small>+</small><span class="username" data-name="Fiend Hound">Fiend Hound</span>:</strong> <em>i mean</em></div><div class="chat chatmessage-vileman"><strong style="color:hsl(32,50%,40.63069963958335%)"><small>+</small><span class="username" data-name="Vileman">Vileman</span>:</strong> <em>Oh right</em></div><div class="chat chatmessage-fiendhound"><strong style="color:hsl(347,87%,41.48433827180416%)"><small>+</small><span class="username" data-name="Fiend Hound">Fiend Hound</span>:</strong> <em>chances are</em></div><div class="chat chatmessage-vileman"><strong style="color:hsl(32,50%,40.63069963958335%)"><small>+</small><span class="username" data-name="Vileman">Vileman</span>:</strong> <em>Theres x,</em></div><div class="spacer battle-history"><br></div><div class="battle-history">Go! <strong>Carvanha</strong>!<br></div><div class="spacer battle-history"><br></div><div class="battle-history">tazzie sent out <strong>Snubbull</strong>!<br></div><div class="battle-history"><small>Pointed stones dug into Carvanha!</small><br></div><div class="battle-history"><small>Pointed stones dug into the opposing Snubbull!</small><br></div><div class="battle-history"><small>[The opposing Snubbull's Intimidate]</small><br></div><div class="battle-history"><small>Carvanha's Attack fell!</small><br></div><div class="spacer battle-history"><br></div><h2 class="battle-history">Turn 24</h2><div class="chat chatmessage-serenesgrace"><strong style="color:hsl(22,75%,44%)"><small> </small><span class="username" data-name="Serene's Grace.">Serene's Grace.</span>:</strong> <em>there's a 50/50 after the 1 play confirm/deny</em></div><div class="chat chatmessage-ggggd"><strong style="color:hsl(235,77%,63.10391646397442%)"><small> </small><span class="username" data-name="ggggd">ggggd</span>:</strong> <em>no</em></div><div class="chat chatmessage-heysup"><strong style="color:hsl(122,61%,41.41041104181674%)"><small> </small><span class="username" data-name="Heysup">Heysup</span>:</strong> <em>ololol</em></div><div class="chat chatmessage-fiendhound"><strong style="color:hsl(347,87%,41.48433827180416%)"><small>+</small><span class="username" data-name="Fiend Hound">Fiend Hound</span>:</strong> <em>yeah</em></div><div class="chat chatmessage-ggggd"><strong style="color:hsl(235,77%,63.10391646397442%)"><small> </small><span class="username" data-name="ggggd">ggggd</span>:</strong> <em>i mean ddosing ur opponent</em></div><div class="chat chatmessage-heysup"><strong style="color:hsl(122,61%,41.41041104181674%)"><small> </small><span class="username" data-name="Heysup">Heysup</span>:</strong> <em>gottem...</em></div><div class="chat chatmessage-vileman"><strong style="color:hsl(32,50%,40.63069963958335%)"><small>+</small><span class="username" data-name="Vileman">Vileman</span>:</strong> <em>Oh my b</em></div><div class="chat chatmessage-fiendhound"><strong style="color:hsl(347,87%,41.48433827180416%)"><small>+</small><span class="username" data-name="Fiend Hound">Fiend Hound</span>:</strong> <em>idt</em></div><div class="spacer battle-history"><br></div><div class="battle-history">Carvanha used <strong>Protect</strong>!<br></div><div class="battle-history"><small>Carvanha protected itself!</small><br></div><div class="spacer battle-history"><br></div><div class="battle-history">The opposing Snubbull used <strong>Play Rough</strong>!<br></div><div class="battle-history"><small>Carvanha protected itself!</small><br></div><div class="spacer battle-history"><br></div><div class="battle-history"><small>[Carvanha's Speed Boost]</small><br></div><div class="battle-history"><small>Carvanha's Speed rose!</small><br></div><div class="spacer battle-history"><br></div><h2 class="battle-history">Turn 25</h2><div class="chat chatmessage-fiendhound"><strong style="color:hsl(347,87%,41.48433827180416%)"><small>+</small><span class="username" data-name="Fiend Hound">Fiend Hound</span>:</strong> <em>that was optimal</em></div><div class="chat chatmessage-heysup"><strong style="color:hsl(122,61%,41.41041104181674%)"><small> </small><span class="username" data-name="Heysup">Heysup</span>:</strong> <em>no</em></div><div class="chat chatmessage-heysup"><strong style="color:hsl(122,61%,41.41041104181674%)"><small> </small><span class="username" data-name="Heysup">Heysup</span>:</strong> <em>not at all</em></div><div class="chat chatmessage-fiendhound"><strong style="color:hsl(347,87%,41.48433827180416%)"><small>+</small><span class="username" data-name="Fiend Hound">Fiend Hound</span>:</strong> <em>but go tazzie!</em></div><div class="chat chatmessage-brazilianarmy"><strong style="color:hsl(353,77%,47%)"><small> </small><span class="username" data-name="Brazilian Army">Brazilian Army</span>:</strong> <em>expecting tazz to do</em></div><div class="chat chatmessage-macle"><strong style="color:hsl(202,84%,48%)"><small> </small><span class="username" data-name="macle">macle</span>:</strong> <em>sub snubbul just won</em></div><div class="spacer battle-history"><br></div><div class="battle-history">Carvanha, come back!<br></div><div class="battle-history">Go! <strong>Croagunk</strong>!<br></div><div class="battle-history"><small>Pointed stones dug into Croagunk!</small><br></div><div class="spacer battle-history"><br></div><div class="battle-history">The opposing Snubbull used <strong>Play Rough</strong>!<br></div><div class="battle-history"><small>(Croagunk lost <abbr title="−10/22">45.5%</abbr> of its health!)</small><br></div><div class="battle-history"><small>Croagunk's Attack fell!</small><br></div><div class="spacer battle-history"><br></div><h2 class="battle-history">Turn 26</h2><div class="chat chatmessage-brazilianarmy"><strong style="color:hsl(353,77%,47%)"><small> </small><span class="username" data-name="Brazilian Army">Brazilian Army</span>:</strong> <em>THE PLAY</em></div><div class="chat chatmessage-ggggd"><strong style="color:hsl(235,77%,63.10391646397442%)"><small> </small><span class="username" data-name="ggggd">ggggd</span>:</strong> <em>it would probably lose</em></div><div class="chat"><small>testmir joined.</small></div><div class="chat chatmessage-brazilianarmy"><strong style="color:hsl(353,77%,47%)"><small> </small><span class="username" data-name="Brazilian Army">Brazilian Army</span>:</strong> <em>:(</em></div><div class="chat chatmessage-macle"><strong style="color:hsl(202,84%,48%)"><small> </small><span class="username" data-name="macle">macle</span>:</strong> <em>,</em></div><div class="chat chatmessage-caledrith"><strong style="color:hsl(158,83%,30%)"><small> </small><span class="username" data-name="Caledrith">Caledrith</span>:</strong> <em>oh man</em></div><div class="chat chatmessage-heysup"><strong style="color:hsl(122,61%,41.41041104181674%)"><small> </small><span class="username" data-name="Heysup">Heysup</span>:</strong> <em>LOL</em></div><div class="chat chatmessage-1p1"><strong style="color:hsl(154,78%,36.57001855731173%)"><small> </small><span class="username" data-name="1p1">1p1</span>:</strong> <em>rip</em></div><div class="chat chatmessage-caledrith"><strong style="color:hsl(158,83%,30%)"><small> </small><span class="username" data-name="Caledrith">Caledrith</span>:</strong> <em>that attack lower</em></div><div class="chat chatmessage-vileman"><strong style="color:hsl(32,50%,40.63069963958335%)"><small>+</small><span class="username" data-name="Vileman">Vileman</span>:</strong> <em>Hax</em></div><div class="chat chatmessage-caledrith"><strong style="color:hsl(158,83%,30%)"><small> </small><span class="username" data-name="Caledrith">Caledrith</span>:</strong> <em>that hurts</em></div><div class="chat chatmessage-macle"><strong style="color:hsl(202,84%,48%)"><small> </small><span class="username" data-name="macle">macle</span>:</strong> <em>so brazillian</em></div><div class="chat chatmessage-vileman"><strong style="color:hsl(32,50%,40.63069963958335%)"><small>+</small><span class="username" data-name="Vileman">Vileman</span>:</strong> <em>Use zsludge bomb</em></div><div class="chat chatmessage-fiendhound"><strong style="color:hsl(347,87%,41.48433827180416%)"><small>+</small><span class="username" data-name="Fiend Hound">Fiend Hound</span>:</strong> <em>i mean</em></div><div class="chat chatmessage-serenesgrace"><strong style="color:hsl(22,75%,44%)"><small> </small><span class="username" data-name="Serene's Grace.">Serene's Grace.</span>:</strong> <em>Now here's the 5050</em></div><div class="chat chatmessage-fiendhound"><strong style="color:hsl(347,87%,41.48433827180416%)"><small>+</small><span class="username" data-name="Fiend Hound">Fiend Hound</span>:</strong> <em>it's gunk</em></div><div class="chat chatmessage-quote"><strong style="color:hsl(137,65%,31%)"><small>@</small><span class="username" data-name="Quote">Quote</span>:</strong> <em>wtf</em></div><div class="chat chatmessage-fiendhound"><strong style="color:hsl(347,87%,41.48433827180416%)"><small>+</small><span class="username" data-name="Fiend Hound">Fiend Hound</span>:</strong> <em>so this might not matter</em></div><div class="chat chatmessage-quote"><strong style="color:hsl(137,65%,31%)"><small>@</small><span class="username" data-name="Quote">Quote</span>:</strong> <em>of course we lose again from hax</em></div><div class="chat chatmessage-fiendhound"><strong style="color:hsl(347,87%,41.48433827180416%)"><small>+</small><span class="username" data-name="Fiend Hound">Fiend Hound</span>:</strong> <em>depends a lot on sets</em></div><div class="chat"><small>tahu joined.</small></div><div class="chat chatmessage-quote"><strong style="color:hsl(137,65%,31%)"><small>@</small><span class="username" data-name="Quote">Quote</span>:</strong> <em>gj lucker fuckers</em></div><div class="chat chatmessage-vileman"><strong style="color:hsl(32,50%,40.63069963958335%)"><small>+</small><span class="username" data-name="Vileman">Vileman</span>:</strong> <em>Wait this is lcpl?</em></div><div class="chat chatmessage-fiendhound"><strong style="color:hsl(347,87%,41.48433827180416%)"><small>+</small><span class="username" data-name="Fiend Hound">Fiend Hound</span>:</strong> <em>yh</em></div><div class="chat chatmessage-tazzie"><strong style="color:hsl(245,77%,63.845280194405206%)"><small>☆</small><span class="username" data-name="tazzie">tazzie</span>:</strong> <em>LOL</em></div><div class="chat chatmessage-heysup"><strong style="color:hsl(122,61%,41.41041104181674%)"><small> </small><span class="username" data-name="Heysup">Heysup</span>:</strong> <em>u cant ytell</em></div><div class="chat chatmessage-fiendhound"><strong style="color:hsl(347,87%,41.48433827180416%)"><small>+</small><span class="username" data-name="Fiend Hound">Fiend Hound</span>:</strong> <em>you think blara plays for fun?</em></div><div class="chat chatmessage-ggggd"><strong style="color:hsl(235,77%,63.10391646397442%)"><small> </small><span class="username" data-name="ggggd">ggggd</span>:</strong> <em>cant tazz</em></div><div class="chat chatmessage-heysup"><strong style="color:hsl(122,61%,41.41041104181674%)"><small> </small><span class="username" data-name="Heysup">Heysup</span>:</strong> <em>so bad</em></div><div class="chat chatmessage-ggggd"><strong style="color:hsl(235,77%,63.10391646397442%)"><small> </small><span class="username" data-name="ggggd">ggggd</span>:</strong> <em>still lose</em></div><div class="spacer battle-history"><br></div><div class="battle-history">Croagunk, come back!<br></div><div class="battle-history">Go! <strong>Carvanha</strong>!<br></div><div class="battle-history"><small>Pointed stones dug into Carvanha!</small><br></div><div class="spacer battle-history"><br></div><div class="battle-history">tazzie withdrew Snubbull!<br></div><div class="battle-history">tazzie sent out <strong>Gothita</strong>!<br></div><div class="battle-history"><small>Pointed stones dug into the opposing Gothita!</small><br></div><div class="spacer battle-history"><br></div><h2 class="battle-history">Turn 27</h2><div class="chat chatmessage-vileman"><strong style="color:hsl(32,50%,40.63069963958335%)"><small>+</small><span class="username" data-name="Vileman">Vileman</span>:</strong> <em>Whys a vgc player playin lcpl</em></div><div class="chat chatmessage-vileman"><strong style="color:hsl(32,50%,40.63069963958335%)"><small>+</small><span class="username" data-name="Vileman">Vileman</span>:</strong> <em>Oo</em></div><div class="chat chatmessage-fiendhound"><strong style="color:hsl(347,87%,41.48433827180416%)"><small>+</small><span class="username" data-name="Fiend Hound">Fiend Hound</span>:</strong> <em>and tazzie is alive for any other time</em></div><div class="chat chatmessage-heysup"><strong style="color:hsl(122,61%,41.41041104181674%)"><small> </small><span class="username" data-name="Heysup">Heysup</span>:</strong> <em>so badLOL</em></div><div class="spacer battle-history"><br></div><div class="battle-history">tazzie withdrew Gothita!<br></div><div class="battle-history">tazzie sent out <strong>Snubbull</strong>!<br></div><div class="battle-history"><small>Pointed stones dug into the opposing Snubbull!</small><br></div><div class="battle-history"><small>[The opposing Snubbull's Intimidate]</small><br></div><div class="battle-history"><small>Carvanha's Attack fell!</small><br></div><div class="spacer battle-history"><br></div><div class="battle-history">Carvanha used <strong>Waterfall</strong>!<br></div><div class="battle-history"><small>(The opposing Snubbull lost <abbr title="−12/23">52.2%</abbr> of its health!)</small><br></div><div class="battle-history"><small>(The opposing Snubbull used its Berry Juice!)</small><br></div><div class="battle-history"><small>The opposing Snubbull restored HP using its Berry Juice!</small><br></div><div class="battle-history"><small>Carvanha lost some of its HP!</small><br></div><div class="spacer battle-history"><br></div><div class="battle-history"><small>[Carvanha's Speed Boost]</small><br></div><div class="battle-history"><small>Carvanha's Speed rose!</small><br></div><div class="spacer battle-history"><br></div><h2 class="battle-history">Turn 28</h2><div class="chat chatmessage-fiendhound"><strong style="color:hsl(347,87%,41.48433827180416%)"><small>+</small><span class="username" data-name="Fiend Hound">Fiend Hound</span>:</strong> <em>did anorith do anything</em></div><div class="chat chatmessage-coconut"><strong style="color:hsl(65,57%,39.26225879668%)"><small>+</small><span class="username" data-name="c oc o nut">c oc o nut</span>:</strong> <em>no</em></div><div class="chat chatmessage-quote"><strong style="color:hsl(137,65%,31%)"><small>@</small><span class="username" data-name="Quote">Quote</span>:</strong> <em>set rocks</em></div><div class="chat chatmessage-heysup"><strong style="color:hsl(122,61%,41.41041104181674%)"><small> </small><span class="username" data-name="Heysup">Heysup</span>:</strong> <em>n</em></div><div class="chat chatmessage-caledrith"><strong style="color:hsl(158,83%,30%)"><small> </small><span class="username" data-name="Caledrith">Caledrith</span>:</strong> <em>rocks fiend</em></div><div class="chat chatmessage-quote"><strong style="color:hsl(137,65%,31%)"><small>@</small><span class="username" data-name="Quote">Quote</span>:</strong> <em>then died</em></div><div class="chat chatmessage-serenesgrace"><strong style="color:hsl(22,75%,44%)"><small> </small><span class="username" data-name="Serene's Grace.">Serene's Grace.</span>:</strong> <em>rocks</em></div><div class="spacer battle-history"><br></div><div class="battle-history">Carvanha used <strong>Protect</strong>!<br></div><div class="battle-history"><small>Carvanha protected itself!</small><br></div><div class="spacer battle-history"><br></div><div class="battle-history">The opposing Snubbull used <strong>Play Rough</strong>!<br></div><div class="battle-history"><small>Carvanha protected itself!</small><br></div><div class="spacer battle-history"><br></div><div class="battle-history"><small>[Carvanha's Speed Boost]</small><br></div><div class="battle-history"><small>Carvanha's Speed rose!</small><br></div><div class="spacer battle-history"><br></div><h2 class="battle-history">Turn 29</h2><div class="chat chatmessage-fiendhound"><strong style="color:hsl(347,87%,41.48433827180416%)"><small>+</small><span class="username" data-name="Fiend Hound">Fiend Hound</span>:</strong> <em>yeah</em></div><div class="chat chatmessage-coconut"><strong style="color:hsl(65,57%,39.26225879668%)"><small>+</small><span class="username" data-name="c oc o nut">c oc o nut</span>:</strong> <em>it was dead by turn 4</em></div><div class="chat chatmessage-fiendhound"><strong style="color:hsl(347,87%,41.48433827180416%)"><small>+</small><span class="username" data-name="Fiend Hound">Fiend Hound</span>:</strong> <em>anorith sucks.</em></div><div class="chat chatmessage-heysup"><strong style="color:hsl(122,61%,41.41041104181674%)"><small> </small><span class="username" data-name="Heysup">Heysup</span>:</strong> <em>30%</em></div><div class="chat chatmessage-ggggd"><strong style="color:hsl(235,77%,63.10391646397442%)"><small> </small><span class="username" data-name="ggggd">ggggd</span>:</strong> <em>why is this snovanha</em></div><div class="chat chatmessage-coconut"><strong style="color:hsl(65,57%,39.26225879668%)"><small>+</small><span class="username" data-name="c oc o nut">c oc o nut</span>:</strong> <em>shieldon could have done that</em></div><div class="chat chatmessage-ggggd"><strong style="color:hsl(235,77%,63.10391646397442%)"><small> </small><span class="username" data-name="ggggd">ggggd</span>:</strong> <em>without special vanha</em></div><div class="chat chatmessage-tahu"><strong style="color:hsl(13,48%,45.79297179779011%)"><small> </small><span class="username" data-name="tahu">tahu</span>:</strong> <em>its</em></div><div class="chat chatmessage-heysup"><strong style="color:hsl(122,61%,41.41041104181674%)"><small> </small><span class="username" data-name="Heysup">Heysup</span>:</strong> <em>+ miss</em></div><div class="chat chatmessage-brazilianarmy"><strong style="color:hsl(353,77%,47%)"><small> </small><span class="username" data-name="Brazilian Army">Brazilian Army</span>:</strong> <em>cause no snovanha</em></div><div class="chat chatmessage-tahu"><strong style="color:hsl(13,48%,45.79297179779011%)"><small> </small><span class="username" data-name="tahu">tahu</span>:</strong> <em>fossil spam.</em></div><div class="chat chatmessage-brazilianarmy"><strong style="color:hsl(353,77%,47%)"><small> </small><span class="username" data-name="Brazilian Army">Brazilian Army</span>:</strong> <em>not enough mambad mentallity</em></div><div class="chat chatmessage-brazilianarmy"><strong style="color:hsl(353,77%,47%)"><small> </small><span class="username" data-name="Brazilian Army">Brazilian Army</span>:</strong> <em>from my boy rajan</em></div><div class="spacer battle-history"><br></div><div class="battle-history">Carvanha used <strong>Waterfall</strong>!<br></div><div class="battle-history"><small>(The opposing Snubbull lost <abbr title="−9/23">39.1%</abbr> of its health!)</small><br></div><div class="battle-history"><small>Carvanha lost some of its HP!</small><br></div><div class="spacer battle-history"><br></div><div class="battle-history">The opposing Snubbull used <strong>Earthquake</strong>!<br></div><div class="battle-history"><small>(Carvanha lost <abbr title="−13/19">68.4%</abbr> of its health!)</small><br></div><div class="spacer battle-history"><br></div><div class="battle-history">Carvanha fainted!<br></div><div class="chat chatmessage-blarajan"><strong style="color:hsl(284,44%,53.516927422444354%)"><small>☆</small><span class="username" data-name="blarajan">blarajan</span>:</strong> <em>gg</em></div><div class="chat"><small>ggggd left.</small></div><div class="chat chatmessage-tazzie"><strong style="color:hsl(245,77%,63.845280194405206%)"><small>☆</small><span class="username" data-name="tazzie">tazzie</span>:</strong> <em>gg</em></div><div class="spacer battle-history"><br></div><div class="battle-history">Go! <strong>Croagunk</strong>!<br></div><div class="battle-history"><small>Pointed stones dug into Croagunk!</small><br></div><div class="spacer battle-history"><br></div><h2 class="battle-history">Turn 30</h2><div class="chat chatmessage-macle"><strong style="color:hsl(202,84%,48%)"><small> </small><span class="username" data-name="macle">macle</span>:</strong> <em>bg</em></div><div class="chat chatmessage-fiendhound"><strong style="color:hsl(347,87%,41.48433827180416%)"><small>+</small><span class="username" data-name="Fiend Hound">Fiend Hound</span>:</strong> <em>why didn't blara double a 3rd time</em></div><div class="chat chatmessage-heysup"><strong style="color:hsl(122,61%,41.41041104181674%)"><small> </small><span class="username" data-name="Heysup">Heysup</span>:</strong> <em>lies</em></div><div class="chat chatmessage-fiendhound"><strong style="color:hsl(347,87%,41.48433827180416%)"><small>+</small><span class="username" data-name="Fiend Hound">Fiend Hound</span>:</strong> <em>for snub vs goth</em></div><div class="chat chatmessage-fiendhound"><strong style="color:hsl(347,87%,41.48433827180416%)"><small>+</small><span class="username" data-name="Fiend Hound">Fiend Hound</span>:</strong> <em>er</em></div><div class="chat chatmessage-fiendhound"><strong style="color:hsl(347,87%,41.48433827180416%)"><small>+</small><span class="username" data-name="Fiend Hound">Fiend Hound</span>:</strong> <em>wow</em></div><div class="chat chatmessage-fiendhound"><strong style="color:hsl(347,87%,41.48433827180416%)"><small>+</small><span class="username" data-name="Fiend Hound">Fiend Hound</span>:</strong> <em>gunk vs snub</em></div><div class="chat chatmessage-vileman"><strong style="color:hsl(32,50%,40.63069963958335%)"><small>+</small><span class="username" data-name="Vileman">Vileman</span>:</strong> <em>not everyone is as good as you fiend</em></div><div class="chat chatmessage-blarajan"><strong style="color:hsl(284,44%,53.516927422444354%)"><small>☆</small><span class="username" data-name="blarajan">blarajan</span>:</strong> <em>because it was wrong</em></div><div class="chat chatmessage-brazilianarmy"><strong style="color:hsl(353,77%,47%)"><small> </small><span class="username" data-name="Brazilian Army">Brazilian Army</span>:</strong> <em>^</em></div><div class="spacer battle-history"><br></div><div class="battle-history">Croagunk used <strong>Sludge Bomb</strong>!<br></div><div class="battle-history"><small>It's super effective!</small><br></div><div class="battle-history"><small>(The opposing Snubbull lost <abbr title="−14/23">60.9%</abbr> of its health!)</small><br></div><div class="spacer battle-history"><br></div><div class="battle-history">The opposing Snubbull fainted!<br></div><div class="chat"><small>Serene's Grace. left.</small></div><div class="chat"><small>Bela Star joined.</small></div><div class="chat"><small>Vileman left.</small></div><div class="spacer battle-history"><br></div><div class="battle-history">tazzie sent out <strong>Gothita</strong>!<br></div><div class="battle-history"><small>Pointed stones dug into the opposing Gothita!</small><br></div><div class="spacer battle-history"><br></div><h2 class="battle-history">Turn 31</h2><div class="chat"><small>Bela Star left.</small></div><div class="chat chatmessage-fiendhound"><strong style="color:hsl(347,87%,41.48433827180416%)"><small>+</small><span class="username" data-name="Fiend Hound">Fiend Hound</span>:</strong> <em>i rmr the rmt</em></div><div class="spacer battle-history"><br></div><div class="battle-history">The opposing Gothita used <strong>Psyshock</strong>!<br></div><div class="battle-history"><small>It's super effective!</small><br></div><div class="battle-history"><small>(Croagunk lost <abbr title="−10/22">45.5%</abbr> of its health!)</small><br></div><div class="spacer battle-history"><br></div><div class="battle-history">Croagunk fainted!<br></div><div class="spacer battle-history"><br></div><div class="battle-history"><strong>tazzie</strong> won the battle!<br></div><div class="chat chatmessage-fiendhound"><strong style="color:hsl(347,87%,41.48433827180416%)"><small>+</small><span class="username" data-name="Fiend Hound">Fiend Hound</span>:</strong> <em>so that might be why</em></div><div class="chat chatmessage-blarajan"><strong style="color:hsl(284,44%,53.516927422444354%)"><small>☆</small><span class="username" data-name="blarajan">blarajan</span>:</strong> <em>wish i had sucker</em></div><div class="chat chatmessage-blarajan"><strong style="color:hsl(284,44%,53.516927422444354%)"><small>☆</small><span class="username" data-name="blarajan">blarajan</span>:</strong> <em>GG</em></div><div class="chat"><small>Heysup left.</small></div><div class="chat chatmessage-tazzie"><strong style="color:hsl(245,77%,63.845280194405206%)"><small>☆</small><span class="username" data-name="tazzie">tazzie</span>:</strong> <em>gg</em></div><div class="chat"><small>Jk♥Howling left.</small></div><div class="chat"><small>macle left.</small></div><div class="chat"><small>Spl4sh left.</small></div><div class="chat"><small>Alore left.</small></div><div class="chat"><small>c oc o nut left.</small></div><div class="chat"><small>Quote left.</small></div><div class="chat"><small>Fiend Hound left.</small></div><div class="chat"><small>tazzie left.</small></div><div class="chat"><small>Brick Love left.</small></div><div class="chat"><small>Vileman joined.</small></div></div><div class="inner-preempt"></div></div></div>
</div>
<script>
let daily = Math.floor(Date.now()/1000/60/60/24);document.write('<script src="https://play.pokemonshowdown.com/js/replay-embed.js?version'+daily+'"></'+'script>');
</script>
