<!DOCTYPE html>
<meta charset="utf-8" />
<!-- version 1 -->
<title>LC replay: Tapio_from_Kanto vs. LolBron James❄</title>
<style>
html,body {font-family:Verdana, sans-serif;font-size:10pt;margin:0;padding:0;}body{padding:12px 0;} .battle-log {font-family:Verdana, sans-serif;font-size:10pt;} .battle-log-inline {border:1px solid #AAAAAA;background:#EEF2F5;color:black;max-width:640px;margin:0 auto 80px;padding-bottom:5px;} .battle-log .inner {padding:4px 8px 0px 8px;} .battle-log .inner-preempt {padding:0 8px 4px 8px;} .battle-log .inner-after {margin-top:0.5em;} .battle-log h2 {margin:0.5em -8px;padding:4px 8px;border:1px solid #AAAAAA;background:#E0E7EA;border-left:0;border-right:0;font-family:Verdana, sans-serif;font-size:13pt;} .battle-log .chat {vertical-align:middle;padding:3px 0 3px 0;font-size:8pt;} .battle-log .chat strong {color:#40576A;} .battle-log .chat em {padding:1px 4px 1px 3px;color:#000000;font-style:normal;} .chat.mine {background:rgba(0,0,0,0.05);margin-left:-8px;margin-right:-8px;padding-left:8px;padding-right:8px;} .spoiler {color:#BBBBBB;background:#BBBBBB;padding:0px 3px;} .spoiler:hover, .spoiler:active, .spoiler-shown {color:#000000;background:#E2E2E2;padding:0px 3px;} .spoiler a {color:#BBBBBB;} .spoiler:hover a, .spoiler:active a, .spoiler-shown a {color:#2288CC;} .chat code, .chat .spoiler:hover code, .chat .spoiler:active code, .chat .spoiler-shown code {border:1px solid #C0C0C0;background:#EEEEEE;color:black;padding:0 2px;} .chat .spoiler code {border:1px solid #CCCCCC;background:#CCCCCC;color:#CCCCCC;} .battle-log .rated {padding:3px 4px;} .battle-log .rated strong {color:white;background:#89A;padding:1px 4px;border-radius:4px;} .spacer {margin-top:0.5em;} .message-announce {background:#6688AA;color:white;padding:1px 4px 2px;} .message-announce a, .broadcast-green a, .broadcast-blue a, .broadcast-red a {color:#DDEEFF;} .broadcast-green {background-color:#559955;color:white;padding:2px 4px;} .broadcast-blue {background-color:#6688AA;color:white;padding:2px 4px;} .infobox {border:1px solid #6688AA;padding:2px 4px;} .infobox-limited {max-height:200px;overflow:auto;overflow-x:hidden;} .broadcast-red {background-color:#AA5544;color:white;padding:2px 4px;} .message-learn-canlearn {font-weight:bold;color:#228822;text-decoration:underline;} .message-learn-cannotlearn {font-weight:bold;color:#CC2222;text-decoration:underline;} .message-effect-weak {font-weight:bold;color:#CC2222;} .message-effect-resist {font-weight:bold;color:#6688AA;} .message-effect-immune {font-weight:bold;color:#666666;} .message-learn-list {margin-top:0;margin-bottom:0;} .message-throttle-notice, .message-error {color:#992222;} .message-overflow, .chat small.message-overflow {font-size:0pt;} .message-overflow::before {font-size:9pt;content:'...';} .subtle {color:#3A4A66;}
</style>
<div class="wrapper replay-wrapper" style="max-width:1180px;margin:0 auto">
<input type="hidden" name="replayid" value="lc-536667274" />
<div class="battle"></div><div class="battle-log"></div><div class="replay-controls"></div><div class="replay-controls-2"></div>
<h1 style="font-weight:normal;text-align:center"><strong>LC</strong><br /><a href="http://pokemonshowdown.com/users/tapiofromkanto" class="subtle" target="_blank">Tapio_from_Kanto</a> vs. <a href="http://pokemonshowdown.com/users/lolbronjames" class="subtle" target="_blank">LolBron James❄</a></h1>
<script type="text/plain" class="battle-log-data">|j|Tapio_from_Kanto
|j|LolBron James❄
|player|p1|Tapio_from_Kanto|105
|player|p2|LolBron James❄|163
|gametype|singles
|gen|6
|tier|LC
|seed|54060,41708,19024,27086
|clearpoke
|poke|p1|Porygon, L5|item
|poke|p1|Omanyte, L5, M|item
|poke|p1|Koffing, L5, F|item
|poke|p1|Zigzagoon, L5, M|item
|poke|p1|Krabby, L5, F|item
|poke|p1|Dratini, L5, F|item
|poke|p2|Abra, L5, M|item
|poke|p2|Mienfoo, L5, F|item
|poke|p2|Pawniard, L5, F|item
|poke|p2|Snivy, L5, F|item
|poke|p2|Snubbull, L5, F|item
|poke|p2|Fletchling, L5, F, shiny|item
|rule|Sleep Clause Mod: Limit one foe put to sleep
|rule|Species Clause: Limit one of each Pokémon
|rule|OHKO Clause: OHKO moves are banned
|rule|Moody Clause: Moody is banned
|rule|Evasion Moves Clause: Evasion moves are banned
|rule|Endless Battle Clause: Forcing endless battles is banned
|rule|HP Percentage Mod: HP is shown in percentages
|teampreview
|j|Stats Bot
|l|Stats Bot
|c|★LolBron James❄|gl
|choice|team 3, team 2, team 1, team 4, team 5, team 6|team 2, team 1, team 3, team 4, team 5, team 6
|
|start
|switch|p1a: Ymke|Koffing, L5, F|21\/21
|switch|p2a: Mienfoo|Mienfoo, L5, F|21\/21
|turn|1
|c|★Tapio_from_Kanto|gl
|choice|move willowisp|move taunt
|
|move|p2a: Mienfoo|Taunt|p1a: Ymke
|-start|p1a: Ymke|move: Taunt
|cant|p1a: Ymke|move: Taunt|Will-O-Wisp
|
|upkeep
|turn|2
|choice|move sludgebomb|move knockoff
|
|move|p2a: Mienfoo|Knock Off|p1a: Ymke
|-damage|p1a: Ymke|17\/21
|-enditem|p1a: Ymke|Eviolite|[from] move: Knock Off|[of] p2a: Mienfoo
|move|p1a: Ymke|Sludge Bomb|p2a: Mienfoo
|-damage|p2a: Mienfoo|14\/21
|
|upkeep
|turn|3
|choice|move sludgebomb|move uturn
|
|move|p2a: Mienfoo|U-turn|p1a: Ymke
|-resisted|p1a: Ymke
|-damage|p1a: Ymke|15\/21
|choice||switch 3
|
|switch|p2a: Pawniard|Pawniard, L5, F|21\/21
|move|p1a: Ymke|Sludge Bomb|p2a: Pawniard
|-immune|p2a: Pawniard|[msg]
|
|-end|p1a: Ymke|move: Taunt
|upkeep
|turn|4
|choice|move willowisp|move ironhead
|
|move|p2a: Pawniard|Iron Head|p1a: Ymke
|-damage|p1a: Ymke|6\/21
|move|p1a: Ymke|Will-O-Wisp|p2a: Pawniard
|-status|p2a: Pawniard|brn
|
|-damage|p2a: Pawniard|19\/21 brn|[from] brn
|upkeep
|turn|5
|j|Life Orb Lover
|l|Life Orb Lover
|choice|move painsplit|move stealthrock
|
|move|p2a: Pawniard|Stealth Rock|p1a: Ymke
|-sidestart|p1: Tapio_from_Kanto|move: Stealth Rock
|move|p1a: Ymke|Pain Split|p2a: Pawniard
|-sethp|p2a: Pawniard|12\/21 brn|p1a: Ymke|12\/21|[from] move: Pain Split
|
|-damage|p2a: Pawniard|10\/21 brn|[from] brn
|upkeep
|turn|6
|choice|move fireblast|move knockoff
|
|move|p2a: Pawniard|Knock Off|p1a: Ymke
|-damage|p1a: Ymke|9\/21
|move|p1a: Ymke|Fire Blast|p2a: Pawniard
|-supereffective|p2a: Pawniard
|-damage|p2a: Pawniard|0 fnt
|faint|p2a: Pawniard
|
|upkeep
|choice||switch 2
|
|switch|p2a: Abra|Abra, L5, M|19\/19
|turn|7
|choice|move willowisp|move psychic
|
|move|p2a: Abra|Psychic|p1a: Ymke
|-supereffective|p1a: Ymke
|-damage|p1a: Ymke|0 fnt
|faint|p1a: Ymke
|
|upkeep
|choice|switch 2|
|
|switch|p1a: Toffee|Omanyte, L5, M|21\/21
|-damage|p1a: Toffee|19\/21|[from] Stealth Rock
|turn|8
|choice|move toxicspikes|move energyball
|
|move|p2a: Abra|Energy Ball|p1a: Toffee
|-supereffective|p1a: Toffee
|-damage|p1a: Toffee|0 fnt
|faint|p1a: Toffee
|
|upkeep
|choice|switch 5|
|
|switch|p1a: Karine|Krabby, L5, F|20\/20
|-damage|p1a: Karine|18\/20|[from] Stealth Rock
|turn|9
|choice|move knockoff|move energyball
|
|move|p1a: Karine|Knock Off|p2a: Abra
|-supereffective|p2a: Abra
|-enditem|p2a: Abra|Focus Sash
|-damage|p2a: Abra|1\/19
|move|p2a: Abra|Energy Ball|p1a: Karine
|-supereffective|p1a: Karine
|-damage|p1a: Karine|0 fnt
|faint|p1a: Karine
|
|upkeep
|choice|switch 6|
|
|switch|p1a: Tina|Dratini, L5, F|20\/20
|-damage|p1a: Tina|18\/20|[from] Stealth Rock
|turn|10
|choice|move dragondance|move psychic
|
|move|p2a: Abra|Psychic|p1a: Tina
|-damage|p1a: Tina|2\/20
|move|p1a: Tina|Dragon Dance|p1a: Tina
|-boost|p1a: Tina|atk|1
|-boost|p1a: Tina|spe|1
|
|upkeep
|turn|11
|choice|move extremespeed|move psychic
|
|move|p1a: Tina|Extreme Speed|p2a: Abra
|-damage|p2a: Abra|0 fnt
|-damage|p1a: Tina|0 fnt|[from] item: Life Orb
|faint|p2a: Abra
|faint|p1a: Tina
|
|upkeep
|choice|switch 3|switch 3
|
|switch|p2a: Mienfoo|Mienfoo, L5, F|21\/21
|switch|p1a: Exo|Porygon, L5|26\/26
|-damage|p1a: Exo|23\/26|[from] Stealth Rock
|-ability|p1a: Exo|Regenerator|[from] ability: Trace|[of] p2a: Mienfoo
|turn|12
|choice|move psychic|move taunt
|
|move|p2a: Mienfoo|Taunt|p1a: Exo
|-start|p1a: Exo|move: Taunt
|move|p1a: Exo|Psychic|p2a: Mienfoo
|-supereffective|p2a: Mienfoo
|-damage|p2a: Mienfoo|7\/21
|
|upkeep
|turn|13
|choice|move psychic|move highjumpkick
|
|move|p2a: Mienfoo|High Jump Kick|p1a: Exo
|-supereffective|p1a: Exo
|-damage|p1a: Exo|5\/26
|move|p1a: Exo|Psychic|p2a: Mienfoo
|-supereffective|p2a: Mienfoo
|-damage|p2a: Mienfoo|0 fnt
|faint|p2a: Mienfoo
|
|upkeep
|choice||switch 6
|
|switch|p2a: Fletchling|Fletchling, L5, F, shiny|21\/21
|turn|14
|choice|move psychic|move swordsdance
|
|move|p2a: Fletchling|Swords Dance|p2a: Fletchling
|-boost|p2a: Fletchling|atk|2
|move|p1a: Exo|Psychic|p2a: Fletchling
|-damage|p2a: Fletchling|11\/21
|
|-end|p1a: Exo|move: Taunt
|upkeep
|turn|15
|j|Joyful15
|choice|move thunderwave|move acrobatics
|
|move|p2a: Fletchling|Acrobatics|p1a: Exo
|-damage|p1a: Exo|0 fnt
|faint|p1a: Exo
|
|upkeep
|choice|switch 4|
|
|switch|p1a: Ziggy|Zigzagoon, L5, M|22\/22
|-damage|p1a: Ziggy|20\/22|[from] Stealth Rock
|turn|16
|choice|move bellydrum|move acrobatics
|
|move|p2a: Fletchling|Acrobatics|p1a: Ziggy
|-damage|p1a: Ziggy|4\/22
|-enditem|p1a: Ziggy|Berry Juice
|-heal|p1a: Ziggy|22\/22|[from] item: Berry Juice
|move|p1a: Ziggy|Belly Drum|p1a: Ziggy
|-damage|p1a: Ziggy|11\/22
|-setboost|p1a: Ziggy|atk|6|[from] move: Belly Drum
|
|upkeep
|turn|17
|choice|move extremespeed|move acrobatics
|
|move|p1a: Ziggy|Extreme Speed|p2a: Fletchling
|-damage|p2a: Fletchling|0 fnt
|faint|p2a: Fletchling
|
|upkeep
|choice||switch 5
|
|switch|p2a: Snubbull|Snubbull, L5, F|23\/23
|-ability|p2a: Snubbull|Intimidate|boost
|-unboost|p1a: Ziggy|atk|1
|turn|18
|choice|move extremespeed|switch 4
|
|switch|p2a: Snivy|Snivy, L5, F|21\/21
|move|p1a: Ziggy|Extreme Speed|p2a: Snivy
|-damage|p2a: Snivy|0 fnt
|faint|p2a: Snivy
|
|upkeep
|choice||switch 4
|
|switch|p2a: Snubbull|Snubbull, L5, F|23\/23
|-ability|p2a: Snubbull|Intimidate|boost
|-unboost|p1a: Ziggy|atk|1
|turn|19
|choice|move extremespeed|move playrough
|
|move|p1a: Ziggy|Extreme Speed|p2a: Snubbull
|-damage|p2a: Snubbull|0 fnt
|faint|p2a: Snubbull
|
|win|Tapio_from_Kanto
|player|p1
|player|p2
|l|LolBron James❄</script>
</div>
<div class="battle-log battle-log-inline"><div class="inner"><div class="battle-options"></div><div class="inner"><div class="chat"><small>Tapio_from_Kanto joined.</small></div><div class="chat"><small>LolBron James❄ joined.</small></div><div class=""><small>Format:</small> <br><strong>LC</strong></div><div class=""><small><em>Sleep Clause Mod:</em> Limit one foe put to sleep</small></div><div class=""><small><em>Species Clause:</em> Limit one of each Pokémon</small></div><div class=""><small><em>OHKO Clause:</em> OHKO moves are banned</small></div><div class=""><small><em>Moody Clause:</em> Moody is banned</small></div><div class=""><small><em>Evasion Moves Clause:</em> Evasion moves are banned</small></div><div class=""><small><em>Endless Battle Clause:</em> Forcing endless battles is banned</small></div><div class=""><small><em>HP Percentage Mod:</em> HP is shown in percentages</small></div><div class="chat battle-history"><strong>Tapio_from_Kanto's team:</strong> <em style="color:#445566;display:block;">Porygon / Omanyte / Koffing / Zigzagoon / Krabby / Dratini</em></div><div class="chat battle-history"><strong>LolBron James❄'s team:</strong> <em style="color:#445566;display:block;">Abra / Mienfoo / Pawniard / Snivy / Snubbull / Fletchling</em></div><div class="chat"><small>Stats Bot joined.</small></div><div class="chat"><small>Stats Bot left.</small></div><div class="chat chatmessage-lolbronjames"><strong style="color:hsl(47,86%,37.108969255118986%)"><small>★</small><span class="username" data-name="LolBron James❄">LolBron James❄</span>:</strong> <em>gl</em></div><div class="spacer battle-history"><br></div><div class="battle-history">Battle started between Tapio_from_Kanto and LolBron James❄!<br></div><div class="spacer battle-history"><br></div><div class="battle-history">Go! Ymke (<strong>Koffing</strong>)!<br></div><div class="spacer battle-history"><br></div><div class="battle-history">LolBron James❄ sent out <strong>Mienfoo</strong>!<br></div><div class="spacer battle-history"><br></div><h2 class="battle-history">Turn 1</h2><div class="chat chatmessage-tapiofromkanto"><strong style="color:hsl(205,70%,41%)"><small>★</small><span class="username" data-name="Tapio_from_Kanto">Tapio_from_Kanto</span>:</strong> <em>gl</em></div><div class="spacer battle-history"><br></div><div class="battle-history">The opposing Mienfoo used <strong>Taunt</strong>!<br></div><div class="battle-history"><small>Ymke fell for the taunt!</small><br></div><div class="spacer battle-history"><br></div><div class="battle-history">Ymke can't use Will-O-Wisp after the taunt!<br></div><div class="spacer battle-history"><br></div><h2 class="battle-history">Turn 2</h2><div class="spacer battle-history"><br></div><div class="battle-history">The opposing Mienfoo used <strong>Knock Off</strong>!<br></div><div class="battle-history"><small>(Ymke lost <abbr title="−4/21">19.0%</abbr> of its health!)</small><br></div><div class="battle-history"><small>The opposing Mienfoo knocked off Ymke's Eviolite!</small><br></div><div class="spacer battle-history"><br></div><div class="battle-history">Ymke used <strong>Sludge Bomb</strong>!<br></div><div class="battle-history"><small>(The opposing Mienfoo lost <abbr title="−7/21">33.3%</abbr> of its health!)</small><br></div><div class="spacer battle-history"><br></div><h2 class="battle-history">Turn 3</h2><div class="spacer battle-history"><br></div><div class="battle-history">The opposing Mienfoo used <strong>U-turn</strong>!<br></div><div class="battle-history"><small>It's not very effective...</small><br></div><div class="battle-history"><small>(Ymke lost <abbr title="−2/21">9.5%</abbr> of its health!)</small><br></div><div class="spacer battle-history"><br></div><div class="battle-history">The opposing Mienfoo went back to LolBron James❄!<br></div><div class="battle-history">LolBron James❄ sent out <strong>Pawniard</strong>!<br></div><div class="spacer battle-history"><br></div><div class="battle-history">Ymke used <strong>Sludge Bomb</strong>!<br></div><div class="battle-history"><small>It doesn't affect the opposing Pawniard...</small><br></div><div class="spacer battle-history"><br></div><div class="battle-history"><small>Ymke's taunt wore off!</small><br></div><div class="spacer battle-history"><br></div><h2 class="battle-history">Turn 4</h2><div class="spacer battle-history"><br></div><div class="battle-history">The opposing Pawniard used <strong>Iron Head</strong>!<br></div><div class="battle-history"><small>(Ymke lost <abbr title="−9/21">42.9%</abbr> of its health!)</small><br></div><div class="spacer battle-history"><br></div><div class="battle-history">Ymke used <strong>Will-O-Wisp</strong>!<br></div><div class="battle-history"><small>The opposing Pawniard was burned!</small><br></div><div class="spacer battle-history"><br></div><div class="battle-history"><small>The opposing Pawniard was hurt by its burn!</small><br></div><div class="spacer battle-history"><br></div><h2 class="battle-history">Turn 5</h2><div class="chat"><small>Life Orb Lover joined.</small></div><div class="chat"><small>Life Orb Lover left.</small></div><div class="spacer battle-history"><br></div><div class="battle-history">The opposing Pawniard used <strong>Stealth Rock</strong>!<br></div><div class="battle-history"><small>Pointed stones float in the air around your team!</small><br></div><div class="spacer battle-history"><br></div><div class="battle-history">Ymke used <strong>Pain Split</strong>!<br></div><div class="battle-history"><small>The battlers shared their pain!</small><br></div><div class="spacer battle-history"><br></div><div class="battle-history"><small>The opposing Pawniard was hurt by its burn!</small><br></div><div class="spacer battle-history"><br></div><h2 class="battle-history">Turn 6</h2><div class="spacer battle-history"><br></div><div class="battle-history">The opposing Pawniard used <strong>Knock Off</strong>!<br></div><div class="battle-history"><small>(Ymke lost <abbr title="−3/21">14.3%</abbr> of its health!)</small><br></div><div class="spacer battle-history"><br></div><div class="battle-history">Ymke used <strong>Fire Blast</strong>!<br></div><div class="battle-history"><small>It's super effective!</small><br></div><div class="battle-history"><small>(The opposing Pawniard lost <abbr title="−10/21">47.6%</abbr> of its health!)</small><br></div><div class="spacer battle-history"><br></div><div class="battle-history">The opposing Pawniard fainted!<br></div><div class="spacer battle-history"><br></div><div class="battle-history">LolBron James❄ sent out <strong>Abra</strong>!<br></div><div class="spacer battle-history"><br></div><h2 class="battle-history">Turn 7</h2><div class="spacer battle-history"><br></div><div class="battle-history">The opposing Abra used <strong>Psychic</strong>!<br></div><div class="battle-history"><small>It's super effective!</small><br></div><div class="battle-history"><small>(Ymke lost <abbr title="−9/21">42.9%</abbr> of its health!)</small><br></div><div class="spacer battle-history"><br></div><div class="battle-history">Ymke fainted!<br></div><div class="spacer battle-history"><br></div><div class="battle-history">Go! Toffee (<strong>Omanyte</strong>)!<br></div><div class="battle-history"><small>Pointed stones dug into Toffee!</small><br></div><div class="spacer battle-history"><br></div><h2 class="battle-history">Turn 8</h2><div class="spacer battle-history"><br></div><div class="battle-history">The opposing Abra used <strong>Energy Ball</strong>!<br></div><div class="battle-history"><small>It's super effective!</small><br></div><div class="battle-history"><small>(Toffee lost <abbr title="−19/21">90.5%</abbr> of its health!)</small><br></div><div class="spacer battle-history"><br></div><div class="battle-history">Toffee fainted!<br></div><div class="spacer battle-history"><br></div><div class="battle-history">Go! Karine (<strong>Krabby</strong>)!<br></div><div class="battle-history"><small>Pointed stones dug into Karine!</small><br></div><div class="spacer battle-history"><br></div><h2 class="battle-history">Turn 9</h2><div class="spacer battle-history"><br></div><div class="battle-history">Karine used <strong>Knock Off</strong>!<br></div><div class="battle-history"><small>It's super effective!</small><br></div><div class="battle-history"><small>The opposing Abra hung on using its Focus Sash!</small><br></div><div class="battle-history"><small>(The opposing Abra lost <abbr title="−18/19">94.7%</abbr> of its health!)</small><br></div><div class="spacer battle-history"><br></div><div class="battle-history">The opposing Abra used <strong>Energy Ball</strong>!<br></div><div class="battle-history"><small>It's super effective!</small><br></div><div class="battle-history"><small>(Karine lost <abbr title="−18/20">90%</abbr> of its health!)</small><br></div><div class="spacer battle-history"><br></div><div class="battle-history">Karine fainted!<br></div><div class="spacer battle-history"><br></div><div class="battle-history">Go! Tina (<strong>Dratini</strong>)!<br></div><div class="battle-history"><small>Pointed stones dug into Tina!</small><br></div><div class="spacer battle-history"><br></div><h2 class="battle-history">Turn 10</h2><div class="spacer battle-history"><br></div><div class="battle-history">The opposing Abra used <strong>Psychic</strong>!<br></div><div class="battle-history"><small>(Tina lost <abbr title="−16/20">80%</abbr> of its health!)</small><br></div><div class="spacer battle-history"><br></div><div class="battle-history">Tina used <strong>Dragon Dance</strong>!<br></div><div class="battle-history"><small>Tina's Attack rose!</small><br></div><div class="battle-history"><small>Tina's Speed rose!</small><br></div><div class="spacer battle-history"><br></div><h2 class="battle-history">Turn 11</h2><div class="spacer battle-history"><br></div><div class="battle-history">Tina used <strong>Extreme Speed</strong>!<br></div><div class="battle-history"><small>(The opposing Abra lost <abbr title="−1/19">5.3%</abbr> of its health!)</small><br></div><div class="battle-history"><small>Tina lost some of its HP!</small><br></div><div class="spacer battle-history"><br></div><div class="battle-history">The opposing Abra fainted!<br></div><div class="battle-history">Tina fainted!<br></div><div class="spacer battle-history"><br></div><div class="battle-history">LolBron James❄ sent out <strong>Mienfoo</strong>!<br></div><div class="spacer battle-history"><br></div><div class="battle-history">Go! Exo (<strong>Porygon</strong>)!<br></div><div class="battle-history"><small>Pointed stones dug into Exo!</small><br></div><div class="battle-history"><small>[Exo's Trace]</small><br><small>[Exo's Regenerator]</small><br><small>Exo traced the opposing Mienfoo's Regenerator!</small><br></div><div class="spacer battle-history"><br></div><h2 class="battle-history">Turn 12</h2><div class="spacer battle-history"><br></div><div class="battle-history">The opposing Mienfoo used <strong>Taunt</strong>!<br></div><div class="battle-history"><small>Exo fell for the taunt!</small><br></div><div class="spacer battle-history"><br></div><div class="battle-history">Exo used <strong>Psychic</strong>!<br></div><div class="battle-history"><small>It's super effective!</small><br></div><div class="battle-history"><small>(The opposing Mienfoo lost <abbr title="−14/21">66.7%</abbr> of its health!)</small><br></div><div class="spacer battle-history"><br></div><h2 class="battle-history">Turn 13</h2><div class="spacer battle-history"><br></div><div class="battle-history">The opposing Mienfoo used <strong>High Jump Kick</strong>!<br></div><div class="battle-history"><small>It's super effective!</small><br></div><div class="battle-history"><small>(Exo lost <abbr title="−18/26">69.2%</abbr> of its health!)</small><br></div><div class="spacer battle-history"><br></div><div class="battle-history">Exo used <strong>Psychic</strong>!<br></div><div class="battle-history"><small>It's super effective!</small><br></div><div class="battle-history"><small>(The opposing Mienfoo lost <abbr title="−7/21">33.3%</abbr> of its health!)</small><br></div><div class="spacer battle-history"><br></div><div class="battle-history">The opposing Mienfoo fainted!<br></div><div class="spacer battle-history"><br></div><div class="battle-history">LolBron James❄ sent out <strong>Fletchling</strong>!<br></div><div class="spacer battle-history"><br></div><h2 class="battle-history">Turn 14</h2><div class="spacer battle-history"><br></div><div class="battle-history">The opposing Fletchling used <strong>Swords Dance</strong>!<br></div><div class="battle-history"><small>The opposing Fletchling's Attack rose sharply!</small><br></div><div class="spacer battle-history"><br></div><div class="battle-history">Exo used <strong>Psychic</strong>!<br></div><div class="battle-history"><small>(The opposing Fletchling lost <abbr title="−10/21">47.6%</abbr> of its health!)</small><br></div><div class="spacer battle-history"><br></div><div class="battle-history"><small>Exo's taunt wore off!</small><br></div><div class="spacer battle-history"><br></div><h2 class="battle-history">Turn 15</h2><div class="chat"><small>Joyful15 joined.</small></div><div class="spacer battle-history"><br></div><div class="battle-history">The opposing Fletchling used <strong>Acrobatics</strong>!<br></div><div class="battle-history"><small>(Exo lost <abbr title="−5/26">19.2%</abbr> of its health!)</small><br></div><div class="spacer battle-history"><br></div><div class="battle-history">Exo fainted!<br></div><div class="spacer battle-history"><br></div><div class="battle-history">Go! Ziggy (<strong>Zigzagoon</strong>)!<br></div><div class="battle-history"><small>Pointed stones dug into Ziggy!</small><br></div><div class="spacer battle-history"><br></div><h2 class="battle-history">Turn 16</h2><div class="spacer battle-history"><br></div><div class="battle-history">The opposing Fletchling used <strong>Acrobatics</strong>!<br></div><div class="battle-history"><small>(Ziggy lost <abbr title="−16/22">72.7%</abbr> of its health!)</small><br></div><div class="battle-history"><small>(Ziggy used its Berry Juice!)</small><br></div><div class="battle-history"><small>Ziggy restored HP using its Berry Juice!</small><br></div><div class="spacer battle-history"><br></div><div class="battle-history">Ziggy used <strong>Belly Drum</strong>!<br></div><div class="battle-history"><small>(Ziggy lost <abbr title="−11/22">50%</abbr> of its health!)</small><br></div><div class="battle-history"><small>Ziggy cut its own HP and maximized its Attack!</small><br></div><div class="spacer battle-history"><br></div><h2 class="battle-history">Turn 17</h2><div class="spacer battle-history"><br></div><div class="battle-history">Ziggy used <strong>Extreme Speed</strong>!<br></div><div class="battle-history"><small>(The opposing Fletchling lost <abbr title="−11/21">52.4%</abbr> of its health!)</small><br></div><div class="spacer battle-history"><br></div><div class="battle-history">The opposing Fletchling fainted!<br></div><div class="spacer battle-history"><br></div><div class="battle-history">LolBron James❄ sent out <strong>Snubbull</strong>!<br></div><div class="battle-history"><small>[The opposing Snubbull's Intimidate]</small><br></div><div class="battle-history"><small>Ziggy's Attack fell!</small><br></div><div class="spacer battle-history"><br></div><h2 class="battle-history">Turn 18</h2><div class="spacer battle-history"><br></div><div class="battle-history">LolBron James❄ withdrew Snubbull!<br></div><div class="battle-history">LolBron James❄ sent out <strong>Snivy</strong>!<br></div><div class="spacer battle-history"><br></div><div class="battle-history">Ziggy used <strong>Extreme Speed</strong>!<br></div><div class="battle-history"><small>(The opposing Snivy lost <abbr title="−21/21">100%</abbr> of its health!)</small><br></div><div class="spacer battle-history"><br></div><div class="battle-history">The opposing Snivy fainted!<br></div><div class="spacer battle-history"><br></div><div class="battle-history">LolBron James❄ sent out <strong>Snubbull</strong>!<br></div><div class="battle-history"><small>[The opposing Snubbull's Intimidate]</small><br></div><div class="battle-history"><small>Ziggy's Attack fell!</small><br></div><div class="spacer battle-history"><br></div><h2 class="battle-history">Turn 19</h2><div class="spacer battle-history"><br></div><div class="battle-history">Ziggy used <strong>Extreme Speed</strong>!<br></div><div class="battle-history"><small>(The opposing Snubbull lost <abbr title="−23/23">100%</abbr> of its health!)</small><br></div><div class="spacer battle-history"><br></div><div class="battle-history">The opposing Snubbull fainted!<br></div><div class="spacer battle-history"><br></div><div class="battle-history"><strong>Tapio_from_Kanto</strong> won the battle!<br></div><div class="chat"><small>LolBron James❄ left.</small></div></div><div class="inner-preempt"></div></div></div>
</div>
<script>
let daily = Math.floor(Date.now()/1000/60/60/24);document.write('<script src="https://play.pokemonshowdown.com/js/replay-embed.js?version'+daily+'"></'+'script>');
</script>
