<!DOCTYPE html>
<meta charset="utf-8" />
<!-- version 1 -->
<title>LC replay: Oaks vs. TheBrain05</title>
<style>
html,body {font-family:Verdana, sans-serif;font-size:10pt;margin:0;padding:0;}body{padding:12px 0;} .battle-log {font-family:Verdana, sans-serif;font-size:10pt;} .battle-log-inline {border:1px solid #AAAAAA;background:#EEF2F5;color:black;max-width:640px;margin:0 auto 80px;padding-bottom:5px;} .battle-log .inner {padding:4px 8px 0px 8px;} .battle-log .inner-preempt {padding:0 8px 4px 8px;} .battle-log .inner-after {margin-top:0.5em;} .battle-log h2 {margin:0.5em -8px;padding:4px 8px;border:1px solid #AAAAAA;background:#E0E7EA;border-left:0;border-right:0;font-family:Verdana, sans-serif;font-size:13pt;} .battle-log .chat {vertical-align:middle;padding:3px 0 3px 0;font-size:8pt;} .battle-log .chat strong {color:#40576A;} .battle-log .chat em {padding:1px 4px 1px 3px;color:#000000;font-style:normal;} .chat.mine {background:rgba(0,0,0,0.05);margin-left:-8px;margin-right:-8px;padding-left:8px;padding-right:8px;} .spoiler {color:#BBBBBB;background:#BBBBBB;padding:0px 3px;} .spoiler:hover, .spoiler:active, .spoiler-shown {color:#000000;background:#E2E2E2;padding:0px 3px;} .spoiler a {color:#BBBBBB;} .spoiler:hover a, .spoiler:active a, .spoiler-shown a {color:#2288CC;} .chat code, .chat .spoiler:hover code, .chat .spoiler:active code, .chat .spoiler-shown code {border:1px solid #C0C0C0;background:#EEEEEE;color:black;padding:0 2px;} .chat .spoiler code {border:1px solid #CCCCCC;background:#CCCCCC;color:#CCCCCC;} .battle-log .rated {padding:3px 4px;} .battle-log .rated strong {color:white;background:#89A;padding:1px 4px;border-radius:4px;} .spacer {margin-top:0.5em;} .message-announce {background:#6688AA;color:white;padding:1px 4px 2px;} .message-announce a, .broadcast-green a, .broadcast-blue a, .broadcast-red a {color:#DDEEFF;} .broadcast-green {background-color:#559955;color:white;padding:2px 4px;} .broadcast-blue {background-color:#6688AA;color:white;padding:2px 4px;} .infobox {border:1px solid #6688AA;padding:2px 4px;} .infobox-limited {max-height:200px;overflow:auto;overflow-x:hidden;} .broadcast-red {background-color:#AA5544;color:white;padding:2px 4px;} .message-learn-canlearn {font-weight:bold;color:#228822;text-decoration:underline;} .message-learn-cannotlearn {font-weight:bold;color:#CC2222;text-decoration:underline;} .message-effect-weak {font-weight:bold;color:#CC2222;} .message-effect-resist {font-weight:bold;color:#6688AA;} .message-effect-immune {font-weight:bold;color:#666666;} .message-learn-list {margin-top:0;margin-bottom:0;} .message-throttle-notice, .message-error {color:#992222;} .message-overflow, .chat small.message-overflow {font-size:0pt;} .message-overflow::before {font-size:9pt;content:'...';} .subtle {color:#3A4A66;}
</style>
<div class="wrapper replay-wrapper" style="max-width:1180px;margin:0 auto">
<input type="hidden" name="replayid" value="lc-482622768" />
<div class="battle"></div><div class="battle-log"></div><div class="replay-controls"></div><div class="replay-controls-2"></div>
<h1 style="font-weight:normal;text-align:center"><strong>LC</strong><br /><a href="http://pokemonshowdown.com/users/oaks" class="subtle" target="_blank">Oaks</a> vs. <a href="http://pokemonshowdown.com/users/thebrain05" class="subtle" target="_blank">TheBrain05</a></h1>
<script type="text/plain" class="battle-log-data">|j|Oaks
|j|TheBrain05
|player|p1|Oaks|101
|player|p2|TheBrain05|52
|gametype|singles
|gen|6
|tier|LC
|seed|58761,61706,5015,36299
|clearpoke
|poke|p1|Snivy, L5, M|item
|poke|p1|Torchic, L5, M|item
|poke|p1|Geodude, L5, M|item
|poke|p1|Duskull, L5, F|item
|poke|p1|Oshawott, L5, M|item
|poke|p1|Gastly, L5, F|item
|poke|p2|Riolu, L5, M|item
|poke|p2|Shellder, L5, F|item
|poke|p2|Bulbasaur, L5, M|item
|poke|p2|Pidgey, L5, F|item
|poke|p2|Wynaut, L5, M|item
|poke|p2|Helioptile, L5, F|item
|rule|Sleep Clause Mod: Limit one foe put to sleep
|rule|Species Clause: Limit one of each Pokémon
|rule|OHKO Clause: OHKO moves are banned
|rule|Moody Clause: Moody is banned
|rule|Evasion Moves Clause: Evasion moves are banned
|rule|Endless Battle Clause: Forcing endless battles is banned
|rule|HP Percentage Mod: HP is shown in percentages
|teampreview
|c|★TheBrain05|sorry about that
|c|★Oaks|n;
|c|★TheBrain05|gl hf
|c|★Oaks|np
|choice|team 3, team 2, team 1, team 4, team 5, team 6|team 4, team 2, team 3, team 1, team 5, team 6
|
|start
|switch|p1a: Geodude|Geodude, L5, M|20\/20
|switch|p2a: Pidgey|Pidgey, L5, F|21\/21
|turn|1
|j|Burakoru
|choice|move stealthrock|move uturn
|
|move|p2a: Pidgey|U-turn|p1a: Geodude
|-damage|p1a: Geodude|15\/20
|c| Burakoru|Good luck you guys. :D
|c|★TheBrain05|thnx
|choice||switch 3
|
|switch|p2a: Bulbasaur|Bulbasaur, L5, M|21\/21
|move|p1a: Geodude|Stealth Rock|p2a: Bulbasaur
|-sidestart|p2: TheBrain05|move: Stealth Rock
|
|turn|2
|choice|switch 4|move leechseed
|
|switch|p1a: Duskull|Duskull, L5, F|21\/21
|move|p2a: Bulbasaur|Leech Seed|p1a: Duskull
|-start|p1a: Duskull|move: Leech Seed
|
|-damage|p1a: Duskull|19\/21|[from] Leech Seed|[of] p2a: Bulbasaur
|turn|3
|l|TheBrain05
|player|p2
|c|★Oaks|lol
|j|TheBrain05
|player|p2|TheBrain05|52
|choice|move willowisp|move sludgebomb
|
|move|p2a: Bulbasaur|Sludge Bomb|p1a: Duskull
|-resisted|p1a: Duskull
|-damage|p1a: Duskull|16\/21
|move|p1a: Duskull|Will-O-Wisp|p2a: Bulbasaur|[miss]
|-miss|p1a: Duskull|p2a: Bulbasaur
|
|-damage|p1a: Duskull|14\/21|[from] Leech Seed|[of] p2a: Bulbasaur
|turn|4
|choice|move willowisp|move gigadrain
|
|move|p2a: Bulbasaur|Giga Drain|p1a: Duskull
|-damage|p1a: Duskull|10\/21
|move|p1a: Duskull|Will-O-Wisp|p2a: Bulbasaur
|-status|p2a: Bulbasaur|brn
|
|-damage|p1a: Duskull|8\/21|[from] Leech Seed|[of] p2a: Bulbasaur
|-damage|p2a: Bulbasaur|19\/21 brn|[from] brn
|turn|5
|choice|move painsplit|move gigadrain
|
|move|p2a: Bulbasaur|Giga Drain|p1a: Duskull
|-damage|p1a: Duskull|4\/21
|-heal|p2a: Bulbasaur|21\/21 brn|[from] drain|[of] p1a: Duskull
|move|p1a: Duskull|Pain Split|p2a: Bulbasaur
|-sethp|p2a: Bulbasaur|12\/21 brn|p1a: Duskull|12\/21|[from] move: Pain Split
|
|-damage|p1a: Duskull|10\/21|[from] Leech Seed|[of] p2a: Bulbasaur
|-heal|p2a: Bulbasaur|14\/21 brn|[silent]
|-damage|p2a: Bulbasaur|12\/21 brn|[from] brn
|turn|6
|choice|switch 6|move sludgebomb
|
|switch|p1a: Gastly|Gastly, L5, F|19\/19
|move|p2a: Bulbasaur|Sludge Bomb|p1a: Gastly
|-resisted|p1a: Gastly
|-damage|p1a: Gastly|16\/19
|
|-damage|p2a: Bulbasaur|10\/21 brn|[from] brn
|turn|7
|c| Burakoru|Eyy, we back boys!
|choice|move psychic|move synthesis
|
|move|p1a: Gastly|Psychic|p2a: Bulbasaur
|-supereffective|p2a: Bulbasaur
|-damage|p2a: Bulbasaur|0 fnt
|-damage|p1a: Gastly|15\/19|[from] item: Life Orb
|faint|p2a: Bulbasaur
|
|choice||switch 5
|
|switch|p2a: Wynaut|Wynaut, L5, M|26\/26
|-damage|p2a: Wynaut|23\/26|[from] Stealth Rock
|turn|8
|choice|move psychic|move tickle
|
|move|p1a: Gastly|Psychic|p2a: Wynaut
|-resisted|p2a: Wynaut
|-damage|p2a: Wynaut|19\/26
|-damage|p1a: Gastly|14\/19|[from] item: Life Orb
|move|p2a: Wynaut|Tickle|p1a: Gastly
|-unboost|p1a: Gastly|atk|1
|-unboost|p1a: Gastly|def|1
|
|turn|9
|choice|move shadowball|move mirrorcoat
|
|move|p1a: Gastly|Shadow Ball|p2a: Wynaut
|-supereffective|p2a: Wynaut
|-damage|p2a: Wynaut|0 fnt
|-damage|p1a: Gastly|13\/19|[from] item: Life Orb
|faint|p2a: Wynaut
|
|choice||switch 3
|
|switch|p2a: Pidgey|Pidgey, L5, F|21\/21
|-damage|p2a: Pidgey|16\/21|[from] Stealth Rock
|turn|10
|choice|switch 4|move defog
|
|switch|p1a: Geodude|Geodude, L5, M|15\/20
|move|p2a: Pidgey|Defog|p1a: Geodude
|-unboost|p1a: Geodude|evasion|1
|-sideend|p2: TheBrain05|Stealth Rock|[from] move: Defog|[of] p2a: Pidgey
|
|turn|11
|choice|move stealthrock|switch 6
|
|switch|p2a: Helioptile|Helioptile, L5, F|20\/20
|move|p1a: Geodude|Stealth Rock|p2a: Helioptile
|-sidestart|p2: TheBrain05|move: Stealth Rock
|
|turn|12
|choice|switch 6|move surf
|
|switch|p1a: Duskull|Duskull, L5, F|10\/21
|move|p2a: Helioptile|Surf|p1a: Duskull
|-damage|p1a: Duskull|6\/21
|
|turn|13
|choice|move painsplit|move voltswitch
|
|move|p2a: Helioptile|Volt Switch|p1a: Duskull
|-damage|p1a: Duskull|0 fnt
|faint|p1a: Duskull
|choice||switch 6
|
|switch|p2a: Pidgey|Pidgey, L5, F|16\/21
|-damage|p2a: Pidgey|11\/21|[from] Stealth Rock
|
|choice|switch 2|
|
|switch|p1a: Torchic|Torchic, L5, M|21\/21
|turn|14
|choice|move protect|move bravebird
|
|move|p1a: Torchic|Protect|p1a: Torchic
|-singleturn|p1a: Torchic|Protect
|move|p2a: Pidgey|Brave Bird|p1a: Torchic
|-activate|p1a: Torchic|move: Protect
|
|-ability|p1a: Torchic|Speed Boost|boost
|-boost|p1a: Torchic|spe|1
|turn|15
|choice|move flamethrower|move bravebird
|
|move|p2a: Pidgey|Brave Bird|p1a: Torchic
|-damage|p1a: Torchic|0 fnt
|-damage|p2a: Pidgey|4\/21|[from] recoil|[of] p1a: Torchic
|faint|p1a: Torchic
|
|choice|switch 6|
|
|switch|p1a: Geodude|Geodude, L5, M|15\/20
|turn|16
|choice|move earthquake|move bravebird
|
|move|p2a: Pidgey|Brave Bird|p1a: Geodude
|-resisted|p1a: Geodude
|-damage|p1a: Geodude|9\/20
|-damage|p2a: Pidgey|2\/21|[from] recoil|[of] p1a: Geodude
|-enditem|p1a: Geodude|Berry Juice
|-heal|p1a: Geodude|20\/20|[from] item: Berry Juice
|move|p1a: Geodude|Earthquake|p2a: Pidgey
|-immune|p2a: Pidgey|[msg]
|
|turn|17
|c| Burakoru|Pidgey OP Nerf Please
|choice|move stoneedge|move bravebird
|
|move|p2a: Pidgey|Brave Bird|p1a: Geodude
|-resisted|p1a: Geodude
|-crit|p1a: Geodude
|-damage|p1a: Geodude|11\/20
|-damage|p2a: Pidgey|0 fnt|[from] recoil|[of] p1a: Geodude
|faint|p2a: Pidgey
|move|p1a: Geodude|Stone Edge|p2: Pidgey|[notarget]
|-notarget
|
|c|★Oaks|wow lol
|choice||switch 4
|
|switch|p2a: Riolu|Riolu, L5, M|20\/20
|-damage|p2a: Riolu|19\/20|[from] Stealth Rock
|turn|18
|choice|move explosion|move crunch
|
|move|p2a: Riolu|Crunch|p1a: Geodude
|-damage|p1a: Geodude|4\/20
|move|p1a: Geodude|Explosion|p2a: Riolu
|-damage|p2a: Riolu|0 fnt
|faint|p1a: Geodude
|faint|p2a: Riolu
|
|j|NDF Chesnaught
|choice|switch 3|switch 6
|
|switch|p2a: Helioptile|Helioptile, L5, F|20\/20
|switch|p1a: Snivy|Snivy, L5, M|22\/22
|-damage|p2a: Helioptile|18\/20|[from] Stealth Rock
|turn|19
|choice|move leafstorm|move glare
|
|move|p2a: Helioptile|Glare|p1a: Snivy
|-status|p1a: Snivy|par
|move|p1a: Snivy|Leaf Storm|p2a: Helioptile
|-damage|p2a: Helioptile|0 fnt
|-unboost|p1a: Snivy|spa|2
|faint|p2a: Helioptile
|
|choice||switch 2
|
|switch|p2a: Shellder|Shellder, L5, F|19\/19
|-damage|p2a: Shellder|17\/19|[from] Stealth Rock
|turn|20
|c|★TheBrain05|Uhh
|c|★TheBrain05|Ok
|c|★Oaks|lol
|choice|move glare|move shellsmash
|
|move|p2a: Shellder|Shell Smash|p2a: Shellder
|-unboost|p2a: Shellder|def|1
|-unboost|p2a: Shellder|spd|1
|-boost|p2a: Shellder|atk|2
|-boost|p2a: Shellder|spa|2
|-boost|p2a: Shellder|spe|2
|move|p1a: Snivy|Glare|p2a: Shellder
|-status|p2a: Shellder|par
|
|turn|21
|l|NDF Chesnaught
|c| Burakoru|A Glare for a Glare.
|choice|move leafstorm|move rockblast
|
|move|p2a: Shellder|Rock Blast|p1a: Snivy
|-damage|p1a: Snivy|17\/22 par
|-damage|p1a: Snivy|12\/22 par
|-damage|p1a: Snivy|6\/22 par
|-enditem|p1a: Snivy|Berry Juice
|-heal|p1a: Snivy|22\/22 par|[from] item: Berry Juice
|-damage|p1a: Snivy|16\/22 par
|-damage|p1a: Snivy|10\/22 par
|-hitcount|p1a: Snivy|5
|cant|p1a: Snivy|par
|
|turn|22
|choice|move leafstorm|move rockblast
|
|move|p2a: Shellder|Rock Blast|p1a: Snivy
|-damage|p1a: Snivy|4\/22 par
|-damage|p1a: Snivy|0 fnt
|-hitcount|p1a: Snivy|2
|faint|p1a: Snivy
|
|choice|switch 5|
|
|switch|p1a: Oshawott|Oshawott, L5, M|22\/22
|turn|23
|choice|move scald|move rockblast
|
|move|p1a: Oshawott|Scald|p2a: Shellder
|-resisted|p2a: Shellder
|-damage|p2a: Shellder|6\/19 par
|move|p2a: Shellder|Rock Blast|p1a: Oshawott
|-damage|p1a: Oshawott|16\/22
|-damage|p1a: Oshawott|11\/22
|-damage|p1a: Oshawott|5\/22
|-damage|p1a: Oshawott|0 fnt
|-hitcount|p1a: Oshawott|4
|faint|p1a: Oshawott
|
|choice|switch 4|
|
|switch|p1a: Gastly|Gastly, L5, F|13\/19
|turn|24
|choice|move gigadrain|move iceshard
|
|cant|p2a: Shellder|par
|move|p1a: Gastly|Giga Drain|p2a: Shellder
|-supereffective|p2a: Shellder
|-damage|p2a: Shellder|0 fnt
|-heal|p1a: Gastly|16\/19|[from] drain|[of] p2a: Shellder
|-damage|p1a: Gastly|15\/19|[from] item: Life Orb
|faint|p2a: Shellder
|
|win|Oaks
|player|p1
|player|p2
|c|★Oaks|welp lol
|c|★TheBrain05|...
|c| Burakoru|Ice Shard?
|c|★TheBrain05|I went for ice shard
|c|★Oaks|pretty sure that was ice shard
|c|★TheBrain05|Rip
|c|★TheBrain05|So close
|c| Burakoru|Was a close fight
|c|★Oaks|tbh the snivy paralyze mattered
|c|★TheBrain05|Yeah
|c|★TheBrain05|Though not contrary
|c|★Oaks|well i have to leave sooo</script>
</div>
<div class="battle-log battle-log-inline"><div class="inner"><div class="battle-options"></div><div class="inner"><div class="chat"><small>Oaks joined.</small></div><div class="chat"><small>TheBrain05 joined.</small></div><div class=""><small>Format:</small> <br><strong>LC</strong></div><div class=""><small><em>Sleep Clause Mod:</em> Limit one foe put to sleep</small></div><div class=""><small><em>Species Clause:</em> Limit one of each Pokémon</small></div><div class=""><small><em>OHKO Clause:</em> OHKO moves are banned</small></div><div class=""><small><em>Moody Clause:</em> Moody is banned</small></div><div class=""><small><em>Evasion Moves Clause:</em> Evasion moves are banned</small></div><div class=""><small><em>Endless Battle Clause:</em> Forcing endless battles is banned</small></div><div class=""><small><em>HP Percentage Mod:</em> HP is shown in percentages</small></div><div class="chat battle-history"><strong>Oaks's team:</strong> <em style="color:#445566;display:block;">Snivy / Torchic / Geodude / Duskull / Oshawott / Gastly</em></div><div class="chat battle-history"><strong>TheBrain05's team:</strong> <em style="color:#445566;display:block;">Riolu / Shellder / Bulbasaur / Pidgey / Wynaut / Helioptile</em></div><div class="chat chatmessage-thebrain05"><strong style="color:hsl(89,66%,30%)"><small>★</small><span class="username" data-name="TheBrain05">TheBrain05</span>:</strong> <em>sorry about that</em></div><div class="chat chatmessage-oaks"><strong style="color:hsl(356,56%,51.19260510630965%)"><small>★</small><span class="username" data-name="Oaks">Oaks</span>:</strong> <em>n;</em></div><div class="chat chatmessage-thebrain05"><strong style="color:hsl(89,66%,30%)"><small>★</small><span class="username" data-name="TheBrain05">TheBrain05</span>:</strong> <em>gl hf</em></div><div class="chat chatmessage-oaks"><strong style="color:hsl(356,56%,51.19260510630965%)"><small>★</small><span class="username" data-name="Oaks">Oaks</span>:</strong> <em>np</em></div><div class="spacer battle-history"><br></div><div class="battle-history">Battle started between Oaks and TheBrain05!<br></div><div class="spacer battle-history"><br></div><div class="battle-history">Go! <strong>Geodude</strong>!<br></div><div class="spacer battle-history"><br></div><div class="battle-history">TheBrain05 sent out <strong>Pidgey</strong>!<br></div><div class="spacer battle-history"><br></div><h2 class="battle-history">Turn 1</h2><div class="chat"><small>Burakoru joined.</small></div><div class="spacer battle-history"><br></div><div class="battle-history">The opposing Pidgey used <strong>U-turn</strong>!<br></div><div class="battle-history"><small>(Geodude lost <abbr title="−5/20">25%</abbr> of its health!)</small><br></div><div class="chat chatmessage-burakoru"><strong style="color:hsl(144,42%,39%)"><small> </small><span class="username" data-name="Burakoru">Burakoru</span>:</strong> <em>Good luck you guys. :D</em></div><div class="chat chatmessage-thebrain05"><strong style="color:hsl(89,66%,30%)"><small>★</small><span class="username" data-name="TheBrain05">TheBrain05</span>:</strong> <em>thnx</em></div><div class="spacer battle-history"><br></div><div class="battle-history">The opposing Pidgey went back to TheBrain05!<br></div><div class="battle-history">TheBrain05 sent out <strong>Bulbasaur</strong>!<br></div><div class="spacer battle-history"><br></div><div class="battle-history">Geodude used <strong>Stealth Rock</strong>!<br></div><div class="battle-history"><small>Pointed stones float in the air around the opposing team!</small><br></div><div class="spacer battle-history"><br></div><h2 class="battle-history">Turn 2</h2><div class="spacer battle-history"><br></div><div class="battle-history">Geodude, come back!<br></div><div class="battle-history">Go! <strong>Duskull</strong>!<br></div><div class="spacer battle-history"><br></div><div class="battle-history">The opposing Bulbasaur used <strong>Leech Seed</strong>!<br></div><div class="battle-history"><small>Duskull was seeded!</small><br></div><div class="spacer battle-history"><br></div><div class="battle-history"><small>Duskull's health is sapped by Leech Seed!</small><br></div><div class="spacer battle-history"><br></div><h2 class="battle-history">Turn 3</h2><div class="chat"><small>TheBrain05 left.</small></div><div class="chat chatmessage-oaks"><strong style="color:hsl(356,56%,51.19260510630965%)"><small>★</small><span class="username" data-name="Oaks">Oaks</span>:</strong> <em>lol</em></div><div class="chat"><small>TheBrain05 joined.</small></div><div class="spacer battle-history"><br></div><div class="battle-history">The opposing Bulbasaur used <strong>Sludge Bomb</strong>!<br></div><div class="battle-history"><small>It's not very effective...</small><br></div><div class="battle-history"><small>(Duskull lost <abbr title="−3/21">14.3%</abbr> of its health!)</small><br></div><div class="spacer battle-history"><br></div><div class="battle-history">Duskull used <strong>Will-O-Wisp</strong>!<br></div><div class="battle-history"><small>The opposing Bulbasaur avoided the attack!</small><br></div><div class="spacer battle-history"><br></div><div class="battle-history"><small>Duskull's health is sapped by Leech Seed!</small><br></div><div class="spacer battle-history"><br></div><h2 class="battle-history">Turn 4</h2><div class="spacer battle-history"><br></div><div class="battle-history">The opposing Bulbasaur used <strong>Giga Drain</strong>!<br></div><div class="battle-history"><small>(Duskull lost <abbr title="−4/21">19.0%</abbr> of its health!)</small><br></div><div class="spacer battle-history"><br></div><div class="battle-history">Duskull used <strong>Will-O-Wisp</strong>!<br></div><div class="battle-history"><small>The opposing Bulbasaur was burned!</small><br></div><div class="spacer battle-history"><br></div><div class="battle-history"><small>Duskull's health is sapped by Leech Seed!</small><br></div><div class="battle-history"><small>The opposing Bulbasaur was hurt by its burn!</small><br></div><div class="spacer battle-history"><br></div><h2 class="battle-history">Turn 5</h2><div class="spacer battle-history"><br></div><div class="battle-history">The opposing Bulbasaur used <strong>Giga Drain</strong>!<br></div><div class="battle-history"><small>(Duskull lost <abbr title="−4/21">19.0%</abbr> of its health!)</small><br></div><div class="battle-history"><small>Duskull had its energy drained!</small><br></div><div class="spacer battle-history"><br></div><div class="battle-history">Duskull used <strong>Pain Split</strong>!<br></div><div class="battle-history"><small>The battlers shared their pain!</small><br></div><div class="spacer battle-history"><br></div><div class="battle-history"><small>Duskull's health is sapped by Leech Seed!</small><br></div><div class="battle-history"><small>The opposing Bulbasaur was hurt by its burn!</small><br></div><div class="spacer battle-history"><br></div><h2 class="battle-history">Turn 6</h2><div class="spacer battle-history"><br></div><div class="battle-history">Duskull, come back!<br></div><div class="battle-history">Go! <strong>Gastly</strong>!<br></div><div class="spacer battle-history"><br></div><div class="battle-history">The opposing Bulbasaur used <strong>Sludge Bomb</strong>!<br></div><div class="battle-history"><small>It's not very effective...</small><br></div><div class="battle-history"><small>(Gastly lost <abbr title="−3/19">15.8%</abbr> of its health!)</small><br></div><div class="spacer battle-history"><br></div><div class="battle-history"><small>The opposing Bulbasaur was hurt by its burn!</small><br></div><div class="spacer battle-history"><br></div><h2 class="battle-history">Turn 7</h2><div class="chat chatmessage-burakoru"><strong style="color:hsl(144,42%,39%)"><small> </small><span class="username" data-name="Burakoru">Burakoru</span>:</strong> <em>Eyy, we back boys!</em></div><div class="spacer battle-history"><br></div><div class="battle-history">Gastly used <strong>Psychic</strong>!<br></div><div class="battle-history"><small>It's super effective!</small><br></div><div class="battle-history"><small>(The opposing Bulbasaur lost <abbr title="−10/21">47.6%</abbr> of its health!)</small><br></div><div class="battle-history"><small>Gastly lost some of its HP!</small><br></div><div class="spacer battle-history"><br></div><div class="battle-history">The opposing Bulbasaur fainted!<br></div><div class="spacer battle-history"><br></div><div class="battle-history">TheBrain05 sent out <strong>Wynaut</strong>!<br></div><div class="battle-history"><small>Pointed stones dug into the opposing Wynaut!</small><br></div><div class="spacer battle-history"><br></div><h2 class="battle-history">Turn 8</h2><div class="spacer battle-history"><br></div><div class="battle-history">Gastly used <strong>Psychic</strong>!<br></div><div class="battle-history"><small>It's not very effective...</small><br></div><div class="battle-history"><small>(The opposing Wynaut lost <abbr title="−4/26">15.4%</abbr> of its health!)</small><br></div><div class="battle-history"><small>Gastly lost some of its HP!</small><br></div><div class="spacer battle-history"><br></div><div class="battle-history">The opposing Wynaut used <strong>Tickle</strong>!<br></div><div class="battle-history"><small>Gastly's Attack fell!</small><br></div><div class="battle-history"><small>Gastly's Defense fell!</small><br></div><div class="spacer battle-history"><br></div><h2 class="battle-history">Turn 9</h2><div class="spacer battle-history"><br></div><div class="battle-history">Gastly used <strong>Shadow Ball</strong>!<br></div><div class="battle-history"><small>It's super effective!</small><br></div><div class="battle-history"><small>(The opposing Wynaut lost <abbr title="−19/26">73.1%</abbr> of its health!)</small><br></div><div class="battle-history"><small>Gastly lost some of its HP!</small><br></div><div class="spacer battle-history"><br></div><div class="battle-history">The opposing Wynaut fainted!<br></div><div class="spacer battle-history"><br></div><div class="battle-history">TheBrain05 sent out <strong>Pidgey</strong>!<br></div><div class="battle-history"><small>Pointed stones dug into the opposing Pidgey!</small><br></div><div class="spacer battle-history"><br></div><h2 class="battle-history">Turn 10</h2><div class="spacer battle-history"><br></div><div class="battle-history">Gastly, come back!<br></div><div class="battle-history">Go! <strong>Geodude</strong>!<br></div><div class="spacer battle-history"><br></div><div class="battle-history">The opposing Pidgey used <strong>Defog</strong>!<br></div><div class="battle-history"><small>Geodude's evasiveness fell!</small><br></div><div class="battle-history"><small>The pointed stones disappeared from around the opposing team!</small><br></div><div class="spacer battle-history"><br></div><h2 class="battle-history">Turn 11</h2><div class="spacer battle-history"><br></div><div class="battle-history">TheBrain05 withdrew Pidgey!<br></div><div class="battle-history">TheBrain05 sent out <strong>Helioptile</strong>!<br></div><div class="spacer battle-history"><br></div><div class="battle-history">Geodude used <strong>Stealth Rock</strong>!<br></div><div class="battle-history"><small>Pointed stones float in the air around the opposing team!</small><br></div><div class="spacer battle-history"><br></div><h2 class="battle-history">Turn 12</h2><div class="spacer battle-history"><br></div><div class="battle-history">Geodude, come back!<br></div><div class="battle-history">Go! <strong>Duskull</strong>!<br></div><div class="spacer battle-history"><br></div><div class="battle-history">The opposing Helioptile used <strong>Surf</strong>!<br></div><div class="battle-history"><small>(Duskull lost <abbr title="−4/21">19.0%</abbr> of its health!)</small><br></div><div class="spacer battle-history"><br></div><h2 class="battle-history">Turn 13</h2><div class="spacer battle-history"><br></div><div class="battle-history">The opposing Helioptile used <strong>Volt Switch</strong>!<br></div><div class="battle-history"><small>(Duskull lost <abbr title="−6/21">28.6%</abbr> of its health!)</small><br></div><div class="spacer battle-history"><br></div><div class="battle-history">Duskull fainted!<br></div><div class="spacer battle-history"><br></div><div class="battle-history">The opposing Helioptile went back to TheBrain05!<br></div><div class="battle-history">TheBrain05 sent out <strong>Pidgey</strong>!<br></div><div class="battle-history"><small>Pointed stones dug into the opposing Pidgey!</small><br></div><div class="spacer battle-history"><br></div><div class="battle-history">Go! <strong>Torchic</strong>!<br></div><div class="spacer battle-history"><br></div><h2 class="battle-history">Turn 14</h2><div class="spacer battle-history"><br></div><div class="battle-history">Torchic used <strong>Protect</strong>!<br></div><div class="battle-history"><small>Torchic protected itself!</small><br></div><div class="spacer battle-history"><br></div><div class="battle-history">The opposing Pidgey used <strong>Brave Bird</strong>!<br></div><div class="battle-history"><small>Torchic protected itself!</small><br></div><div class="spacer battle-history"><br></div><div class="battle-history"><small>[Torchic's Speed Boost]</small><br></div><div class="battle-history"><small>Torchic's Speed rose!</small><br></div><div class="spacer battle-history"><br></div><h2 class="battle-history">Turn 15</h2><div class="spacer battle-history"><br></div><div class="battle-history">The opposing Pidgey used <strong>Brave Bird</strong>!<br></div><div class="battle-history"><small>(Torchic lost <abbr title="−21/21">100%</abbr> of its health!)</small><br></div><div class="battle-history"><small>The opposing Pidgey is damaged by the recoil!</small><br></div><div class="spacer battle-history"><br></div><div class="battle-history">Torchic fainted!<br></div><div class="spacer battle-history"><br></div><div class="battle-history">Go! <strong>Geodude</strong>!<br></div><div class="spacer battle-history"><br></div><h2 class="battle-history">Turn 16</h2><div class="spacer battle-history"><br></div><div class="battle-history">The opposing Pidgey used <strong>Brave Bird</strong>!<br></div><div class="battle-history"><small>It's not very effective...</small><br></div><div class="battle-history"><small>(Geodude lost <abbr title="−6/20">30%</abbr> of its health!)</small><br></div><div class="battle-history"><small>The opposing Pidgey is damaged by the recoil!</small><br></div><div class="battle-history"><small>(Geodude used its Berry Juice!)</small><br></div><div class="battle-history"><small>Geodude restored HP using its Berry Juice!</small><br></div><div class="spacer battle-history"><br></div><div class="battle-history">Geodude used <strong>Earthquake</strong>!<br></div><div class="battle-history"><small>It doesn't affect the opposing Pidgey...</small><br></div><div class="spacer battle-history"><br></div><h2 class="battle-history">Turn 17</h2><div class="chat chatmessage-burakoru"><strong style="color:hsl(144,42%,39%)"><small> </small><span class="username" data-name="Burakoru">Burakoru</span>:</strong> <em>Pidgey OP Nerf Please</em></div><div class="spacer battle-history"><br></div><div class="battle-history">The opposing Pidgey used <strong>Brave Bird</strong>!<br></div><div class="battle-history"><small>It's not very effective...</small><br></div><div class="battle-history"><small>A critical hit!</small><br></div><div class="battle-history"><small>(Geodude lost <abbr title="−9/20">45%</abbr> of its health!)</small><br></div><div class="battle-history"><small>The opposing Pidgey is damaged by the recoil!</small><br></div><div class="spacer battle-history"><br></div><div class="battle-history">The opposing Pidgey fainted!<br></div><div class="battle-history">Geodude used <strong>Stone Edge</strong>!<br></div><div class="battle-history"><small>But there was no target...</small><br></div><div class="chat chatmessage-oaks"><strong style="color:hsl(356,56%,51.19260510630965%)"><small>★</small><span class="username" data-name="Oaks">Oaks</span>:</strong> <em>wow lol</em></div><div class="spacer battle-history"><br></div><div class="battle-history">TheBrain05 sent out <strong>Riolu</strong>!<br></div><div class="battle-history"><small>Pointed stones dug into the opposing Riolu!</small><br></div><div class="spacer battle-history"><br></div><h2 class="battle-history">Turn 18</h2><div class="spacer battle-history"><br></div><div class="battle-history">The opposing Riolu used <strong>Crunch</strong>!<br></div><div class="battle-history"><small>(Geodude lost <abbr title="−7/20">35%</abbr> of its health!)</small><br></div><div class="spacer battle-history"><br></div><div class="battle-history">Geodude used <strong>Explosion</strong>!<br></div><div class="battle-history"><small>(The opposing Riolu lost <abbr title="−19/20">95%</abbr> of its health!)</small><br></div><div class="spacer battle-history"><br></div><div class="battle-history">Geodude fainted!<br></div><div class="battle-history">The opposing Riolu fainted!<br></div><div class="chat"><small>NDF Chesnaught joined.</small></div><div class="spacer battle-history"><br></div><div class="battle-history">TheBrain05 sent out <strong>Helioptile</strong>!<br></div><div class="spacer battle-history"><br></div><div class="battle-history">Go! <strong>Snivy</strong>!<br></div><div class="battle-history"><small>Pointed stones dug into the opposing Helioptile!</small><br></div><div class="spacer battle-history"><br></div><h2 class="battle-history">Turn 19</h2><div class="spacer battle-history"><br></div><div class="battle-history">The opposing Helioptile used <strong>Glare</strong>!<br></div><div class="battle-history"><small>Snivy is paralyzed! It may be unable to move!</small><br></div><div class="spacer battle-history"><br></div><div class="battle-history">Snivy used <strong>Leaf Storm</strong>!<br></div><div class="battle-history"><small>(The opposing Helioptile lost <abbr title="−18/20">90%</abbr> of its health!)</small><br></div><div class="battle-history"><small>Snivy's Special Attack fell harshly!</small><br></div><div class="spacer battle-history"><br></div><div class="battle-history">The opposing Helioptile fainted!<br></div><div class="spacer battle-history"><br></div><div class="battle-history">TheBrain05 sent out <strong>Shellder</strong>!<br></div><div class="battle-history"><small>Pointed stones dug into the opposing Shellder!</small><br></div><div class="spacer battle-history"><br></div><h2 class="battle-history">Turn 20</h2><div class="chat chatmessage-thebrain05"><strong style="color:hsl(89,66%,30%)"><small>★</small><span class="username" data-name="TheBrain05">TheBrain05</span>:</strong> <em>Uhh</em></div><div class="chat chatmessage-thebrain05"><strong style="color:hsl(89,66%,30%)"><small>★</small><span class="username" data-name="TheBrain05">TheBrain05</span>:</strong> <em>Ok</em></div><div class="chat chatmessage-oaks"><strong style="color:hsl(356,56%,51.19260510630965%)"><small>★</small><span class="username" data-name="Oaks">Oaks</span>:</strong> <em>lol</em></div><div class="spacer battle-history"><br></div><div class="battle-history">The opposing Shellder used <strong>Shell Smash</strong>!<br></div><div class="battle-history"><small>The opposing Shellder's Defense fell!</small><br></div><div class="battle-history"><small>The opposing Shellder's Special Defense fell!</small><br></div><div class="battle-history"><small>The opposing Shellder's Attack rose sharply!</small><br></div><div class="battle-history"><small>The opposing Shellder's Special Attack rose sharply!</small><br></div><div class="battle-history"><small>The opposing Shellder's Speed rose sharply!</small><br></div><div class="spacer battle-history"><br></div><div class="battle-history">Snivy used <strong>Glare</strong>!<br></div><div class="battle-history"><small>The opposing Shellder is paralyzed! It may be unable to move!</small><br></div><div class="spacer battle-history"><br></div><h2 class="battle-history">Turn 21</h2><div class="chat"><small>NDF Chesnaught left.</small></div><div class="chat chatmessage-burakoru"><strong style="color:hsl(144,42%,39%)"><small> </small><span class="username" data-name="Burakoru">Burakoru</span>:</strong> <em>A Glare for a Glare.</em></div><div class="spacer battle-history"><br></div><div class="battle-history">The opposing Shellder used <strong>Rock Blast</strong>!<br></div><div class="battle-history"><small>(Snivy lost <abbr title="−5/22">22.7%</abbr> of its health!)</small><br></div><div class="battle-history"><small>(Snivy lost <abbr title="−5/22">22.7%</abbr> of its health!)</small><br></div><div class="battle-history"><small>(Snivy lost <abbr title="−6/22">27.3%</abbr> of its health!)</small><br></div><div class="battle-history"><small>(Snivy used its Berry Juice!)</small><br></div><div class="battle-history"><small>Snivy restored HP using its Berry Juice!</small><br></div><div class="battle-history"><small>(Snivy lost <abbr title="−6/22">27.3%</abbr> of its health!)</small><br></div><div class="battle-history"><small>(Snivy lost <abbr title="−6/22">27.3%</abbr> of its health!)</small><br></div><div class="battle-history"><small>Hit 5 times!</small><br></div><div class="spacer battle-history"><br></div><div class="battle-history">Snivy is paralyzed! It can't move!<br></div><div class="spacer battle-history"><br></div><h2 class="battle-history">Turn 22</h2><div class="spacer battle-history"><br></div><div class="battle-history">The opposing Shellder used <strong>Rock Blast</strong>!<br></div><div class="battle-history"><small>(Snivy lost <abbr title="−6/22">27.3%</abbr> of its health!)</small><br></div><div class="battle-history"><small>(Snivy lost <abbr title="−4/22">18.2%</abbr> of its health!)</small><br></div><div class="battle-history"><small>Hit 2 times!</small><br></div><div class="spacer battle-history"><br></div><div class="battle-history">Snivy fainted!<br></div><div class="spacer battle-history"><br></div><div class="battle-history">Go! <strong>Oshawott</strong>!<br></div><div class="spacer battle-history"><br></div><h2 class="battle-history">Turn 23</h2><div class="spacer battle-history"><br></div><div class="battle-history">Oshawott used <strong>Scald</strong>!<br></div><div class="battle-history"><small>It's not very effective...</small><br></div><div class="battle-history"><small>(The opposing Shellder lost <abbr title="−11/19">57.9%</abbr> of its health!)</small><br></div><div class="spacer battle-history"><br></div><div class="battle-history">The opposing Shellder used <strong>Rock Blast</strong>!<br></div><div class="battle-history"><small>(Oshawott lost <abbr title="−6/22">27.3%</abbr> of its health!)</small><br></div><div class="battle-history"><small>(Oshawott lost <abbr title="−5/22">22.7%</abbr> of its health!)</small><br></div><div class="battle-history"><small>(Oshawott lost <abbr title="−6/22">27.3%</abbr> of its health!)</small><br></div><div class="battle-history"><small>(Oshawott lost <abbr title="−5/22">22.7%</abbr> of its health!)</small><br></div><div class="battle-history"><small>Hit 4 times!</small><br></div><div class="spacer battle-history"><br></div><div class="battle-history">Oshawott fainted!<br></div><div class="spacer battle-history"><br></div><div class="battle-history">Go! <strong>Gastly</strong>!<br></div><div class="spacer battle-history"><br></div><h2 class="battle-history">Turn 24</h2><div class="spacer battle-history"><br></div><div class="battle-history">The opposing Shellder is paralyzed! It can't move!<br></div><div class="spacer battle-history"><br></div><div class="battle-history">Gastly used <strong>Giga Drain</strong>!<br></div><div class="battle-history"><small>It's super effective!</small><br></div><div class="battle-history"><small>(The opposing Shellder lost <abbr title="−6/19">31.6%</abbr> of its health!)</small><br></div><div class="battle-history"><small>The opposing Shellder had its energy drained!</small><br></div><div class="battle-history"><small>Gastly lost some of its HP!</small><br></div><div class="spacer battle-history"><br></div><div class="battle-history">The opposing Shellder fainted!<br></div><div class="spacer battle-history"><br></div><div class="battle-history"><strong>Oaks</strong> won the battle!<br></div><div class="chat chatmessage-oaks"><strong style="color:hsl(356,56%,51.19260510630965%)"><small>★</small><span class="username" data-name="Oaks">Oaks</span>:</strong> <em>welp lol</em></div><div class="chat chatmessage-thebrain05"><strong style="color:hsl(89,66%,30%)"><small>★</small><span class="username" data-name="TheBrain05">TheBrain05</span>:</strong> <em>...</em></div><div class="chat chatmessage-burakoru"><strong style="color:hsl(144,42%,39%)"><small> </small><span class="username" data-name="Burakoru">Burakoru</span>:</strong> <em>Ice Shard?</em></div><div class="chat chatmessage-thebrain05"><strong style="color:hsl(89,66%,30%)"><small>★</small><span class="username" data-name="TheBrain05">TheBrain05</span>:</strong> <em>I went for ice shard</em></div><div class="chat chatmessage-oaks"><strong style="color:hsl(356,56%,51.19260510630965%)"><small>★</small><span class="username" data-name="Oaks">Oaks</span>:</strong> <em>pretty sure that was ice shard</em></div><div class="chat chatmessage-thebrain05"><strong style="color:hsl(89,66%,30%)"><small>★</small><span class="username" data-name="TheBrain05">TheBrain05</span>:</strong> <em>Rip</em></div><div class="chat chatmessage-thebrain05"><strong style="color:hsl(89,66%,30%)"><small>★</small><span class="username" data-name="TheBrain05">TheBrain05</span>:</strong> <em>So close</em></div><div class="chat chatmessage-burakoru"><strong style="color:hsl(144,42%,39%)"><small> </small><span class="username" data-name="Burakoru">Burakoru</span>:</strong> <em>Was a close fight</em></div><div class="chat chatmessage-oaks"><strong style="color:hsl(356,56%,51.19260510630965%)"><small>★</small><span class="username" data-name="Oaks">Oaks</span>:</strong> <em>tbh the snivy paralyze mattered</em></div><div class="chat chatmessage-thebrain05"><strong style="color:hsl(89,66%,30%)"><small>★</small><span class="username" data-name="TheBrain05">TheBrain05</span>:</strong> <em>Yeah</em></div><div class="chat chatmessage-thebrain05"><strong style="color:hsl(89,66%,30%)"><small>★</small><span class="username" data-name="TheBrain05">TheBrain05</span>:</strong> <em>Though not contrary</em></div><div class="chat chatmessage-oaks"><strong style="color:hsl(356,56%,51.19260510630965%)"><small>★</small><span class="username" data-name="Oaks">Oaks</span>:</strong> <em>well i have to leave sooo</em></div></div><div class="inner-preempt"></div></div></div>
</div>
<script>
let daily = Math.floor(Date.now()/1000/60/60/24);document.write('<script src="https://play.pokemonshowdown.com/js/replay-embed.js?version'+daily+'"></'+'script>');
</script>
