<!DOCTYPE html>
<meta charset="utf-8" />
<!-- version 1 -->
<title>LC replay: SquareOneRadiance vs. trialteam98</title>
<style>
html,body {font-family:Verdana, sans-serif;font-size:10pt;margin:0;padding:0;}body{padding:12px 0;} .battle-log {font-family:Verdana, sans-serif;font-size:10pt;} .battle-log-inline {border:1px solid #AAAAAA;background:#EEF2F5;color:black;max-width:640px;margin:0 auto 80px;padding-bottom:5px;} .battle-log .inner {padding:4px 8px 0px 8px;} .battle-log .inner-preempt {padding:0 8px 4px 8px;} .battle-log .inner-after {margin-top:0.5em;} .battle-log h2 {margin:0.5em -8px;padding:4px 8px;border:1px solid #AAAAAA;background:#E0E7EA;border-left:0;border-right:0;font-family:Verdana, sans-serif;font-size:13pt;} .battle-log .chat {vertical-align:middle;padding:3px 0 3px 0;font-size:8pt;} .battle-log .chat strong {color:#40576A;} .battle-log .chat em {padding:1px 4px 1px 3px;color:#000000;font-style:normal;} .chat.mine {background:rgba(0,0,0,0.05);margin-left:-8px;margin-right:-8px;padding-left:8px;padding-right:8px;} .spoiler {color:#BBBBBB;background:#BBBBBB;padding:0px 3px;} .spoiler:hover, .spoiler:active, .spoiler-shown {color:#000000;background:#E2E2E2;padding:0px 3px;} .spoiler a {color:#BBBBBB;} .spoiler:hover a, .spoiler:active a, .spoiler-shown a {color:#2288CC;} .chat code, .chat .spoiler:hover code, .chat .spoiler:active code, .chat .spoiler-shown code {border:1px solid #C0C0C0;background:#EEEEEE;color:black;padding:0 2px;} .chat .spoiler code {border:1px solid #CCCCCC;background:#CCCCCC;color:#CCCCCC;} .battle-log .rated {padding:3px 4px;} .battle-log .rated strong {color:white;background:#89A;padding:1px 4px;border-radius:4px;} .spacer {margin-top:0.5em;} .message-announce {background:#6688AA;color:white;padding:1px 4px 2px;} .message-announce a, .broadcast-green a, .broadcast-blue a, .broadcast-red a {color:#DDEEFF;} .broadcast-green {background-color:#559955;color:white;padding:2px 4px;} .broadcast-blue {background-color:#6688AA;color:white;padding:2px 4px;} .infobox {border:1px solid #6688AA;padding:2px 4px;} .infobox-limited {max-height:200px;overflow:auto;overflow-x:hidden;} .broadcast-red {background-color:#AA5544;color:white;padding:2px 4px;} .message-learn-canlearn {font-weight:bold;color:#228822;text-decoration:underline;} .message-learn-cannotlearn {font-weight:bold;color:#CC2222;text-decoration:underline;} .message-effect-weak {font-weight:bold;color:#CC2222;} .message-effect-resist {font-weight:bold;color:#6688AA;} .message-effect-immune {font-weight:bold;color:#666666;} .message-learn-list {margin-top:0;margin-bottom:0;} .message-throttle-notice, .message-error {color:#992222;} .message-overflow, .chat small.message-overflow {font-size:0pt;} .message-overflow::before {font-size:9pt;content:'...';} .subtle {color:#3A4A66;}
</style>
<div class="wrapper replay-wrapper" style="max-width:1180px;margin:0 auto">
<input type="hidden" name="replayid" value="lc-499655920" />
<div class="battle"></div><div class="battle-log"></div><div class="replay-controls"></div><div class="replay-controls-2"></div>
<h1 style="font-weight:normal;text-align:center"><strong>LC</strong><br /><a href="http://pokemonshowdown.com/users/squareoneradiance" class="subtle" target="_blank">SquareOneRadiance</a> vs. <a href="http://pokemonshowdown.com/users/trialteam98" class="subtle" target="_blank">trialteam98</a></h1>
<script type="text/plain" class="battle-log-data">|j|SquareOneRadiance
|j|trialteam98
|player|p1|SquareOneRadiance|288
|player|p2|trialteam98|1
|gametype|singles
|gen|6
|tier|LC
|rated
|seed|3490,28934,47396,25748
|clearpoke
|poke|p1|Zorua, L5, M, shiny|item
|poke|p1|Larvesta, L5, F, shiny|item
|poke|p1|Treecko, L5, M|item
|poke|p1|Froakie, L5, M|item
|poke|p1|Larvitar, L5, F|item
|poke|p1|Teddiursa, L5, F, shiny|item
|poke|p2|Goomy, L5, M|item
|poke|p2|Noibat, L5, M|item
|poke|p2|Froakie, L5, M|item
|poke|p2|Fletchling, L5, M|
|poke|p2|Pichu, L5, M|item
|poke|p2|Scraggy, L5, M|item
|rule|Sleep Clause Mod: Limit one foe put to sleep
|rule|Species Clause: Limit one of each Pokémon
|rule|OHKO Clause: OHKO moves are banned
|rule|Moody Clause: Moody is banned
|rule|Evasion Moves Clause: Evasion moves are banned
|rule|Endless Battle Clause: Forcing endless battles is banned
|rule|HP Percentage Mod: HP is shown in percentages
|teampreview
|choice|team 5, team 2, team 3, team 4, team 1, team 6|team 3, team 2, team 1, team 4, team 5, team 6
|
|start
|switch|p1a: Larvitar|Larvitar, L5, F|24\/24
|switch|p2a: Froakie|Froakie, L5, M|20\/20
|turn|1
|choice|switch 2|move uturn
|
|switch|p1a: Larvesta|Larvesta, L5, F, shiny|25\/25
|move|p2a: Froakie|U-turn|p1a: Larvesta
|-start|p2a: Froakie|typechange|Bug|[from] Protean
|-resisted|p1a: Larvesta
|-damage|p1a: Larvesta|21\/25
|-damage|p2a: Froakie|18\/20|[from] item: Life Orb
|choice||switch 4
|
|switch|p2a: Fletchling|Fletchling, L5, M|21\/21
|
|-heal|p1a: Larvesta|22\/25|[from] item: Leftovers
|upkeep
|turn|2
|choice|switch 6|move acrobatics
|
|switch|p1a: Teddiursa|Teddiursa, L5, F, shiny|22\/22
|move|p2a: Fletchling|Acrobatics|p1a: Teddiursa
|-damage|p1a: Teddiursa|9\/22
|
|upkeep
|turn|3
|choice|move thunderpunch|move acrobatics
|
|move|p2a: Fletchling|Acrobatics|p1a: Teddiursa
|-damage|p1a: Teddiursa|0 fnt
|faint|p1a: Teddiursa
|
|upkeep
|choice|switch 4|
|
|switch|p1a: Froakie|Froakie, L5, M|20\/20
|turn|4
|choice|move icebeam|switch 3
|
|switch|p2a: Goomy|Goomy, L5, M|21\/21
|move|p1a: Froakie|Ice Beam|p2a: Goomy
|-start|p1a: Froakie|typechange|Ice|[from] Protean
|-supereffective|p2a: Goomy
|-damage|p2a: Goomy|1\/21
|-enditem|p2a: Goomy|Berry Juice
|-heal|p2a: Goomy|21\/21|[from] item: Berry Juice
|
|upkeep
|turn|5
|choice|move icebeam|move thunderbolt
|
|move|p1a: Froakie|Ice Beam|p2a: Goomy
|-supereffective|p2a: Goomy
|-damage|p2a: Goomy|1\/21
|move|p2a: Goomy|Thunderbolt|p1a: Froakie
|-damage|p1a: Froakie|10\/20
|
|upkeep
|turn|6
|choice|move icebeam|move sludgebomb
|
|move|p1a: Froakie|Ice Beam|p2a: Goomy
|-supereffective|p2a: Goomy
|-damage|p2a: Goomy|0 fnt
|faint|p2a: Goomy
|
|upkeep
|choice||switch 3
|
|switch|p2a: Fletchling|Fletchling, L5, M|21\/21
|turn|7
|choice|move icebeam|move acrobatics
|
|move|p2a: Fletchling|Acrobatics|p1a: Froakie
|-damage|p1a: Froakie|0 fnt
|faint|p1a: Froakie
|
|upkeep
|-message|SquareOneRadiance forfeited.
|
|win|trialteam98
|player|p1
|player|p2
|l|SquareOneRadiance</script>
</div>
<div class="battle-log battle-log-inline"><div class="inner"><div class="battle-options"></div><div class="inner"><div class="chat"><small>SquareOneRadiance joined.</small></div><div class="chat"><small>trialteam98 joined.</small></div><div class=""><small>Format:</small> <br><strong>LC</strong></div><div class="rated"><strong>Rated battle</strong></div><div class=""><small><em>Sleep Clause Mod:</em> Limit one foe put to sleep</small></div><div class=""><small><em>Species Clause:</em> Limit one of each Pokémon</small></div><div class=""><small><em>OHKO Clause:</em> OHKO moves are banned</small></div><div class=""><small><em>Moody Clause:</em> Moody is banned</small></div><div class=""><small><em>Evasion Moves Clause:</em> Evasion moves are banned</small></div><div class=""><small><em>Endless Battle Clause:</em> Forcing endless battles is banned</small></div><div class=""><small><em>HP Percentage Mod:</em> HP is shown in percentages</small></div><div class="chat battle-history"><strong>SquareOneRadiance's team:</strong> <em style="color:#445566;display:block;">Zorua / Larvesta / Treecko / Froakie / Larvitar / Teddiursa</em></div><div class="chat battle-history"><strong>trialteam98's team:</strong> <em style="color:#445566;display:block;">Goomy / Noibat / Froakie / Fletchling / Pichu / Scraggy</em></div><div class="spacer battle-history"><br></div><div class="battle-history">Battle started between SquareOneRadiance and trialteam98!<br></div><div class="spacer battle-history"><br></div><div class="battle-history">Go! <strong>Larvitar</strong>!<br></div><div class="spacer battle-history"><br></div><div class="battle-history">trialteam98 sent out <strong>Froakie</strong>!<br></div><div class="spacer battle-history"><br></div><h2 class="battle-history">Turn 1</h2><div class="spacer battle-history"><br></div><div class="battle-history">Larvitar, come back!<br></div><div class="battle-history">Go! <strong>Larvesta</strong>!<br></div><div class="spacer battle-history"><br></div><div class="battle-history">The opposing Froakie used <strong>U-turn</strong>!<br></div><div class="spacer battle-history"><br></div><div class="battle-history"><small>[The opposing Froakie's Protean]</small><br><small>The opposing Froakie transformed into the Bug type!</small><br></div><div class="battle-history"><small>It's not very effective...</small><br></div><div class="battle-history"><small>(Larvesta lost <abbr title="−4/25">16%</abbr> of its health!)</small><br></div><div class="battle-history"><small>The opposing Froakie lost some of its HP!</small><br></div><div class="spacer battle-history"><br></div><div class="battle-history">The opposing Froakie went back to trialteam98!<br></div><div class="battle-history">trialteam98 sent out <strong>Fletchling</strong>!<br></div><div class="spacer battle-history"><br></div><div class="battle-history"><small>Larvesta restored a little HP using its Leftovers!</small><br></div><div class="spacer battle-history"><br></div><h2 class="battle-history">Turn 2</h2><div class="spacer battle-history"><br></div><div class="battle-history">Larvesta, come back!<br></div><div class="battle-history">Go! <strong>Teddiursa</strong>!<br></div><div class="spacer battle-history"><br></div><div class="battle-history">The opposing Fletchling used <strong>Acrobatics</strong>!<br></div><div class="battle-history"><small>(Teddiursa lost <abbr title="−13/22">59.1%</abbr> of its health!)</small><br></div><div class="spacer battle-history"><br></div><h2 class="battle-history">Turn 3</h2><div class="spacer battle-history"><br></div><div class="battle-history">The opposing Fletchling used <strong>Acrobatics</strong>!<br></div><div class="battle-history"><small>(Teddiursa lost <abbr title="−9/22">40.9%</abbr> of its health!)</small><br></div><div class="spacer battle-history"><br></div><div class="battle-history">Teddiursa fainted!<br></div><div class="spacer battle-history"><br></div><div class="battle-history">Go! <strong>Froakie</strong>!<br></div><div class="spacer battle-history"><br></div><h2 class="battle-history">Turn 4</h2><div class="spacer battle-history"><br></div><div class="battle-history">trialteam98 withdrew Fletchling!<br></div><div class="battle-history">trialteam98 sent out <strong>Goomy</strong>!<br></div><div class="spacer battle-history"><br></div><div class="battle-history">Froakie used <strong>Ice Beam</strong>!<br></div><div class="spacer battle-history"><br></div><div class="battle-history"><small>[Froakie's Protean]</small><br><small>Froakie transformed into the Ice type!</small><br></div><div class="battle-history"><small>It's super effective!</small><br></div><div class="battle-history"><small>(The opposing Goomy lost <abbr title="−20/21">95.2%</abbr> of its health!)</small><br></div><div class="battle-history"><small>(The opposing Goomy used its Berry Juice!)</small><br></div><div class="battle-history"><small>The opposing Goomy restored HP using its Berry Juice!</small><br></div><div class="spacer battle-history"><br></div><h2 class="battle-history">Turn 5</h2><div class="spacer battle-history"><br></div><div class="battle-history">Froakie used <strong>Ice Beam</strong>!<br></div><div class="battle-history"><small>It's super effective!</small><br></div><div class="battle-history"><small>(The opposing Goomy lost <abbr title="−20/21">95.2%</abbr> of its health!)</small><br></div><div class="spacer battle-history"><br></div><div class="battle-history">The opposing Goomy used <strong>Thunderbolt</strong>!<br></div><div class="battle-history"><small>(Froakie lost <abbr title="−10/20">50%</abbr> of its health!)</small><br></div><div class="spacer battle-history"><br></div><h2 class="battle-history">Turn 6</h2><div class="spacer battle-history"><br></div><div class="battle-history">Froakie used <strong>Ice Beam</strong>!<br></div><div class="battle-history"><small>It's super effective!</small><br></div><div class="battle-history"><small>(The opposing Goomy lost <abbr title="−1/21">4.8%</abbr> of its health!)</small><br></div><div class="spacer battle-history"><br></div><div class="battle-history">The opposing Goomy fainted!<br></div><div class="spacer battle-history"><br></div><div class="battle-history">trialteam98 sent out <strong>Fletchling</strong>!<br></div><div class="spacer battle-history"><br></div><h2 class="battle-history">Turn 7</h2><div class="spacer battle-history"><br></div><div class="battle-history">The opposing Fletchling used <strong>Acrobatics</strong>!<br></div><div class="battle-history"><small>(Froakie lost <abbr title="−10/20">50%</abbr> of its health!)</small><br></div><div class="spacer battle-history"><br></div><div class="battle-history">Froakie fainted!<br></div><div class="spacer battle-history"><br></div><div class="battle-history"><small>SquareOneRadiance forfeited.</small><br></div><div class="spacer battle-history"><br></div><div class="battle-history"><strong>trialteam98</strong> won the battle!<br></div><div class="chat"><small>SquareOneRadiance left.</small></div></div><div class="inner-preempt"></div></div></div>
</div>
<script>
let daily = Math.floor(Date.now()/1000/60/60/24);document.write('<script src="https://play.pokemonshowdown.com/js/replay-embed.js?version'+daily+'"></'+'script>');
</script>
