<!DOCTYPE html>
<meta charset="utf-8" />
<!-- version 1 -->
<title>LC replay: PugiPugiPugi43 vs. calciumacetate</title>
<style>
html,body {font-family:Verdana, sans-serif;font-size:10pt;margin:0;padding:0;}body{padding:12px 0;} .battle-log {font-family:Verdana, sans-serif;font-size:10pt;} .battle-log-inline {border:1px solid #AAAAAA;background:#EEF2F5;color:black;max-width:640px;margin:0 auto 80px;padding-bottom:5px;} .battle-log .inner {padding:4px 8px 0px 8px;} .battle-log .inner-preempt {padding:0 8px 4px 8px;} .battle-log .inner-after {margin-top:0.5em;} .battle-log h2 {margin:0.5em -8px;padding:4px 8px;border:1px solid #AAAAAA;background:#E0E7EA;border-left:0;border-right:0;font-family:Verdana, sans-serif;font-size:13pt;} .battle-log .chat {vertical-align:middle;padding:3px 0 3px 0;font-size:8pt;} .battle-log .chat strong {color:#40576A;} .battle-log .chat em {padding:1px 4px 1px 3px;color:#000000;font-style:normal;} .chat.mine {background:rgba(0,0,0,0.05);margin-left:-8px;margin-right:-8px;padding-left:8px;padding-right:8px;} .spoiler {color:#BBBBBB;background:#BBBBBB;padding:0px 3px;} .spoiler:hover, .spoiler:active, .spoiler-shown {color:#000000;background:#E2E2E2;padding:0px 3px;} .spoiler a {color:#BBBBBB;} .spoiler:hover a, .spoiler:active a, .spoiler-shown a {color:#2288CC;} .chat code, .chat .spoiler:hover code, .chat .spoiler:active code, .chat .spoiler-shown code {border:1px solid #C0C0C0;background:#EEEEEE;color:black;padding:0 2px;} .chat .spoiler code {border:1px solid #CCCCCC;background:#CCCCCC;color:#CCCCCC;} .battle-log .rated {padding:3px 4px;} .battle-log .rated strong {color:white;background:#89A;padding:1px 4px;border-radius:4px;} .spacer {margin-top:0.5em;} .message-announce {background:#6688AA;color:white;padding:1px 4px 2px;} .message-announce a, .broadcast-green a, .broadcast-blue a, .broadcast-red a {color:#DDEEFF;} .broadcast-green {background-color:#559955;color:white;padding:2px 4px;} .broadcast-blue {background-color:#6688AA;color:white;padding:2px 4px;} .infobox {border:1px solid #6688AA;padding:2px 4px;} .infobox-limited {max-height:200px;overflow:auto;overflow-x:hidden;} .broadcast-red {background-color:#AA5544;color:white;padding:2px 4px;} .message-learn-canlearn {font-weight:bold;color:#228822;text-decoration:underline;} .message-learn-cannotlearn {font-weight:bold;color:#CC2222;text-decoration:underline;} .message-effect-weak {font-weight:bold;color:#CC2222;} .message-effect-resist {font-weight:bold;color:#6688AA;} .message-effect-immune {font-weight:bold;color:#666666;} .message-learn-list {margin-top:0;margin-bottom:0;} .message-throttle-notice, .message-error {color:#992222;} .message-overflow, .chat small.message-overflow {font-size:0pt;} .message-overflow::before {font-size:9pt;content:'...';} .subtle {color:#3A4A66;}
</style>
<div class="wrapper replay-wrapper" style="max-width:1180px;margin:0 auto">
<input type="hidden" name="replayid" value="lc-517808254" />
<div class="battle"></div><div class="battle-log"></div><div class="replay-controls"></div><div class="replay-controls-2"></div>
<h1 style="font-weight:normal;text-align:center"><strong>LC</strong><br /><a href="http://pokemonshowdown.com/users/pugipugipugi43" class="subtle" target="_blank">PugiPugiPugi43</a> vs. <a href="http://pokemonshowdown.com/users/calciumacetate" class="subtle" target="_blank">calciumacetate</a></h1>
<script type="text/plain" class="battle-log-data">|j|PugiPugiPugi43
|j|calciumacetate
|player|p1|PugiPugiPugi43|165
|player|p2|calciumacetate|126
|gametype|singles
|gen|6
|tier|LC
|seed|58778,19893,38734,56726
|clearpoke
|poke|p1|Bagon, L5, F|item
|poke|p1|Onix, L5, F|item
|poke|p1|Gastly, L5, M|item
|poke|p1|Doduo, L5, M|item
|poke|p1|Magby, L5, F|item
|poke|p1|Lickitung, L5, M|item
|poke|p2|Slowpoke, L5, F|item
|poke|p2|Deino, L5, M|item
|poke|p2|Tirtouga, L5, F|item
|poke|p2|Scraggy, L5, M|item
|poke|p2|Vullaby, L5, F|item
|poke|p2|Archen, L5, M|item
|rule|Sleep Clause Mod: Limit one foe put to sleep
|rule|Species Clause: Limit one of each Pokémon
|rule|OHKO Clause: OHKO moves are banned
|rule|Moody Clause: Moody is banned
|rule|Evasion Moves Clause: Evasion moves are banned
|rule|Endless Battle Clause: Forcing endless battles is banned
|rule|HP Percentage Mod: HP is shown in percentages
|teampreview
|choice|team 2, team 1, team 3, team 4, team 5, team 6|team 4, team 2, team 3, team 1, team 5, team 6
|
|start
|switch|p1a: Onix|Onix, L5, F|21\/21
|switch|p2a: Scraggy|Scraggy, L5, M|22\/22
|turn|1
|c|★PugiPugiPugi43|Wait, where do we post this match when we're done, I haven't seen a new thread on FEC yet
|choice|move taunt|move knockoff
|
|move|p2a: Scraggy|Knock Off|p1a: Onix
|-damage|p1a: Onix|14\/21
|-enditem|p1a: Onix|Berry Juice|[from] move: Knock Off|[of] p2a: Scraggy
|move|p1a: Onix|Taunt|p2a: Scraggy
|-start|p2a: Scraggy|move: Taunt
|
|upkeep
|turn|2
|c|★calciumacetate|I'll just post it to the discord
|choice|move stealthrock|move knockoff
|
|move|p2a: Scraggy|Knock Off|p1a: Onix
|-damage|p1a: Onix|7\/21
|move|p1a: Onix|Stealth Rock|p2a: Scraggy
|-sidestart|p2: calciumacetate|move: Stealth Rock
|
|upkeep
|turn|3
|c|★PugiPugiPugi43|Is this the final match of the season?
|c|★calciumacetate|Yeah
|c|★calciumacetate|Probably be a playoffs too
|choice|move roar|move knockoff
|
|move|p2a: Scraggy|Knock Off|p1a: Onix
|-damage|p1a: Onix|0 fnt
|faint|p1a: Onix
|-ability|p2a: Scraggy|Moxie|boost
|-boost|p2a: Scraggy|atk|1
|
|upkeep
|choice|switch 6|
|
|switch|p1a: Lickitung|Lickitung, L5, M|27\/27
|turn|4
|choice|move wish|switch 4
|
|switch|p2a: Slowpoke|Slowpoke, L5, F|27\/27
|-damage|p2a: Slowpoke|24\/27|[from] Stealth Rock
|move|p1a: Lickitung|Wish|p1a: Lickitung
|
|upkeep
|turn|5
|choice|move bodyslam|move scald
|
|move|p1a: Lickitung|Body Slam|p2a: Slowpoke
|-damage|p2a: Slowpoke|18\/27
|-status|p2a: Slowpoke|par
|cant|p2a: Slowpoke|par
|
|upkeep
|turn|6
|choice|move bodyslam|move thunderwave
|
|move|p1a: Lickitung|Body Slam|p2a: Slowpoke
|-damage|p2a: Slowpoke|12\/27 par
|move|p2a: Slowpoke|Thunder Wave|p1a: Lickitung
|-status|p1a: Lickitung|par
|
|upkeep
|turn|7
|choice|move healbell|move slackoff
|
|move|p2a: Slowpoke|Slack Off|p2a: Slowpoke
|-heal|p2a: Slowpoke|26\/27 par
|move|p1a: Lickitung|Heal Bell|p1a: Lickitung
|-activate|p1a: Lickitung|move: Heal Bell
|-curestatus|p1a: Lickitung|par|[msg]
|
|upkeep
|turn|8
|choice|switch 3|move psychic
|
|switch|p1a: Gastly|Gastly, L5, M|19\/19
|cant|p2a: Slowpoke|par
|
|upkeep
|turn|9
|choice|move substitute|move psychic
|
|move|p1a: Gastly|Substitute|p1a: Gastly
|-start|p1a: Gastly|Substitute
|-damage|p1a: Gastly|15\/19
|move|p2a: Slowpoke|Psychic|p1a: Gastly
|-supereffective|p1a: Gastly
|-end|p1a: Gastly|Substitute
|
|upkeep
|turn|10
|choice|switch 5|switch 4
|
|switch|p1a: Magby|Magby, L5, F|21\/21
|switch|p2a: Scraggy|Scraggy, L5, M|22\/22
|-damage|p2a: Scraggy|21\/22|[from] Stealth Rock
|
|upkeep
|turn|11
|choice|switch 3|move highjumpkick
|
|switch|p1a: Lickitung|Lickitung, L5, M|27\/27
|move|p2a: Scraggy|High Jump Kick|p1a: Lickitung
|-supereffective|p1a: Lickitung
|-damage|p1a: Lickitung|7\/27
|
|upkeep
|turn|12
|choice|switch 5|switch 3
|
|switch|p2a: Tirtouga|Tirtouga, L5, F|22\/22
|-damage|p2a: Tirtouga|20\/22|[from] Stealth Rock
|switch|p1a: Gastly|Gastly, L5, M|15\/19
|
|upkeep
|turn|13
|choice|move substitute|move zenheadbutt
|
|move|p1a: Gastly|Substitute|p1a: Gastly
|-start|p1a: Gastly|Substitute
|-damage|p1a: Gastly|11\/19
|move|p2a: Tirtouga|Zen Headbutt|p1a: Gastly
|-supereffective|p1a: Gastly
|-end|p1a: Gastly|Substitute
|
|upkeep
|turn|14
|choice|move substitute|move waterfall
|
|move|p1a: Gastly|Substitute|p1a: Gastly
|-start|p1a: Gastly|Substitute
|-damage|p1a: Gastly|7\/19
|-enditem|p1a: Gastly|Berry Juice
|-heal|p1a: Gastly|19\/19|[from] item: Berry Juice
|move|p2a: Tirtouga|Waterfall|p1a: Gastly
|-end|p1a: Gastly|Substitute
|
|upkeep
|turn|15
|choice|move shadowball|move zenheadbutt
|
|move|p1a: Gastly|Shadow Ball|p2a: Tirtouga
|-damage|p2a: Tirtouga|10\/22
|move|p2a: Tirtouga|Zen Headbutt|p1a: Gastly
|-supereffective|p1a: Gastly
|-damage|p1a: Gastly|0 fnt
|faint|p1a: Gastly
|
|upkeep
|choice|switch 2|
|
|switch|p1a: Bagon|Bagon, L5, F|21\/21
|turn|16
|choice|move dragondance|move stoneedge
|
|move|p1a: Bagon|Dragon Dance|p1a: Bagon
|-boost|p1a: Bagon|atk|1
|-boost|p1a: Bagon|spe|1
|move|p2a: Tirtouga|Stone Edge|p1a: Bagon|[miss]
|-miss|p2a: Tirtouga|p1a: Bagon
|
|upkeep
|turn|17
|choice|move dragondance|switch 4
|
|switch|p2a: Slowpoke|Slowpoke, L5, F|27\/27 par
|-damage|p2a: Slowpoke|24\/27 par|[from] Stealth Rock
|move|p1a: Bagon|Dragon Dance|p1a: Bagon
|-boost|p1a: Bagon|atk|1
|-boost|p1a: Bagon|spe|1
|
|upkeep
|turn|18
|choice|move dragonclaw|move thunderwave
|
|move|p1a: Bagon|Dragon Claw|p2a: Slowpoke
|-damage|p2a: Slowpoke|11\/27 par
|move|p2a: Slowpoke|Thunder Wave|p1a: Bagon
|-status|p1a: Bagon|par
|
|upkeep
|turn|19
|choice|move dragonclaw|move slackoff
|
|move|p1a: Bagon|Dragon Claw|p2a: Slowpoke
|-damage|p2a: Slowpoke|0 fnt
|faint|p2a: Slowpoke
|
|upkeep
|choice||switch 2
|
|switch|p2a: Deino|Deino, L5, M|22\/22
|-damage|p2a: Deino|20\/22|[from] Stealth Rock
|turn|20
|choice|move dragonclaw|move outrage
|
|move|p2a: Deino|Outrage|p1a: Bagon
|-supereffective|p1a: Bagon
|-damage|p1a: Bagon|0 fnt
|faint|p1a: Bagon
|
|upkeep
|choice|switch 5|
|
|switch|p1a: Lickitung|Lickitung, L5, M|7\/27
|turn|21
|choice|move wish|move outrage
|
|move|p2a: Deino|Outrage|p1a: Lickitung|[from]lockedmove
|-damage|p1a: Lickitung|0 fnt
|-start|p2a: Deino|confusion|[fatigue]
|faint|p1a: Lickitung
|
|upkeep
|choice|switch 3|
|
|switch|p1a: Magby|Magby, L5, F|21\/21
|turn|22
|choice|move bellydrum|move outrage
|
|-activate|p2a: Deino|confusion
|move|p2a: Deino|Outrage|p1a: Magby|[miss]
|-miss|p2a: Deino|p1a: Magby
|move|p1a: Magby|Belly Drum|p1a: Magby
|-damage|p1a: Magby|11\/21
|-setboost|p1a: Magby|atk|6|[from] move: Belly Drum
|
|upkeep
|turn|23
|choice|move machpunch|move outrage
|
|move|p1a: Magby|Mach Punch|p2a: Deino
|-supereffective|p2a: Deino
|-damage|p2a: Deino|0 fnt
|faint|p2a: Deino
|
|upkeep
|c|★PugiPugiPugi43|Holy shit I was lucky
|choice||switch 5
|
|switch|p2a: Vullaby|Vullaby, L5, F|25\/25
|-damage|p2a: Vullaby|19\/25|[from] Stealth Rock
|turn|24
|c|★calciumacetate|yeah you were
|choice|move return|move bravebird
|
|move|p1a: Magby|Return|p2a: Vullaby
|-crit|p2a: Vullaby
|-damage|p2a: Vullaby|0 fnt
|faint|p2a: Vullaby
|
|upkeep
|c|★calciumacetate|wow
|c|★PugiPugiPugi43|I would've lost if you hadn't missed
|choice||switch 6
|
|switch|p2a: Archen|Archen, L5, M|23\/23
|-damage|p2a: Archen|18\/23|[from] Stealth Rock
|turn|25
|c|★PugiPugiPugi43|Is the RNG goddess in love with me or something
|choice|move machpunch|move earthquake
|
|move|p1a: Magby|Mach Punch|p2a: Archen
|-damage|p2a: Archen|1\/23
|-enditem|p2a: Archen|Berry Juice
|-heal|p2a: Archen|21\/23|[from] item: Berry Juice
|move|p2a: Archen|Earthquake|p1a: Magby
|-supereffective|p1a: Magby
|-damage|p1a: Magby|0 fnt
|faint|p1a: Magby
|
|upkeep
|c|★PugiPugiPugi43|Nevermind I'm fucked
|c|★calciumacetate|Oh god I'm gonna cry
|choice|switch 4|
|
|switch|p1a: Doduo|Doduo, L5, M|20\/20
|turn|26
|choice|move knockoff|move stoneedge
|
|move|p1a: Doduo|Knock Off|p2a: Archen
|-damage|p2a: Archen|9\/23
|-damage|p1a: Doduo|18\/20|[from] item: Life Orb
|move|p2a: Archen|Stone Edge|p1a: Doduo
|-supereffective|p1a: Doduo
|-damage|p1a: Doduo|0 fnt
|faint|p1a: Doduo
|
|win|calciumacetate
|player|p1
|player|p2
|c|★calciumacetate|GG pugi
|c|★PugiPugiPugi43|GG
|c|★PugiPugiPugi43|Will you share it?
|c|★calciumacetate|yeah I got it
|c|★PugiPugiPugi43|That was fucking ridiculous near the end
|c|★calciumacetate|It was pretty crazy
|c|★calciumacetate|I thought I was done after that last crit
|c|★calciumacetate|GG again man
|c|★PugiPugiPugi43|I thought I was going to lose, and then halfway through you miss outrage, and then I fail to kill you with Mach punch</script>
</div>
<div class="battle-log battle-log-inline"><div class="inner"><div class="battle-options"></div><div class="inner"><div class="chat"><small>PugiPugiPugi43 joined.</small></div><div class="chat"><small>calciumacetate joined.</small></div><div class=""><small>Format:</small> <br><strong>LC</strong></div><div class=""><small><em>Sleep Clause Mod:</em> Limit one foe put to sleep</small></div><div class=""><small><em>Species Clause:</em> Limit one of each Pokémon</small></div><div class=""><small><em>OHKO Clause:</em> OHKO moves are banned</small></div><div class=""><small><em>Moody Clause:</em> Moody is banned</small></div><div class=""><small><em>Evasion Moves Clause:</em> Evasion moves are banned</small></div><div class=""><small><em>Endless Battle Clause:</em> Forcing endless battles is banned</small></div><div class=""><small><em>HP Percentage Mod:</em> HP is shown in percentages</small></div><div class="chat battle-history"><strong>PugiPugiPugi43's team:</strong> <em style="color:#445566;display:block;">Bagon / Onix / Gastly / Doduo / Magby / Lickitung</em></div><div class="chat battle-history"><strong>calciumacetate's team:</strong> <em style="color:#445566;display:block;">Slowpoke / Deino / Tirtouga / Scraggy / Vullaby / Archen</em></div><div class="spacer battle-history"><br></div><div class="battle-history">Battle started between PugiPugiPugi43 and calciumacetate!<br></div><div class="spacer battle-history"><br></div><div class="battle-history">Go! <strong>Onix</strong>!<br></div><div class="spacer battle-history"><br></div><div class="battle-history">calciumacetate sent out <strong>Scraggy</strong>!<br></div><div class="spacer battle-history"><br></div><h2 class="battle-history">Turn 1</h2><div class="chat chatmessage-pugipugipugi43"><strong style="color:hsl(108,73%,33%)"><small>★</small><span class="username" data-name="PugiPugiPugi43">PugiPugiPugi43</span>:</strong> <em>Wait, where do we post this match when we're done, I haven't seen a new thread on FEC yet</em></div><div class="spacer battle-history"><br></div><div class="battle-history">The opposing Scraggy used <strong>Knock Off</strong>!<br></div><div class="battle-history"><small>(Onix lost <abbr title="−7/21">33.3%</abbr> of its health!)</small><br></div><div class="battle-history"><small>The opposing Scraggy knocked off Onix's Berry Juice!</small><br></div><div class="spacer battle-history"><br></div><div class="battle-history">Onix used <strong>Taunt</strong>!<br></div><div class="battle-history"><small>The opposing Scraggy fell for the taunt!</small><br></div><div class="spacer battle-history"><br></div><h2 class="battle-history">Turn 2</h2><div class="chat chatmessage-calciumacetate"><strong style="color:hsl(65,69%,35%)"><small>★</small><span class="username" data-name="calciumacetate">calciumacetate</span>:</strong> <em>I'll just post it to the discord</em></div><div class="spacer battle-history"><br></div><div class="battle-history">The opposing Scraggy used <strong>Knock Off</strong>!<br></div><div class="battle-history"><small>(Onix lost <abbr title="−7/21">33.3%</abbr> of its health!)</small><br></div><div class="spacer battle-history"><br></div><div class="battle-history">Onix used <strong>Stealth Rock</strong>!<br></div><div class="battle-history"><small>Pointed stones float in the air around the opposing team!</small><br></div><div class="spacer battle-history"><br></div><h2 class="battle-history">Turn 3</h2><div class="chat chatmessage-pugipugipugi43"><strong style="color:hsl(108,73%,33%)"><small>★</small><span class="username" data-name="PugiPugiPugi43">PugiPugiPugi43</span>:</strong> <em>Is this the final match of the season?</em></div><div class="chat chatmessage-calciumacetate"><strong style="color:hsl(65,69%,35%)"><small>★</small><span class="username" data-name="calciumacetate">calciumacetate</span>:</strong> <em>Yeah</em></div><div class="chat chatmessage-calciumacetate"><strong style="color:hsl(65,69%,35%)"><small>★</small><span class="username" data-name="calciumacetate">calciumacetate</span>:</strong> <em>Probably be a playoffs too</em></div><div class="spacer battle-history"><br></div><div class="battle-history">The opposing Scraggy used <strong>Knock Off</strong>!<br></div><div class="battle-history"><small>(Onix lost <abbr title="−7/21">33.3%</abbr> of its health!)</small><br></div><div class="spacer battle-history"><br></div><div class="battle-history">Onix fainted!<br></div><div class="battle-history"><small>[The opposing Scraggy's Moxie]</small><br></div><div class="battle-history"><small>The opposing Scraggy's Attack rose!</small><br></div><div class="spacer battle-history"><br></div><div class="battle-history">Go! <strong>Lickitung</strong>!<br></div><div class="spacer battle-history"><br></div><h2 class="battle-history">Turn 4</h2><div class="spacer battle-history"><br></div><div class="battle-history">calciumacetate withdrew Scraggy!<br></div><div class="battle-history">calciumacetate sent out <strong>Slowpoke</strong>!<br></div><div class="battle-history"><small>Pointed stones dug into the opposing Slowpoke!</small><br></div><div class="spacer battle-history"><br></div><div class="battle-history">Lickitung used <strong>Wish</strong>!<br></div><div class="spacer battle-history"><br></div><h2 class="battle-history">Turn 5</h2><div class="spacer battle-history"><br></div><div class="battle-history">Lickitung used <strong>Body Slam</strong>!<br></div><div class="battle-history"><small>(The opposing Slowpoke lost <abbr title="−6/27">22.2%</abbr> of its health!)</small><br></div><div class="battle-history"><small>The opposing Slowpoke is paralyzed! It may be unable to move!</small><br></div><div class="spacer battle-history"><br></div><div class="battle-history">The opposing Slowpoke is paralyzed! It can't move!<br></div><div class="spacer battle-history"><br></div><h2 class="battle-history">Turn 6</h2><div class="spacer battle-history"><br></div><div class="battle-history">Lickitung used <strong>Body Slam</strong>!<br></div><div class="battle-history"><small>(The opposing Slowpoke lost <abbr title="−6/27">22.2%</abbr> of its health!)</small><br></div><div class="spacer battle-history"><br></div><div class="battle-history">The opposing Slowpoke used <strong>Thunder Wave</strong>!<br></div><div class="battle-history"><small>Lickitung is paralyzed! It may be unable to move!</small><br></div><div class="spacer battle-history"><br></div><h2 class="battle-history">Turn 7</h2><div class="spacer battle-history"><br></div><div class="battle-history">The opposing Slowpoke used <strong>Slack Off</strong>!<br></div><div class="battle-history"><small>The opposing Slowpoke restored its HP.</small><br></div><div class="spacer battle-history"><br></div><div class="battle-history">Lickitung used <strong>Heal Bell</strong>!<br></div><div class="battle-history"><small>A bell chimed!</small><br></div><div class="battle-history"><small>Lickitung was cured of paralysis.</small><br></div><div class="spacer battle-history"><br></div><h2 class="battle-history">Turn 8</h2><div class="spacer battle-history"><br></div><div class="battle-history">Lickitung, come back!<br></div><div class="battle-history">Go! <strong>Gastly</strong>!<br></div><div class="spacer battle-history"><br></div><div class="battle-history">The opposing Slowpoke is paralyzed! It can't move!<br></div><div class="spacer battle-history"><br></div><h2 class="battle-history">Turn 9</h2><div class="spacer battle-history"><br></div><div class="battle-history">Gastly used <strong>Substitute</strong>!<br></div><div class="battle-history"><small>Gastly put in a substitute!</small><br></div><div class="battle-history"><small>(Gastly lost <abbr title="−4/19">21.1%</abbr> of its health!)</small><br></div><div class="spacer battle-history"><br></div><div class="battle-history">The opposing Slowpoke used <strong>Psychic</strong>!<br></div><div class="battle-history"><small>It's super effective!</small><br></div><div class="battle-history"><small>Gastly's substitute faded!</small><br></div><div class="spacer battle-history"><br></div><h2 class="battle-history">Turn 10</h2><div class="spacer battle-history"><br></div><div class="battle-history">Gastly, come back!<br></div><div class="battle-history">Go! <strong>Magby</strong>!<br></div><div class="spacer battle-history"><br></div><div class="battle-history">calciumacetate withdrew Slowpoke!<br></div><div class="battle-history">calciumacetate sent out <strong>Scraggy</strong>!<br></div><div class="battle-history"><small>Pointed stones dug into the opposing Scraggy!</small><br></div><div class="spacer battle-history"><br></div><h2 class="battle-history">Turn 11</h2><div class="spacer battle-history"><br></div><div class="battle-history">Magby, come back!<br></div><div class="battle-history">Go! <strong>Lickitung</strong>!<br></div><div class="spacer battle-history"><br></div><div class="battle-history">The opposing Scraggy used <strong>High Jump Kick</strong>!<br></div><div class="battle-history"><small>It's super effective!</small><br></div><div class="battle-history"><small>(Lickitung lost <abbr title="−20/27">74.1%</abbr> of its health!)</small><br></div><div class="spacer battle-history"><br></div><h2 class="battle-history">Turn 12</h2><div class="spacer battle-history"><br></div><div class="battle-history">calciumacetate withdrew Scraggy!<br></div><div class="battle-history">calciumacetate sent out <strong>Tirtouga</strong>!<br></div><div class="battle-history"><small>Pointed stones dug into the opposing Tirtouga!</small><br></div><div class="spacer battle-history"><br></div><div class="battle-history">Lickitung, come back!<br></div><div class="battle-history">Go! <strong>Gastly</strong>!<br></div><div class="spacer battle-history"><br></div><h2 class="battle-history">Turn 13</h2><div class="spacer battle-history"><br></div><div class="battle-history">Gastly used <strong>Substitute</strong>!<br></div><div class="battle-history"><small>Gastly put in a substitute!</small><br></div><div class="battle-history"><small>(Gastly lost <abbr title="−4/19">21.1%</abbr> of its health!)</small><br></div><div class="spacer battle-history"><br></div><div class="battle-history">The opposing Tirtouga used <strong>Zen Headbutt</strong>!<br></div><div class="battle-history"><small>It's super effective!</small><br></div><div class="battle-history"><small>Gastly's substitute faded!</small><br></div><div class="spacer battle-history"><br></div><h2 class="battle-history">Turn 14</h2><div class="spacer battle-history"><br></div><div class="battle-history">Gastly used <strong>Substitute</strong>!<br></div><div class="battle-history"><small>Gastly put in a substitute!</small><br></div><div class="battle-history"><small>(Gastly lost <abbr title="−4/19">21.1%</abbr> of its health!)</small><br></div><div class="battle-history"><small>(Gastly used its Berry Juice!)</small><br></div><div class="battle-history"><small>Gastly restored HP using its Berry Juice!</small><br></div><div class="spacer battle-history"><br></div><div class="battle-history">The opposing Tirtouga used <strong>Waterfall</strong>!<br></div><div class="battle-history"><small>Gastly's substitute faded!</small><br></div><div class="spacer battle-history"><br></div><h2 class="battle-history">Turn 15</h2><div class="spacer battle-history"><br></div><div class="battle-history">Gastly used <strong>Shadow Ball</strong>!<br></div><div class="battle-history"><small>(The opposing Tirtouga lost <abbr title="−10/22">45.5%</abbr> of its health!)</small><br></div><div class="spacer battle-history"><br></div><div class="battle-history">The opposing Tirtouga used <strong>Zen Headbutt</strong>!<br></div><div class="battle-history"><small>It's super effective!</small><br></div><div class="battle-history"><small>(Gastly lost <abbr title="−19/19">100%</abbr> of its health!)</small><br></div><div class="spacer battle-history"><br></div><div class="battle-history">Gastly fainted!<br></div><div class="spacer battle-history"><br></div><div class="battle-history">Go! <strong>Bagon</strong>!<br></div><div class="spacer battle-history"><br></div><h2 class="battle-history">Turn 16</h2><div class="spacer battle-history"><br></div><div class="battle-history">Bagon used <strong>Dragon Dance</strong>!<br></div><div class="battle-history"><small>Bagon's Attack rose!</small><br></div><div class="battle-history"><small>Bagon's Speed rose!</small><br></div><div class="spacer battle-history"><br></div><div class="battle-history">The opposing Tirtouga used <strong>Stone Edge</strong>!<br></div><div class="battle-history"><small>Bagon avoided the attack!</small><br></div><div class="spacer battle-history"><br></div><h2 class="battle-history">Turn 17</h2><div class="spacer battle-history"><br></div><div class="battle-history">calciumacetate withdrew Tirtouga!<br></div><div class="battle-history">calciumacetate sent out <strong>Slowpoke</strong>!<br></div><div class="battle-history"><small>Pointed stones dug into the opposing Slowpoke!</small><br></div><div class="spacer battle-history"><br></div><div class="battle-history">Bagon used <strong>Dragon Dance</strong>!<br></div><div class="battle-history"><small>Bagon's Attack rose!</small><br></div><div class="battle-history"><small>Bagon's Speed rose!</small><br></div><div class="spacer battle-history"><br></div><h2 class="battle-history">Turn 18</h2><div class="spacer battle-history"><br></div><div class="battle-history">Bagon used <strong>Dragon Claw</strong>!<br></div><div class="battle-history"><small>(The opposing Slowpoke lost <abbr title="−13/27">48.1%</abbr> of its health!)</small><br></div><div class="spacer battle-history"><br></div><div class="battle-history">The opposing Slowpoke used <strong>Thunder Wave</strong>!<br></div><div class="battle-history"><small>Bagon is paralyzed! It may be unable to move!</small><br></div><div class="spacer battle-history"><br></div><h2 class="battle-history">Turn 19</h2><div class="spacer battle-history"><br></div><div class="battle-history">Bagon used <strong>Dragon Claw</strong>!<br></div><div class="battle-history"><small>(The opposing Slowpoke lost <abbr title="−11/27">40.7%</abbr> of its health!)</small><br></div><div class="spacer battle-history"><br></div><div class="battle-history">The opposing Slowpoke fainted!<br></div><div class="spacer battle-history"><br></div><div class="battle-history">calciumacetate sent out <strong>Deino</strong>!<br></div><div class="battle-history"><small>Pointed stones dug into the opposing Deino!</small><br></div><div class="spacer battle-history"><br></div><h2 class="battle-history">Turn 20</h2><div class="spacer battle-history"><br></div><div class="battle-history">The opposing Deino used <strong>Outrage</strong>!<br></div><div class="battle-history"><small>It's super effective!</small><br></div><div class="battle-history"><small>(Bagon lost <abbr title="−21/21">100%</abbr> of its health!)</small><br></div><div class="spacer battle-history"><br></div><div class="battle-history">Bagon fainted!<br></div><div class="spacer battle-history"><br></div><div class="battle-history">Go! <strong>Lickitung</strong>!<br></div><div class="spacer battle-history"><br></div><h2 class="battle-history">Turn 21</h2><div class="spacer battle-history"><br></div><div class="battle-history">The opposing Deino used <strong>Outrage</strong>!<br></div><div class="battle-history"><small>(Lickitung lost <abbr title="−7/27">25.9%</abbr> of its health!)</small><br></div><div class="battle-history"><small>The opposing Deino became confused due to fatigue!</small><br></div><div class="spacer battle-history"><br></div><div class="battle-history">Lickitung fainted!<br></div><div class="spacer battle-history"><br></div><div class="battle-history">Go! <strong>Magby</strong>!<br></div><div class="spacer battle-history"><br></div><h2 class="battle-history">Turn 22</h2><div class="spacer battle-history"><br></div><div class="battle-history"><small>The opposing Deino is confused!</small><br></div><div class="battle-history">The opposing Deino used <strong>Outrage</strong>!<br></div><div class="battle-history"><small>Magby avoided the attack!</small><br></div><div class="spacer battle-history"><br></div><div class="battle-history">Magby used <strong>Belly Drum</strong>!<br></div><div class="battle-history"><small>(Magby lost <abbr title="−10/21">47.6%</abbr> of its health!)</small><br></div><div class="battle-history"><small>Magby cut its own HP and maximized its Attack!</small><br></div><div class="spacer battle-history"><br></div><h2 class="battle-history">Turn 23</h2><div class="spacer battle-history"><br></div><div class="battle-history">Magby used <strong>Mach Punch</strong>!<br></div><div class="battle-history"><small>It's super effective!</small><br></div><div class="battle-history"><small>(The opposing Deino lost <abbr title="−20/22">90.9%</abbr> of its health!)</small><br></div><div class="spacer battle-history"><br></div><div class="battle-history">The opposing Deino fainted!<br></div><div class="chat chatmessage-pugipugipugi43"><strong style="color:hsl(108,73%,33%)"><small>★</small><span class="username" data-name="PugiPugiPugi43">PugiPugiPugi43</span>:</strong> <em>Holy shit I was lucky</em></div><div class="spacer battle-history"><br></div><div class="battle-history">calciumacetate sent out <strong>Vullaby</strong>!<br></div><div class="battle-history"><small>Pointed stones dug into the opposing Vullaby!</small><br></div><div class="spacer battle-history"><br></div><h2 class="battle-history">Turn 24</h2><div class="chat chatmessage-calciumacetate"><strong style="color:hsl(65,69%,35%)"><small>★</small><span class="username" data-name="calciumacetate">calciumacetate</span>:</strong> <em>yeah you were</em></div><div class="spacer battle-history"><br></div><div class="battle-history">Magby used <strong>Return</strong>!<br></div><div class="battle-history"><small>A critical hit!</small><br></div><div class="battle-history"><small>(The opposing Vullaby lost <abbr title="−19/25">76%</abbr> of its health!)</small><br></div><div class="spacer battle-history"><br></div><div class="battle-history">The opposing Vullaby fainted!<br></div><div class="chat chatmessage-calciumacetate"><strong style="color:hsl(65,69%,35%)"><small>★</small><span class="username" data-name="calciumacetate">calciumacetate</span>:</strong> <em>wow</em></div><div class="chat chatmessage-pugipugipugi43"><strong style="color:hsl(108,73%,33%)"><small>★</small><span class="username" data-name="PugiPugiPugi43">PugiPugiPugi43</span>:</strong> <em>I would've lost if you hadn't missed</em></div><div class="spacer battle-history"><br></div><div class="battle-history">calciumacetate sent out <strong>Archen</strong>!<br></div><div class="battle-history"><small>Pointed stones dug into the opposing Archen!</small><br></div><div class="spacer battle-history"><br></div><h2 class="battle-history">Turn 25</h2><div class="chat chatmessage-pugipugipugi43"><strong style="color:hsl(108,73%,33%)"><small>★</small><span class="username" data-name="PugiPugiPugi43">PugiPugiPugi43</span>:</strong> <em>Is the RNG goddess in love with me or something</em></div><div class="spacer battle-history"><br></div><div class="battle-history">Magby used <strong>Mach Punch</strong>!<br></div><div class="battle-history"><small>(The opposing Archen lost <abbr title="−17/23">73.9%</abbr> of its health!)</small><br></div><div class="battle-history"><small>(The opposing Archen used its Berry Juice!)</small><br></div><div class="battle-history"><small>The opposing Archen restored HP using its Berry Juice!</small><br></div><div class="spacer battle-history"><br></div><div class="battle-history">The opposing Archen used <strong>Earthquake</strong>!<br></div><div class="battle-history"><small>It's super effective!</small><br></div><div class="battle-history"><small>(Magby lost <abbr title="−11/21">52.4%</abbr> of its health!)</small><br></div><div class="spacer battle-history"><br></div><div class="battle-history">Magby fainted!<br></div><div class="chat chatmessage-pugipugipugi43"><strong style="color:hsl(108,73%,33%)"><small>★</small><span class="username" data-name="PugiPugiPugi43">PugiPugiPugi43</span>:</strong> <em>Nevermind I'm fucked</em></div><div class="chat chatmessage-calciumacetate"><strong style="color:hsl(65,69%,35%)"><small>★</small><span class="username" data-name="calciumacetate">calciumacetate</span>:</strong> <em>Oh god I'm gonna cry</em></div><div class="spacer battle-history"><br></div><div class="battle-history">Go! <strong>Doduo</strong>!<br></div><div class="spacer battle-history"><br></div><h2 class="battle-history">Turn 26</h2><div class="spacer battle-history"><br></div><div class="battle-history">Doduo used <strong>Knock Off</strong>!<br></div><div class="battle-history"><small>(The opposing Archen lost <abbr title="−12/23">52.2%</abbr> of its health!)</small><br></div><div class="battle-history"><small>Doduo lost some of its HP!</small><br></div><div class="spacer battle-history"><br></div><div class="battle-history">The opposing Archen used <strong>Stone Edge</strong>!<br></div><div class="battle-history"><small>It's super effective!</small><br></div><div class="battle-history"><small>(Doduo lost <abbr title="−18/20">90%</abbr> of its health!)</small><br></div><div class="spacer battle-history"><br></div><div class="battle-history">Doduo fainted!<br></div><div class="spacer battle-history"><br></div><div class="battle-history"><strong>calciumacetate</strong> won the battle!<br></div><div class="chat chatmessage-calciumacetate"><strong style="color:hsl(65,69%,35%)"><small>★</small><span class="username" data-name="calciumacetate">calciumacetate</span>:</strong> <em>GG pugi</em></div><div class="chat chatmessage-pugipugipugi43"><strong style="color:hsl(108,73%,33%)"><small>★</small><span class="username" data-name="PugiPugiPugi43">PugiPugiPugi43</span>:</strong> <em>GG</em></div><div class="chat chatmessage-pugipugipugi43"><strong style="color:hsl(108,73%,33%)"><small>★</small><span class="username" data-name="PugiPugiPugi43">PugiPugiPugi43</span>:</strong> <em>Will you share it?</em></div><div class="chat chatmessage-calciumacetate"><strong style="color:hsl(65,69%,35%)"><small>★</small><span class="username" data-name="calciumacetate">calciumacetate</span>:</strong> <em>yeah I got it</em></div><div class="chat chatmessage-pugipugipugi43"><strong style="color:hsl(108,73%,33%)"><small>★</small><span class="username" data-name="PugiPugiPugi43">PugiPugiPugi43</span>:</strong> <em>That was fucking ridiculous near the end</em></div><div class="chat chatmessage-calciumacetate"><strong style="color:hsl(65,69%,35%)"><small>★</small><span class="username" data-name="calciumacetate">calciumacetate</span>:</strong> <em>It was pretty crazy</em></div><div class="chat chatmessage-calciumacetate"><strong style="color:hsl(65,69%,35%)"><small>★</small><span class="username" data-name="calciumacetate">calciumacetate</span>:</strong> <em>I thought I was done after that last crit</em></div><div class="chat chatmessage-calciumacetate"><strong style="color:hsl(65,69%,35%)"><small>★</small><span class="username" data-name="calciumacetate">calciumacetate</span>:</strong> <em>GG again man</em></div><div class="chat chatmessage-pugipugipugi43"><strong style="color:hsl(108,73%,33%)"><small>★</small><span class="username" data-name="PugiPugiPugi43">PugiPugiPugi43</span>:</strong> <em>I thought I was going to lose, and then halfway through you miss outrage, and then I fail to kill you with Mach punch</em></div></div><div class="inner-preempt"></div></div></div>
</div>
<script>
let daily = Math.floor(Date.now()/1000/60/60/24);document.write('<script src="https://play.pokemonshowdown.com/js/replay-embed.js?version'+daily+'"></'+'script>');
</script>
