<!DOCTYPE html>
<meta charset="utf-8" />
<!-- version 1 -->
<title>LC replay: seabass411 vs. HecticGreen</title>
<style>
html,body {font-family:Verdana, sans-serif;font-size:10pt;margin:0;padding:0;}body{padding:12px 0;} .battle-log {font-family:Verdana, sans-serif;font-size:10pt;} .battle-log-inline {border:1px solid #AAAAAA;background:#EEF2F5;color:black;max-width:640px;margin:0 auto 80px;padding-bottom:5px;} .battle-log .inner {padding:4px 8px 0px 8px;} .battle-log .inner-preempt {padding:0 8px 4px 8px;} .battle-log .inner-after {margin-top:0.5em;} .battle-log h2 {margin:0.5em -8px;padding:4px 8px;border:1px solid #AAAAAA;background:#E0E7EA;border-left:0;border-right:0;font-family:Verdana, sans-serif;font-size:13pt;} .battle-log .chat {vertical-align:middle;padding:3px 0 3px 0;font-size:8pt;} .battle-log .chat strong {color:#40576A;} .battle-log .chat em {padding:1px 4px 1px 3px;color:#000000;font-style:normal;} .chat.mine {background:rgba(0,0,0,0.05);margin-left:-8px;margin-right:-8px;padding-left:8px;padding-right:8px;} .spoiler {color:#BBBBBB;background:#BBBBBB;padding:0px 3px;} .spoiler:hover, .spoiler:active, .spoiler-shown {color:#000000;background:#E2E2E2;padding:0px 3px;} .spoiler a {color:#BBBBBB;} .spoiler:hover a, .spoiler:active a, .spoiler-shown a {color:#2288CC;} .chat code, .chat .spoiler:hover code, .chat .spoiler:active code, .chat .spoiler-shown code {border:1px solid #C0C0C0;background:#EEEEEE;color:black;padding:0 2px;} .chat .spoiler code {border:1px solid #CCCCCC;background:#CCCCCC;color:#CCCCCC;} .battle-log .rated {padding:3px 4px;} .battle-log .rated strong {color:white;background:#89A;padding:1px 4px;border-radius:4px;} .spacer {margin-top:0.5em;} .message-announce {background:#6688AA;color:white;padding:1px 4px 2px;} .message-announce a, .broadcast-green a, .broadcast-blue a, .broadcast-red a {color:#DDEEFF;} .broadcast-green {background-color:#559955;color:white;padding:2px 4px;} .broadcast-blue {background-color:#6688AA;color:white;padding:2px 4px;} .infobox {border:1px solid #6688AA;padding:2px 4px;} .infobox-limited {max-height:200px;overflow:auto;overflow-x:hidden;} .broadcast-red {background-color:#AA5544;color:white;padding:2px 4px;} .message-learn-canlearn {font-weight:bold;color:#228822;text-decoration:underline;} .message-learn-cannotlearn {font-weight:bold;color:#CC2222;text-decoration:underline;} .message-effect-weak {font-weight:bold;color:#CC2222;} .message-effect-resist {font-weight:bold;color:#6688AA;} .message-effect-immune {font-weight:bold;color:#666666;} .message-learn-list {margin-top:0;margin-bottom:0;} .message-throttle-notice, .message-error {color:#992222;} .message-overflow, .chat small.message-overflow {font-size:0pt;} .message-overflow::before {font-size:9pt;content:'...';} .subtle {color:#3A4A66;}
</style>
<div class="wrapper replay-wrapper" style="max-width:1180px;margin:0 auto">
<input type="hidden" name="replayid" value="lc-480233106" />
<div class="battle"></div><div class="battle-log"></div><div class="replay-controls"></div><div class="replay-controls-2"></div>
<h1 style="font-weight:normal;text-align:center"><strong>LC</strong><br /><a href="http://pokemonshowdown.com/users/seabass411" class="subtle" target="_blank">seabass411</a> vs. <a href="http://pokemonshowdown.com/users/hecticgreen" class="subtle" target="_blank">HecticGreen</a></h1>
<script type="text/plain" class="battle-log-data">|j|seabass411
|j|HecticGreen
|player|p1|seabass411|265
|player|p2|HecticGreen|266
|gametype|singles
|gen|6
|tier|LC
|rated
|seed|47155,51099,24496,56804
|clearpoke
|poke|p1|Abra, L5, F|item
|poke|p1|Bulbasaur, L5, F|item
|poke|p1|Magnemite, L5|item
|poke|p1|Vulpix, L5, F|item
|poke|p1|Carvanha, L5, M|item
|poke|p1|Onix, L5, F|item
|poke|p2|Machop, L5, F|item
|poke|p2|Archen, L5, F|
|poke|p2|Chimchar, L5, M|item
|poke|p2|Buizel, L5, M|item
|poke|p2|Abra, L5, M|item
|poke|p2|Chinchou, L5, F|item
|rule|Sleep Clause Mod: Limit one foe put to sleep
|rule|Species Clause: Limit one of each Pokémon
|rule|OHKO Clause: OHKO moves are banned
|rule|Moody Clause: Moody is banned
|rule|Evasion Moves Clause: Evasion moves are banned
|rule|Endless Battle Clause: Forcing endless battles is banned
|rule|HP Percentage Mod: HP is shown in percentages
|teampreview
|choice|team 6, team 2, team 3, team 4, team 5, team 1|team 6, team 2, team 3, team 4, team 5, team 1
|
|start
|switch|p1a: Onix|Onix, L5, F|20\/20
|switch|p2a: NAVY SEEEL|Chinchou, L5, F|25\/25
|turn|1
|choice|move stealthrock|move surf
|
|move|p1a: Onix|Stealth Rock|p2a: NAVY SEEEL
|-sidestart|p2: HecticGreen|move: Stealth Rock
|move|p2a: NAVY SEEEL|Surf|p1a: Onix
|-supereffective|p1a: Onix
|-ability|p1a: Onix|Sturdy
|-damage|p1a: Onix|1\/20
|-enditem|p1a: Onix|Red Card|[of] p2a: NAVY SEEEL
|drag|p2a: Boochaka|Buizel, L5, M|23\/23
|-damage|p2a: Boochaka|21\/23|[from] Stealth Rock
|
|turn|2
|choice|move ironhead|move aquajet
|
|move|p2a: Boochaka|Aqua Jet|p1a: Onix
|-supereffective|p1a: Onix
|-damage|p1a: Onix|0 fnt
|faint|p1a: Onix
|
|choice|switch 3|
|
|switch|p1a: Magnemite|Magnemite, L5|19\/19
|turn|3
|choice|move thunderwave|switch 2
|
|switch|p2a: Rocko|Archen, L5, F|22\/22
|-damage|p2a: Rocko|17\/22|[from] Stealth Rock
|move|p1a: Magnemite|Thunder Wave|p2a: Rocko
|-status|p2a: Rocko|par
|
|turn|4
|choice|move flashcannon|move earthquake
|
|move|p1a: Magnemite|Flash Cannon|p2a: Rocko
|-supereffective|p2a: Rocko
|-damage|p2a: Rocko|0 fnt
|faint|p2a: Rocko
|
|choice||switch 5
|
|switch|p2a: Spoonman|Abra, L5, M|19\/19
|-damage|p2a: Spoonman|17\/19|[from] Stealth Rock
|turn|5
|choice|move thunderwave|move psychic
|
|move|p2a: Spoonman|Psychic|p1a: Magnemite
|-resisted|p1a: Magnemite
|-damage|p1a: Magnemite|9\/19
|-enditem|p1a: Magnemite|Berry Juice
|-heal|p1a: Magnemite|19\/19|[from] item: Berry Juice
|move|p1a: Magnemite|Thunder Wave|p2a: Spoonman
|-status|p2a: Spoonman|par
|-activate|p2a: Spoonman|ability: Synchronize
|-immune|p1a: Magnemite|[msg]
|
|turn|6
|choice|move recycle|move psychic
|
|move|p1a: Magnemite|Recycle|p1a: Magnemite
|-item|p1a: Magnemite|Berry Juice|[from] move: Recycle
|move|p2a: Spoonman|Psychic|p1a: Magnemite
|-resisted|p1a: Magnemite
|-damage|p1a: Magnemite|7\/19
|-enditem|p1a: Magnemite|Berry Juice
|-heal|p1a: Magnemite|19\/19|[from] item: Berry Juice
|
|turn|7
|choice|move recycle|switch 2
|
|switch|p2a: Boochaka|Buizel, L5, M|21\/23
|-damage|p2a: Boochaka|19\/23|[from] Stealth Rock
|move|p1a: Magnemite|Recycle|p1a: Magnemite
|-item|p1a: Magnemite|Berry Juice|[from] move: Recycle
|
|turn|8
|choice|move thunderwave|switch 6
|
|switch|p2a: Machop|Machop, L5, F|25\/25
|-damage|p2a: Machop|24\/25|[from] Stealth Rock
|move|p1a: Magnemite|Thunder Wave|p2a: Machop
|-status|p2a: Machop|par
|
|turn|9
|choice|move thunderbolt|move brickbreak
|
|move|p1a: Magnemite|Thunderbolt|p2a: Machop
|-damage|p2a: Machop|3\/25 par
|-enditem|p2a: Machop|Sitrus Berry|[eat]
|-heal|p2a: Machop|9\/25 par|[from] item: Sitrus Berry
|move|p2a: Machop|Brick Break|p1a: Magnemite
|-supereffective|p1a: Magnemite
|-ability|p1a: Magnemite|Sturdy
|-damage|p1a: Magnemite|1\/19
|-enditem|p1a: Magnemite|Berry Juice
|-heal|p1a: Magnemite|19\/19|[from] item: Berry Juice
|
|turn|10
|choice|move recycle|move brickbreak
|
|move|p1a: Magnemite|Recycle|p1a: Magnemite
|-item|p1a: Magnemite|Berry Juice|[from] move: Recycle
|cant|p2a: Machop|par
|
|turn|11
|c|★seabass411|why sitrus berry?
|choice|move thunderbolt|move brickbreak
|
|move|p1a: Magnemite|Thunderbolt|p2a: Machop
|-damage|p2a: Machop|0 fnt
|faint|p2a: Machop
|
|c|★HecticGreen|i keep forgetting about berry juice
|choice||switch 3
|
|switch|p2a: Monkeyman|Chimchar, L5, M|22\/22
|-damage|p2a: Monkeyman|17\/22|[from] Stealth Rock
|turn|12
|choice|move thunderwave|move flamecharge
|
|move|p2a: Monkeyman|Flame Charge|p1a: Magnemite
|-supereffective|p1a: Magnemite
|-damage|p1a: Magnemite|5\/19
|-boost|p2a: Monkeyman|spe|1
|-enditem|p1a: Magnemite|Berry Juice
|-heal|p1a: Magnemite|19\/19|[from] item: Berry Juice
|move|p1a: Magnemite|Thunder Wave|p2a: Monkeyman
|-status|p2a: Monkeyman|par
|
|turn|13
|c|★seabass411|also run d punch on machamp
|choice|move recycle|move blazekick
|
|move|p1a: Magnemite|Recycle|p1a: Magnemite
|-item|p1a: Magnemite|Berry Juice|[from] move: Recycle
|move|p2a: Monkeyman|Blaze Kick|p1a: Magnemite
|-supereffective|p1a: Magnemite
|-ability|p1a: Magnemite|Sturdy
|-damage|p1a: Magnemite|1\/19
|-enditem|p1a: Magnemite|Berry Juice
|-heal|p1a: Magnemite|19\/19|[from] item: Berry Juice
|
|turn|14
|choice|move recycle|move blazekick
|
|move|p1a: Magnemite|Recycle|p1a: Magnemite
|-item|p1a: Magnemite|Berry Juice|[from] move: Recycle
|cant|p2a: Monkeyman|par
|
|turn|15
|choice|move thunderbolt|move blazekick
|
|move|p1a: Magnemite|Thunderbolt|p2a: Monkeyman
|-damage|p2a: Monkeyman|4\/22 par
|cant|p2a: Monkeyman|par
|
|turn|16
|choice|move flashcannon|switch 4
|
|switch|p2a: NAVY SEEEL|Chinchou, L5, F|25\/25
|-damage|p2a: NAVY SEEEL|22\/25|[from] Stealth Rock
|move|p1a: Magnemite|Flash Cannon|p2a: NAVY SEEEL
|-resisted|p2a: NAVY SEEEL
|-damage|p2a: NAVY SEEEL|19\/25
|
|turn|17
|choice|move thunderbolt|move thunderbolt
|
|move|p2a: NAVY SEEEL|Thunderbolt|p1a: Magnemite
|-resisted|p1a: Magnemite
|-damage|p1a: Magnemite|13\/19
|move|p1a: Magnemite|Thunderbolt|p2a: NAVY SEEEL
|-damage|p2a: NAVY SEEEL|6\/25
|
|turn|18
|choice|move thunderbolt|move surf
|
|move|p2a: NAVY SEEEL|Surf|p1a: Magnemite
|-damage|p1a: Magnemite|1\/19
|-enditem|p1a: Magnemite|Berry Juice
|-heal|p1a: Magnemite|19\/19|[from] item: Berry Juice
|move|p1a: Magnemite|Thunderbolt|p2a: NAVY SEEEL
|-damage|p2a: NAVY SEEEL|0 fnt
|faint|p2a: NAVY SEEEL
|
|choice||switch 2
|
|switch|p2a: Spoonman|Abra, L5, M|17\/19 par
|-damage|p2a: Spoonman|15\/19 par|[from] Stealth Rock
|turn|19
|choice|move thunderbolt|move psychic
|
|move|p1a: Magnemite|Thunderbolt|p2a: Spoonman
|-damage|p2a: Spoonman|0 fnt
|faint|p2a: Spoonman
|
|choice||switch 4
|
|switch|p2a: Monkeyman|Chimchar, L5, M|4\/22 par
|-damage|p2a: Monkeyman|0 fnt|[from] Stealth Rock
|faint|p2a: Monkeyman
|c|★seabass411|sweep!!!!!!!!!
|choice||switch 6
|
|switch|p2a: Boochaka|Buizel, L5, M|19\/23
|-damage|p2a: Boochaka|17\/23|[from] Stealth Rock
|turn|20
|c|★HecticGreen|nice
|choice|move thunderbolt|move waterfall
|
|move|p2a: Boochaka|Waterfall|p1a: Magnemite
|-damage|p1a: Magnemite|7\/19
|move|p1a: Magnemite|Thunderbolt|p2a: Boochaka
|-supereffective|p2a: Boochaka
|-damage|p2a: Boochaka|0 fnt
|faint|p2a: Boochaka
|
|win|seabass411
|player|p1
|player|p2
|raw|seabass411's rating: 1238 &rarr; <strong>1255<\/strong><br \/>(+17 for winning)
|raw|HecticGreen's rating: 1129 &rarr; <strong>1112<\/strong><br \/>(-17 for losing)
|l|HecticGreen</script>
</div>
<div class="battle-log battle-log-inline"><div class="inner"><div class="battle-options"></div><div class="inner"><div class="chat"><small>seabass411 joined.</small></div><div class="chat"><small>HecticGreen joined.</small></div><div class=""><small>Format:</small> <br><strong>LC</strong></div><div class="rated"><strong>Rated battle</strong></div><div class=""><small><em>Sleep Clause Mod:</em> Limit one foe put to sleep</small></div><div class=""><small><em>Species Clause:</em> Limit one of each Pokémon</small></div><div class=""><small><em>OHKO Clause:</em> OHKO moves are banned</small></div><div class=""><small><em>Moody Clause:</em> Moody is banned</small></div><div class=""><small><em>Evasion Moves Clause:</em> Evasion moves are banned</small></div><div class=""><small><em>Endless Battle Clause:</em> Forcing endless battles is banned</small></div><div class=""><small><em>HP Percentage Mod:</em> HP is shown in percentages</small></div><div class="chat battle-history"><strong>seabass411's team:</strong> <em style="color:#445566;display:block;">Abra / Bulbasaur / Magnemite / Vulpix / Carvanha / Onix</em></div><div class="chat battle-history"><strong>HecticGreen's team:</strong> <em style="color:#445566;display:block;">Machop / Archen / Chimchar / Buizel / Abra / Chinchou</em></div><div class="spacer battle-history"><br></div><div class="battle-history">Battle started between seabass411 and HecticGreen!<br></div><div class="spacer battle-history"><br></div><div class="battle-history">Go! <strong>Onix</strong>!<br></div><div class="spacer battle-history"><br></div><div class="battle-history">HecticGreen sent out NAVY SEEEL (<strong>Chinchou</strong>)!<br></div><div class="spacer battle-history"><br></div><h2 class="battle-history">Turn 1</h2><div class="spacer battle-history"><br></div><div class="battle-history">Onix used <strong>Stealth Rock</strong>!<br></div><div class="battle-history"><small>Pointed stones float in the air around the opposing team!</small><br></div><div class="spacer battle-history"><br></div><div class="battle-history">The opposing NAVY SEEEL used <strong>Surf</strong>!<br></div><div class="battle-history"><small>It's super effective!</small><br></div><div class="battle-history"><small>[Onix's Sturdy]</small><br><small>Onix endured the hit!</small><br></div><div class="battle-history"><small>(Onix lost <abbr title="−19/20">95%</abbr> of its health!)</small><br></div><div class="battle-history"><small>Onix held up its Red Card against the opposing NAVY SEEEL!</small><br></div><div class="spacer battle-history"><br></div><div class="battle-history">Boochaka (<strong>Buizel</strong>) was dragged out!<br></div><div class="battle-history"><small>Pointed stones dug into the opposing Boochaka!</small><br></div><div class="spacer battle-history"><br></div><h2 class="battle-history">Turn 2</h2><div class="spacer battle-history"><br></div><div class="battle-history">The opposing Boochaka used <strong>Aqua Jet</strong>!<br></div><div class="battle-history"><small>It's super effective!</small><br></div><div class="battle-history"><small>(Onix lost <abbr title="−1/20">5%</abbr> of its health!)</small><br></div><div class="spacer battle-history"><br></div><div class="battle-history">Onix fainted!<br></div><div class="spacer battle-history"><br></div><div class="battle-history">Go! <strong>Magnemite</strong>!<br></div><div class="spacer battle-history"><br></div><h2 class="battle-history">Turn 3</h2><div class="spacer battle-history"><br></div><div class="battle-history">HecticGreen withdrew Boochaka!<br></div><div class="battle-history">HecticGreen sent out Rocko (<strong>Archen</strong>)!<br></div><div class="battle-history"><small>Pointed stones dug into the opposing Rocko!</small><br></div><div class="spacer battle-history"><br></div><div class="battle-history">Magnemite used <strong>Thunder Wave</strong>!<br></div><div class="battle-history"><small>The opposing Rocko is paralyzed! It may be unable to move!</small><br></div><div class="spacer battle-history"><br></div><h2 class="battle-history">Turn 4</h2><div class="spacer battle-history"><br></div><div class="battle-history">Magnemite used <strong>Flash Cannon</strong>!<br></div><div class="battle-history"><small>It's super effective!</small><br></div><div class="battle-history"><small>(The opposing Rocko lost <abbr title="−17/22">77.3%</abbr> of its health!)</small><br></div><div class="spacer battle-history"><br></div><div class="battle-history">The opposing Rocko fainted!<br></div><div class="spacer battle-history"><br></div><div class="battle-history">HecticGreen sent out Spoonman (<strong>Abra</strong>)!<br></div><div class="battle-history"><small>Pointed stones dug into the opposing Spoonman!</small><br></div><div class="spacer battle-history"><br></div><h2 class="battle-history">Turn 5</h2><div class="spacer battle-history"><br></div><div class="battle-history">The opposing Spoonman used <strong>Psychic</strong>!<br></div><div class="battle-history"><small>It's not very effective...</small><br></div><div class="battle-history"><small>(Magnemite lost <abbr title="−10/19">52.6%</abbr> of its health!)</small><br></div><div class="battle-history"><small>(Magnemite used its Berry Juice!)</small><br></div><div class="battle-history"><small>Magnemite restored HP using its Berry Juice!</small><br></div><div class="spacer battle-history"><br></div><div class="battle-history">Magnemite used <strong>Thunder Wave</strong>!<br></div><div class="battle-history"><small>The opposing Spoonman is paralyzed! It may be unable to move!</small><br></div><div class="battle-history"><small>[The opposing Spoonman's Synchronize]</small><br></div><div class="battle-history"><small>It doesn't affect Magnemite...</small><br></div><div class="spacer battle-history"><br></div><h2 class="battle-history">Turn 6</h2><div class="spacer battle-history"><br></div><div class="battle-history">Magnemite used <strong>Recycle</strong>!<br></div><div class="battle-history"><small>Magnemite found one Berry Juice!</small><br></div><div class="spacer battle-history"><br></div><div class="battle-history">The opposing Spoonman used <strong>Psychic</strong>!<br></div><div class="battle-history"><small>It's not very effective...</small><br></div><div class="battle-history"><small>(Magnemite lost <abbr title="−12/19">63.2%</abbr> of its health!)</small><br></div><div class="battle-history"><small>(Magnemite used its Berry Juice!)</small><br></div><div class="battle-history"><small>Magnemite restored HP using its Berry Juice!</small><br></div><div class="spacer battle-history"><br></div><h2 class="battle-history">Turn 7</h2><div class="spacer battle-history"><br></div><div class="battle-history">HecticGreen withdrew Spoonman!<br></div><div class="battle-history">HecticGreen sent out Boochaka (<strong>Buizel</strong>)!<br></div><div class="battle-history"><small>Pointed stones dug into the opposing Boochaka!</small><br></div><div class="spacer battle-history"><br></div><div class="battle-history">Magnemite used <strong>Recycle</strong>!<br></div><div class="battle-history"><small>Magnemite found one Berry Juice!</small><br></div><div class="spacer battle-history"><br></div><h2 class="battle-history">Turn 8</h2><div class="spacer battle-history"><br></div><div class="battle-history">HecticGreen withdrew Boochaka!<br></div><div class="battle-history">HecticGreen sent out <strong>Machop</strong>!<br></div><div class="battle-history"><small>Pointed stones dug into the opposing Machop!</small><br></div><div class="spacer battle-history"><br></div><div class="battle-history">Magnemite used <strong>Thunder Wave</strong>!<br></div><div class="battle-history"><small>The opposing Machop is paralyzed! It may be unable to move!</small><br></div><div class="spacer battle-history"><br></div><h2 class="battle-history">Turn 9</h2><div class="spacer battle-history"><br></div><div class="battle-history">Magnemite used <strong>Thunderbolt</strong>!<br></div><div class="battle-history"><small>(The opposing Machop lost <abbr title="−21/25">84%</abbr> of its health!)</small><br></div><div class="battle-history"><small>The opposing Machop ate its Sitrus Berry!</small><br></div><div class="battle-history"><small>The opposing Machop restored HP using its Sitrus Berry!</small><br></div><div class="spacer battle-history"><br></div><div class="battle-history">The opposing Machop used <strong>Brick Break</strong>!<br></div><div class="battle-history"><small>It's super effective!</small><br></div><div class="battle-history"><small>[Magnemite's Sturdy]</small><br><small>Magnemite endured the hit!</small><br></div><div class="battle-history"><small>(Magnemite lost <abbr title="−18/19">94.7%</abbr> of its health!)</small><br></div><div class="battle-history"><small>(Magnemite used its Berry Juice!)</small><br></div><div class="battle-history"><small>Magnemite restored HP using its Berry Juice!</small><br></div><div class="spacer battle-history"><br></div><h2 class="battle-history">Turn 10</h2><div class="spacer battle-history"><br></div><div class="battle-history">Magnemite used <strong>Recycle</strong>!<br></div><div class="battle-history"><small>Magnemite found one Berry Juice!</small><br></div><div class="spacer battle-history"><br></div><div class="battle-history">The opposing Machop is paralyzed! It can't move!<br></div><div class="spacer battle-history"><br></div><h2 class="battle-history">Turn 11</h2><div class="chat chatmessage-seabass411"><strong style="color:hsl(154,62%,40.67910124616572%)"><small>★</small><span class="username" data-name="seabass411">seabass411</span>:</strong> <em>why sitrus berry?</em></div><div class="spacer battle-history"><br></div><div class="battle-history">Magnemite used <strong>Thunderbolt</strong>!<br></div><div class="battle-history"><small>(The opposing Machop lost <abbr title="−9/25">36%</abbr> of its health!)</small><br></div><div class="spacer battle-history"><br></div><div class="battle-history">The opposing Machop fainted!<br></div><div class="chat chatmessage-hecticgreen"><strong style="color:hsl(218,52%,50.55020419525727%)"><small>★</small><span class="username" data-name="HecticGreen">HecticGreen</span>:</strong> <em>i keep forgetting about berry juice</em></div><div class="spacer battle-history"><br></div><div class="battle-history">HecticGreen sent out Monkeyman (<strong>Chimchar</strong>)!<br></div><div class="battle-history"><small>Pointed stones dug into the opposing Monkeyman!</small><br></div><div class="spacer battle-history"><br></div><h2 class="battle-history">Turn 12</h2><div class="spacer battle-history"><br></div><div class="battle-history">The opposing Monkeyman used <strong>Flame Charge</strong>!<br></div><div class="battle-history"><small>It's super effective!</small><br></div><div class="battle-history"><small>(Magnemite lost <abbr title="−14/19">73.7%</abbr> of its health!)</small><br></div><div class="battle-history"><small>The opposing Monkeyman's Speed rose!</small><br></div><div class="battle-history"><small>(Magnemite used its Berry Juice!)</small><br></div><div class="battle-history"><small>Magnemite restored HP using its Berry Juice!</small><br></div><div class="spacer battle-history"><br></div><div class="battle-history">Magnemite used <strong>Thunder Wave</strong>!<br></div><div class="battle-history"><small>The opposing Monkeyman is paralyzed! It may be unable to move!</small><br></div><div class="spacer battle-history"><br></div><h2 class="battle-history">Turn 13</h2><div class="chat chatmessage-seabass411"><strong style="color:hsl(154,62%,40.67910124616572%)"><small>★</small><span class="username" data-name="seabass411">seabass411</span>:</strong> <em>also run d punch on machamp</em></div><div class="spacer battle-history"><br></div><div class="battle-history">Magnemite used <strong>Recycle</strong>!<br></div><div class="battle-history"><small>Magnemite found one Berry Juice!</small><br></div><div class="spacer battle-history"><br></div><div class="battle-history">The opposing Monkeyman used <strong>Blaze Kick</strong>!<br></div><div class="battle-history"><small>It's super effective!</small><br></div><div class="battle-history"><small>[Magnemite's Sturdy]</small><br><small>Magnemite endured the hit!</small><br></div><div class="battle-history"><small>(Magnemite lost <abbr title="−18/19">94.7%</abbr> of its health!)</small><br></div><div class="battle-history"><small>(Magnemite used its Berry Juice!)</small><br></div><div class="battle-history"><small>Magnemite restored HP using its Berry Juice!</small><br></div><div class="spacer battle-history"><br></div><h2 class="battle-history">Turn 14</h2><div class="spacer battle-history"><br></div><div class="battle-history">Magnemite used <strong>Recycle</strong>!<br></div><div class="battle-history"><small>Magnemite found one Berry Juice!</small><br></div><div class="spacer battle-history"><br></div><div class="battle-history">The opposing Monkeyman is paralyzed! It can't move!<br></div><div class="spacer battle-history"><br></div><h2 class="battle-history">Turn 15</h2><div class="spacer battle-history"><br></div><div class="battle-history">Magnemite used <strong>Thunderbolt</strong>!<br></div><div class="battle-history"><small>(The opposing Monkeyman lost <abbr title="−13/22">59.1%</abbr> of its health!)</small><br></div><div class="spacer battle-history"><br></div><div class="battle-history">The opposing Monkeyman is paralyzed! It can't move!<br></div><div class="spacer battle-history"><br></div><h2 class="battle-history">Turn 16</h2><div class="spacer battle-history"><br></div><div class="battle-history">HecticGreen withdrew Monkeyman!<br></div><div class="battle-history">HecticGreen sent out NAVY SEEEL (<strong>Chinchou</strong>)!<br></div><div class="battle-history"><small>Pointed stones dug into the opposing NAVY SEEEL!</small><br></div><div class="spacer battle-history"><br></div><div class="battle-history">Magnemite used <strong>Flash Cannon</strong>!<br></div><div class="battle-history"><small>It's not very effective...</small><br></div><div class="battle-history"><small>(The opposing NAVY SEEEL lost <abbr title="−3/25">12%</abbr> of its health!)</small><br></div><div class="spacer battle-history"><br></div><h2 class="battle-history">Turn 17</h2><div class="spacer battle-history"><br></div><div class="battle-history">The opposing NAVY SEEEL used <strong>Thunderbolt</strong>!<br></div><div class="battle-history"><small>It's not very effective...</small><br></div><div class="battle-history"><small>(Magnemite lost <abbr title="−6/19">31.6%</abbr> of its health!)</small><br></div><div class="spacer battle-history"><br></div><div class="battle-history">Magnemite used <strong>Thunderbolt</strong>!<br></div><div class="battle-history"><small>(The opposing NAVY SEEEL lost <abbr title="−13/25">52%</abbr> of its health!)</small><br></div><div class="spacer battle-history"><br></div><h2 class="battle-history">Turn 18</h2><div class="spacer battle-history"><br></div><div class="battle-history">The opposing NAVY SEEEL used <strong>Surf</strong>!<br></div><div class="battle-history"><small>(Magnemite lost <abbr title="−12/19">63.2%</abbr> of its health!)</small><br></div><div class="battle-history"><small>(Magnemite used its Berry Juice!)</small><br></div><div class="battle-history"><small>Magnemite restored HP using its Berry Juice!</small><br></div><div class="spacer battle-history"><br></div><div class="battle-history">Magnemite used <strong>Thunderbolt</strong>!<br></div><div class="battle-history"><small>(The opposing NAVY SEEEL lost <abbr title="−6/25">24%</abbr> of its health!)</small><br></div><div class="spacer battle-history"><br></div><div class="battle-history">The opposing NAVY SEEEL fainted!<br></div><div class="spacer battle-history"><br></div><div class="battle-history">HecticGreen sent out Spoonman (<strong>Abra</strong>)!<br></div><div class="battle-history"><small>Pointed stones dug into the opposing Spoonman!</small><br></div><div class="spacer battle-history"><br></div><h2 class="battle-history">Turn 19</h2><div class="spacer battle-history"><br></div><div class="battle-history">Magnemite used <strong>Thunderbolt</strong>!<br></div><div class="battle-history"><small>(The opposing Spoonman lost <abbr title="−15/19">78.9%</abbr> of its health!)</small><br></div><div class="spacer battle-history"><br></div><div class="battle-history">The opposing Spoonman fainted!<br></div><div class="spacer battle-history"><br></div><div class="battle-history">HecticGreen sent out Monkeyman (<strong>Chimchar</strong>)!<br></div><div class="battle-history"><small>Pointed stones dug into the opposing Monkeyman!</small><br></div><div class="spacer battle-history"><br></div><div class="battle-history">The opposing Monkeyman fainted!<br></div><div class="chat chatmessage-seabass411"><strong style="color:hsl(154,62%,40.67910124616572%)"><small>★</small><span class="username" data-name="seabass411">seabass411</span>:</strong> <em>sweep!!!!!!!!!</em></div><div class="spacer battle-history"><br></div><div class="battle-history">HecticGreen sent out Boochaka (<strong>Buizel</strong>)!<br></div><div class="battle-history"><small>Pointed stones dug into the opposing Boochaka!</small><br></div><div class="spacer battle-history"><br></div><h2 class="battle-history">Turn 20</h2><div class="chat chatmessage-hecticgreen"><strong style="color:hsl(218,52%,50.55020419525727%)"><small>★</small><span class="username" data-name="HecticGreen">HecticGreen</span>:</strong> <em>nice</em></div><div class="spacer battle-history"><br></div><div class="battle-history">The opposing Boochaka used <strong>Waterfall</strong>!<br></div><div class="battle-history"><small>(Magnemite lost <abbr title="−12/19">63.2%</abbr> of its health!)</small><br></div><div class="spacer battle-history"><br></div><div class="battle-history">Magnemite used <strong>Thunderbolt</strong>!<br></div><div class="battle-history"><small>It's super effective!</small><br></div><div class="battle-history"><small>(The opposing Boochaka lost <abbr title="−17/23">73.9%</abbr> of its health!)</small><br></div><div class="spacer battle-history"><br></div><div class="battle-history">The opposing Boochaka fainted!<br></div><div class="spacer battle-history"><br></div><div class="battle-history"><strong>seabass411</strong> won the battle!<br></div><div class="chat">seabass411's rating: 1238 → <strong>1255</strong><br>(+17 for winning)</div><div class="chat">HecticGreen's rating: 1129 → <strong>1112</strong><br>(-17 for losing)</div><div class="chat"><small>HecticGreen left.</small></div></div><div class="inner-preempt"></div></div></div>
</div>
<script>
let daily = Math.floor(Date.now()/1000/60/60/24);document.write('<script src="https://play.pokemonshowdown.com/js/replay-embed.js?version'+daily+'"></'+'script>');
</script>
