<!DOCTYPE html>
<meta charset="utf-8" />
<!-- version 1 -->
<title>LC replay: Fantos13 vs. calciumacetate</title>
<style>
html,body {font-family:Verdana, sans-serif;font-size:10pt;margin:0;padding:0;}body{padding:12px 0;} .battle-log {font-family:Verdana, sans-serif;font-size:10pt;} .battle-log-inline {border:1px solid #AAAAAA;background:#EEF2F5;color:black;max-width:640px;margin:0 auto 80px;padding-bottom:5px;} .battle-log .inner {padding:4px 8px 0px 8px;} .battle-log .inner-preempt {padding:0 8px 4px 8px;} .battle-log .inner-after {margin-top:0.5em;} .battle-log h2 {margin:0.5em -8px;padding:4px 8px;border:1px solid #AAAAAA;background:#E0E7EA;border-left:0;border-right:0;font-family:Verdana, sans-serif;font-size:13pt;} .battle-log .chat {vertical-align:middle;padding:3px 0 3px 0;font-size:8pt;} .battle-log .chat strong {color:#40576A;} .battle-log .chat em {padding:1px 4px 1px 3px;color:#000000;font-style:normal;} .chat.mine {background:rgba(0,0,0,0.05);margin-left:-8px;margin-right:-8px;padding-left:8px;padding-right:8px;} .spoiler {color:#BBBBBB;background:#BBBBBB;padding:0px 3px;} .spoiler:hover, .spoiler:active, .spoiler-shown {color:#000000;background:#E2E2E2;padding:0px 3px;} .spoiler a {color:#BBBBBB;} .spoiler:hover a, .spoiler:active a, .spoiler-shown a {color:#2288CC;} .chat code, .chat .spoiler:hover code, .chat .spoiler:active code, .chat .spoiler-shown code {border:1px solid #C0C0C0;background:#EEEEEE;color:black;padding:0 2px;} .chat .spoiler code {border:1px solid #CCCCCC;background:#CCCCCC;color:#CCCCCC;} .battle-log .rated {padding:3px 4px;} .battle-log .rated strong {color:white;background:#89A;padding:1px 4px;border-radius:4px;} .spacer {margin-top:0.5em;} .message-announce {background:#6688AA;color:white;padding:1px 4px 2px;} .message-announce a, .broadcast-green a, .broadcast-blue a, .broadcast-red a {color:#DDEEFF;} .broadcast-green {background-color:#559955;color:white;padding:2px 4px;} .broadcast-blue {background-color:#6688AA;color:white;padding:2px 4px;} .infobox {border:1px solid #6688AA;padding:2px 4px;} .infobox-limited {max-height:200px;overflow:auto;overflow-x:hidden;} .broadcast-red {background-color:#AA5544;color:white;padding:2px 4px;} .message-learn-canlearn {font-weight:bold;color:#228822;text-decoration:underline;} .message-learn-cannotlearn {font-weight:bold;color:#CC2222;text-decoration:underline;} .message-effect-weak {font-weight:bold;color:#CC2222;} .message-effect-resist {font-weight:bold;color:#6688AA;} .message-effect-immune {font-weight:bold;color:#666666;} .message-learn-list {margin-top:0;margin-bottom:0;} .message-throttle-notice, .message-error {color:#992222;} .message-overflow, .chat small.message-overflow {font-size:0pt;} .message-overflow::before {font-size:9pt;content:'...';} .subtle {color:#3A4A66;}
</style>
<div class="wrapper replay-wrapper" style="max-width:1180px;margin:0 auto">
<input type="hidden" name="replayid" value="lc-497146795" />
<div class="battle"></div><div class="battle-log"></div><div class="replay-controls"></div><div class="replay-controls-2"></div>
<h1 style="font-weight:normal;text-align:center"><strong>LC</strong><br /><a href="http://pokemonshowdown.com/users/fantos13" class="subtle" target="_blank">Fantos13</a> vs. <a href="http://pokemonshowdown.com/users/calciumacetate" class="subtle" target="_blank">calciumacetate</a></h1>
<script type="text/plain" class="battle-log-data">|j|Fantos13
|j|calciumacetate
|player|p1|Fantos13|98
|player|p2|calciumacetate|160
|gametype|singles
|gen|6
|tier|LC
|seed|50417,41027,38446,9546
|clearpoke
|poke|p1|Magnemite, L5|item
|poke|p1|Amaura, L5, M|item
|poke|p1|Golett, L5|item
|poke|p1|Spritzee, L5, F|item
|poke|p1|Mienfoo, L5, F|item
|poke|p1|Dratini, L5, M|item
|poke|p2|Voltorb, L5, shiny|item
|poke|p2|Noibat, L5, M|item
|poke|p2|Yamask, L5, M, shiny|item
|poke|p2|Tirtouga, L5, M|item
|poke|p2|Archen, L5, M|item
|poke|p2|Larvesta, L5, M|item
|rule|Sleep Clause Mod: Limit one foe put to sleep
|rule|Species Clause: Limit one of each Pokémon
|rule|OHKO Clause: OHKO moves are banned
|rule|Moody Clause: Moody is banned
|rule|Evasion Moves Clause: Evasion moves are banned
|rule|Endless Battle Clause: Forcing endless battles is banned
|rule|HP Percentage Mod: HP is shown in percentages
|teampreview
|c|★calciumacetate|gl hf
|c|★Fantos13|who knew shadow punch golett was illegal
|c|★Fantos13|gl hf
|choice|team 1, team 2, team 3, team 4, team 5, team 6|team 2, team 1, team 3, team 4, team 5, team 6
|
|start
|switch|p1a: Maid|Magnemite, L5|19\/19
|switch|p2a: Noibat|Noibat, L5, M|20\/20
|turn|1
|choice|move hiddenpower|move heatwave
|
|move|p1a: Maid|Hidden Power|p2a: Noibat
|-supereffective|p2a: Noibat
|-damage|p2a: Noibat|0 fnt
|faint|p2a: Noibat
|
|upkeep
|choice||switch 6
|
|switch|p2a: Larvesta|Larvesta, L5, M|23\/23
|turn|2
|j|Eliwood_of_pherae
|c| Eliwood_of_pherae|Sorry guys
|c| Eliwood_of_pherae|Just noticed
|choice|switch 6|move flareblitz
|
|switch|p1a: Teenie|Dratini, L5, M|20\/20
|move|p2a: Larvesta|Flare Blitz|p1a: Teenie
|-resisted|p1a: Teenie
|-damage|p1a: Teenie|14\/20
|-damage|p2a: Larvesta|21\/23|[from] recoil|[of] p1a: Teenie
|
|upkeep
|turn|3
|c| Eliwood_of_pherae|Nice prediction on that hidden power
|choice|move dragondance|move willowisp
|
|move|p1a: Teenie|Dragon Dance|p1a: Teenie
|-boost|p1a: Teenie|atk|1
|-boost|p1a: Teenie|spe|1
|move|p2a: Larvesta|Will-O-Wisp|p1a: Teenie
|-status|p1a: Teenie|brn
|
|-activate|p1a: Teenie|ability: Shed Skin
|-curestatus|p1a: Teenie|brn|[msg]
|upkeep
|turn|4
|c|★calciumacetate|Definitely caught me off guard
|c| Eliwood_of_pherae|Oh shit
|j|Skyman
|choice|move waterfall|move morningsun
|
|move|p1a: Teenie|Waterfall|p2a: Larvesta
|-supereffective|p2a: Larvesta
|-damage|p2a: Larvesta|7\/23
|move|p2a: Larvesta|Morning Sun|p2a: Larvesta
|-heal|p2a: Larvesta|18\/23
|
|upkeep
|turn|5
|c|★Fantos13|but now you probably know my whole set
|c| Eliwood_of_pherae|Oh fuck
|c| Skyman|Yo
|c| Eliwood_of_pherae|This is nice
|c| Eliwood_of_pherae|Keep doing plays
|choice|move waterfall|move willowisp
|
|move|p1a: Teenie|Waterfall|p2a: Larvesta
|-supereffective|p2a: Larvesta
|-damage|p2a: Larvesta|4\/23
|move|p2a: Larvesta|Will-O-Wisp|p1a: Teenie|[miss]
|-miss|p2a: Larvesta|p1a: Teenie
|
|upkeep
|turn|6
|j|tazerz95
|c|★Fantos13|sry..
|c|★calciumacetate|well
|choice|move waterfall|move morningsun
|
|move|p1a: Teenie|Waterfall|p2a: Larvesta
|-supereffective|p2a: Larvesta
|-damage|p2a: Larvesta|0 fnt
|-status|p1a: Teenie|brn|[from] ability: Flame Body|[of] p2a: Larvesta
|faint|p2a: Larvesta
|
|-activate|p1a: Teenie|ability: Shed Skin
|-curestatus|p1a: Teenie|brn|[msg]
|upkeep
|j|Devoman
|c| tazerz95|Eli are you already updating
|c| Eliwood_of_pherae|I mean he knows you have shed skin...
|c|★Fantos13|shed skin ftw
|choice||switch 5
|
|switch|p2a: Archen|Archen, L5, M|25\/25
|turn|7
|c|★Fantos13|it is 30% heal rate. so scald
|c|★calciumacetate|I wasn't thinking
|c|★calciumacetate|THought he used a lum berry
|choice|move waterfall|move acrobatics
|
|move|p1a: Teenie|Waterfall|p2a: Archen
|-supereffective|p2a: Archen
|-crit|p2a: Archen
|-damage|p2a: Archen|3\/25
|cant|p2a: Archen|flinch
|
|upkeep
|turn|8
|c| Eliwood_of_pherae|Rip
|c| Devoman|wow really
|c|★calciumacetate|lol
|c| Skyman|Wow
|c|★Fantos13|dratini I love you.. sorry for all the hax
|choice|move waterfall|move roost
|
|move|p1a: Teenie|Waterfall|p2a: Archen
|-supereffective|p2a: Archen
|-damage|p2a: Archen|0 fnt
|faint|p2a: Archen
|
|upkeep
|c| Eliwood_of_pherae|I was expecting the berry juice for sure
|c| tazerz95|that was a +1 crit
|c| tazerz95|and it did 88
|c|★Fantos13|tini is weak af
|choice||switch 4
|
|switch|p2a: Tirtouga|Tirtouga, L5, M|21\/21
|turn|9
|choice|move outrage|move stoneedge
|
|move|p1a: Teenie|Outrage|p2a: Tirtouga
|-ability|p2a: Tirtouga|Sturdy
|-damage|p2a: Tirtouga|1\/21
|-enditem|p2a: Tirtouga|Berry Juice
|-heal|p2a: Tirtouga|21\/21|[from] item: Berry Juice
|move|p2a: Tirtouga|Stone Edge|p1a: Teenie|[miss]
|-miss|p2a: Tirtouga|p1a: Teenie
|
|upkeep
|turn|10
|c| Eliwood_of_pherae|Yeah, not stab or anything
|c| Devoman|wow really
|c| Eliwood_of_pherae|Fucking rip
|c|★Fantos13|wooow
|c|★calciumacetate|hokly shit
|c| Devoman|this sucks
|c|★calciumacetate|It wasn't meant to be lol
|c| Skyman|This is Murphy's law in full effect
|choice|move outrage|move aquajet
|
|move|p2a: Tirtouga|Aqua Jet|p1a: Teenie
|-resisted|p1a: Teenie
|-damage|p1a: Teenie|11\/20
|move|p1a: Teenie|Outrage|p2a: Tirtouga|[from]lockedmove
|-crit|p2a: Tirtouga
|-ability|p2a: Tirtouga|Sturdy
|-damage|p2a: Tirtouga|1\/21
|-start|p1a: Teenie|confusion|[fatigue]
|
|upkeep
|turn|11
|c| Eliwood_of_pherae|That was questionable
|c|★Fantos13|get another crit coz y not
|choice|move outrage|move stoneedge
|
|-activate|p1a: Teenie|confusion
|-damage|p1a: Teenie|5\/20|[from] confusion
|move|p2a: Tirtouga|Stone Edge|p1a: Teenie
|-crit|p1a: Teenie
|-damage|p1a: Teenie|0 fnt
|faint|p1a: Teenie
|
|upkeep
|c| Eliwood_of_pherae|Wew
|c|★Fantos13|haax!
|c|★calciumacetate|We take those
|choice|switch 2|
|
|switch|p1a: Girly|Amaura, L5, M|25\/25
|-weather|Hail|[from] ability: Snow Warning|[of] p1a: Girly
|turn|12
|choice|move blizzard|move aquajet
|
|move|p2a: Tirtouga|Aqua Jet|p1a: Girly
|-supereffective|p1a: Girly
|-damage|p1a: Girly|11\/25
|move|p1a: Girly|Blizzard|p2a: Tirtouga
|-resisted|p2a: Tirtouga
|-damage|p2a: Tirtouga|0 fnt
|faint|p2a: Tirtouga
|
|-weather|Hail|[upkeep]
|upkeep
|c| Skyman|This match is son hax filled lol
|choice||switch 2
|
|switch|p2a: Voltorb|Voltorb, L5, shiny|21\/21
|turn|13
|c| Skyman|So*
|choice|move blizzard|move thunderbolt
|
|move|p1a: Girly|Blizzard|p2a: Voltorb
|-damage|p2a: Voltorb|2\/21
|move|p2a: Voltorb|Thunderbolt|p1a: Girly
|-damage|p1a: Girly|0 fnt
|-damage|p2a: Voltorb|0 fnt|[from] item: Life Orb
|faint|p1a: Girly
|faint|p2a: Voltorb
|
|-weather|Hail|[upkeep]
|upkeep
|c| Eliwood_of_pherae|Yeah, even if both sides played the same skill that rng was wack
|choice|switch 4|switch 3
|
|switch|p1a: Amphetamin|Spritzee, L5, F|24\/24
|switch|p2a: Yamask|Yamask, L5, M, shiny|21\/21
|turn|14
|c| Skyman|Unless yamask is a god this is gg
|c| Eliwood_of_pherae|Yamask is not a god
|c|★Fantos13|that was pure luck. Don't know how it would have ended otherwise
|c|★calciumacetate|Pretty much
|choice|move toxic|move destinybond
|
|move|p1a: Amphetamin|Toxic|p2a: Yamask
|-status|p2a: Yamask|tox
|move|p2a: Yamask|Destiny Bond|p2a: Yamask
|-singlemove|p2a: Yamask|Destiny Bond
|
|-weather|Hail|[upkeep]
|-damage|p1a: Amphetamin|23\/24|[from] hail
|-damage|p2a: Yamask|20\/21 tox|[from] hail
|-damage|p2a: Yamask|19\/21 tox|[from] psn
|upkeep
|turn|15
|c| tazerz95|trick room plot yamask gogogog
|c| Eliwood_of_pherae|Rip
|c| Skyman|Lmao
|c| Devoman|wait how was that dude faster than voltorb? Isn't Voltorb Speedy Gonzales?
|c|★Fantos13|tr plot still loses to sturdy mag
|c| tazerz95|scarfed
|c|★calciumacetate|scarfed
|c| Devoman|ah
|c| Devoman|forget that exists
|c| Skyman|Ye
|c| Eliwood_of_pherae|Hidden power fighting tho
|choice|move moonblast|move knockoff
|
|move|p1a: Amphetamin|Moonblast|p2a: Yamask
|-damage|p2a: Yamask|12\/21 tox
|move|p2a: Yamask|Knock Off|p1a: Amphetamin
|-resisted|p1a: Amphetamin
|-crit|p1a: Amphetamin
|-damage|p1a: Amphetamin|19\/24
|-enditem|p1a: Amphetamin|Eviolite|[from] move: Knock Off|[of] p2a: Yamask
|
|-weather|Hail|[upkeep]
|-damage|p1a: Amphetamin|18\/24|[from] hail
|-damage|p2a: Yamask|11\/21 tox|[from] hail
|-damage|p2a: Yamask|9\/21 tox|[from] psn
|upkeep
|turn|16
|c|★Fantos13|I'd say gg but it was not..
|choice|move moonblast|move hex
|
|move|p1a: Amphetamin|Moonblast|p2a: Yamask
|-damage|p2a: Yamask|2\/21 tox
|move|p2a: Yamask|Hex|p1a: Amphetamin
|-damage|p1a: Amphetamin|11\/24
|
|-weather|none
|-damage|p2a: Yamask|0 fnt|[from] psn
|upkeep
|faint|p2a: Yamask
|
|win|Fantos13
|player|p1
|player|p2
|c|★calciumacetate|gg
|l|Skyman
|c| Eliwood_of_pherae|Welp
|c|★calciumacetate|That was amazing lol
|c| Eliwood_of_pherae|That was something
|c|★Fantos13|hope next game works better for you
|c|★Fantos13|That was the haxiest game I ever had
|l|Eliwood_of_pherae
|l|Devoman
|l|tazerz95
|c|★calciumacetate|Still fun
|c|★calciumacetate|I'll post the replay
|c|★Fantos13|yh.have a Good day
|c|★calciumacetate|same to you
|l|calciumacetate
|l|Fantos13
|j|Fantos13
|l|Fantos13
|j|Eliwood_of_pherae
|l|Eliwood_of_pherae
|j|Haunt</script>
</div>
<div class="battle-log battle-log-inline"><div class="inner"><div class="battle-options"></div><div class="inner"><div class="chat"><small>Fantos13 joined.</small></div><div class="chat"><small>calciumacetate joined.</small></div><div class=""><small>Format:</small> <br><strong>LC</strong></div><div class=""><small><em>Sleep Clause Mod:</em> Limit one foe put to sleep</small></div><div class=""><small><em>Species Clause:</em> Limit one of each Pokémon</small></div><div class=""><small><em>OHKO Clause:</em> OHKO moves are banned</small></div><div class=""><small><em>Moody Clause:</em> Moody is banned</small></div><div class=""><small><em>Evasion Moves Clause:</em> Evasion moves are banned</small></div><div class=""><small><em>Endless Battle Clause:</em> Forcing endless battles is banned</small></div><div class=""><small><em>HP Percentage Mod:</em> HP is shown in percentages</small></div><div class="chat battle-history"><strong>Fantos13's team:</strong> <em style="color:#445566;display:block;">Magnemite / Amaura / Golett / Spritzee / Mienfoo / Dratini</em></div><div class="chat battle-history"><strong>calciumacetate's team:</strong> <em style="color:#445566;display:block;">Voltorb / Noibat / Yamask / Tirtouga / Archen / Larvesta</em></div><div class="chat chatmessage-calciumacetate"><strong style="color:hsl(65,69%,35%)"><small>★</small><span class="username" data-name="calciumacetate">calciumacetate</span>:</strong> <em>gl hf</em></div><div class="chat chatmessage-fantos13"><strong style="color:hsl(200,51%,42.18406568658126%)"><small>★</small><span class="username" data-name="Fantos13">Fantos13</span>:</strong> <em>who knew shadow punch golett was illegal</em></div><div class="chat chatmessage-fantos13"><strong style="color:hsl(200,51%,42.18406568658126%)"><small>★</small><span class="username" data-name="Fantos13">Fantos13</span>:</strong> <em>gl hf</em></div><div class="spacer battle-history"><br></div><div class="battle-history">Battle started between Fantos13 and calciumacetate!<br></div><div class="spacer battle-history"><br></div><div class="battle-history">Go! Maid (<strong>Magnemite</strong>)!<br></div><div class="spacer battle-history"><br></div><div class="battle-history">calciumacetate sent out <strong>Noibat</strong>!<br></div><div class="spacer battle-history"><br></div><h2 class="battle-history">Turn 1</h2><div class="spacer battle-history"><br></div><div class="battle-history">Maid used <strong>Hidden Power</strong>!<br></div><div class="battle-history"><small>It's super effective!</small><br></div><div class="battle-history"><small>(The opposing Noibat lost <abbr title="−20/20">100%</abbr> of its health!)</small><br></div><div class="spacer battle-history"><br></div><div class="battle-history">The opposing Noibat fainted!<br></div><div class="spacer battle-history"><br></div><div class="battle-history">calciumacetate sent out <strong>Larvesta</strong>!<br></div><div class="spacer battle-history"><br></div><h2 class="battle-history">Turn 2</h2><div class="chat"><small>Eliwood_of_pherae joined.</small></div><div class="chat chatmessage-eliwoodofpherae"><strong style="color:hsl(193,67%,45.54202110162206%)"><small> </small><span class="username" data-name="Eliwood_of_pherae">Eliwood_of_pherae</span>:</strong> <em>Sorry guys</em></div><div class="chat chatmessage-eliwoodofpherae"><strong style="color:hsl(193,67%,45.54202110162206%)"><small> </small><span class="username" data-name="Eliwood_of_pherae">Eliwood_of_pherae</span>:</strong> <em>Just noticed</em></div><div class="spacer battle-history"><br></div><div class="battle-history">Maid, come back!<br></div><div class="battle-history">Go! Teenie (<strong>Dratini</strong>)!<br></div><div class="spacer battle-history"><br></div><div class="battle-history">The opposing Larvesta used <strong>Flare Blitz</strong>!<br></div><div class="battle-history"><small>It's not very effective...</small><br></div><div class="battle-history"><small>(Teenie lost <abbr title="−6/20">30%</abbr> of its health!)</small><br></div><div class="battle-history"><small>The opposing Larvesta is damaged by the recoil!</small><br></div><div class="spacer battle-history"><br></div><h2 class="battle-history">Turn 3</h2><div class="chat chatmessage-eliwoodofpherae"><strong style="color:hsl(193,67%,45.54202110162206%)"><small> </small><span class="username" data-name="Eliwood_of_pherae">Eliwood_of_pherae</span>:</strong> <em>Nice prediction on that hidden power</em></div><div class="spacer battle-history"><br></div><div class="battle-history">Teenie used <strong>Dragon Dance</strong>!<br></div><div class="battle-history"><small>Teenie's Attack rose!</small><br></div><div class="battle-history"><small>Teenie's Speed rose!</small><br></div><div class="spacer battle-history"><br></div><div class="battle-history">The opposing Larvesta used <strong>Will-O-Wisp</strong>!<br></div><div class="battle-history"><small>Teenie was burned!</small><br></div><div class="spacer battle-history"><br></div><div class="battle-history"><small>[Teenie's Shed Skin]</small><br></div><div class="battle-history"><small>Teenie's burn was healed.</small><br></div><div class="spacer battle-history"><br></div><h2 class="battle-history">Turn 4</h2><div class="chat chatmessage-calciumacetate"><strong style="color:hsl(65,69%,35%)"><small>★</small><span class="username" data-name="calciumacetate">calciumacetate</span>:</strong> <em>Definitely caught me off guard</em></div><div class="chat chatmessage-eliwoodofpherae"><strong style="color:hsl(193,67%,45.54202110162206%)"><small> </small><span class="username" data-name="Eliwood_of_pherae">Eliwood_of_pherae</span>:</strong> <em>Oh shit</em></div><div class="chat"><small>Skyman joined.</small></div><div class="spacer battle-history"><br></div><div class="battle-history">Teenie used <strong>Waterfall</strong>!<br></div><div class="battle-history"><small>It's super effective!</small><br></div><div class="battle-history"><small>(The opposing Larvesta lost <abbr title="−14/23">60.9%</abbr> of its health!)</small><br></div><div class="spacer battle-history"><br></div><div class="battle-history">The opposing Larvesta used <strong>Morning Sun</strong>!<br></div><div class="battle-history"><small>The opposing Larvesta restored its HP.</small><br></div><div class="spacer battle-history"><br></div><h2 class="battle-history">Turn 5</h2><div class="chat chatmessage-fantos13"><strong style="color:hsl(200,51%,42.18406568658126%)"><small>★</small><span class="username" data-name="Fantos13">Fantos13</span>:</strong> <em>but now you probably know my whole set</em></div><div class="chat chatmessage-eliwoodofpherae"><strong style="color:hsl(193,67%,45.54202110162206%)"><small> </small><span class="username" data-name="Eliwood_of_pherae">Eliwood_of_pherae</span>:</strong> <em>Oh fuck</em></div><div class="chat chatmessage-skyman"><strong style="color:hsl(326,66%,46%)"><small> </small><span class="username" data-name="Skyman">Skyman</span>:</strong> <em>Yo</em></div><div class="chat chatmessage-eliwoodofpherae"><strong style="color:hsl(193,67%,45.54202110162206%)"><small> </small><span class="username" data-name="Eliwood_of_pherae">Eliwood_of_pherae</span>:</strong> <em>This is nice</em></div><div class="chat chatmessage-eliwoodofpherae"><strong style="color:hsl(193,67%,45.54202110162206%)"><small> </small><span class="username" data-name="Eliwood_of_pherae">Eliwood_of_pherae</span>:</strong> <em>Keep doing plays</em></div><div class="spacer battle-history"><br></div><div class="battle-history">Teenie used <strong>Waterfall</strong>!<br></div><div class="battle-history"><small>It's super effective!</small><br></div><div class="battle-history"><small>(The opposing Larvesta lost <abbr title="−14/23">60.9%</abbr> of its health!)</small><br></div><div class="spacer battle-history"><br></div><div class="battle-history">The opposing Larvesta used <strong>Will-O-Wisp</strong>!<br></div><div class="battle-history"><small>Teenie avoided the attack!</small><br></div><div class="spacer battle-history"><br></div><h2 class="battle-history">Turn 6</h2><div class="chat"><small>tazerz95 joined.</small></div><div class="chat chatmessage-fantos13"><strong style="color:hsl(200,51%,42.18406568658126%)"><small>★</small><span class="username" data-name="Fantos13">Fantos13</span>:</strong> <em>sry..</em></div><div class="chat chatmessage-calciumacetate"><strong style="color:hsl(65,69%,35%)"><small>★</small><span class="username" data-name="calciumacetate">calciumacetate</span>:</strong> <em>well</em></div><div class="spacer battle-history"><br></div><div class="battle-history">Teenie used <strong>Waterfall</strong>!<br></div><div class="battle-history"><small>It's super effective!</small><br></div><div class="battle-history"><small>(The opposing Larvesta lost <abbr title="−4/23">17.4%</abbr> of its health!)</small><br></div><div class="battle-history"><small>[The opposing Larvesta's Flame Body]</small><br><small>Teenie was burned!</small><br></div><div class="spacer battle-history"><br></div><div class="battle-history">The opposing Larvesta fainted!<br></div><div class="spacer battle-history"><br></div><div class="battle-history"><small>[Teenie's Shed Skin]</small><br></div><div class="battle-history"><small>Teenie's burn was healed.</small><br></div><div class="chat"><small>Devoman joined.</small></div><div class="chat chatmessage-tazerz95"><strong style="color:hsl(67,75%,31%)"><small> </small><span class="username" data-name="tazerz95">tazerz95</span>:</strong> <em>Eli are you already updating</em></div><div class="chat chatmessage-eliwoodofpherae"><strong style="color:hsl(193,67%,45.54202110162206%)"><small> </small><span class="username" data-name="Eliwood_of_pherae">Eliwood_of_pherae</span>:</strong> <em>I mean he knows you have shed skin...</em></div><div class="chat chatmessage-fantos13"><strong style="color:hsl(200,51%,42.18406568658126%)"><small>★</small><span class="username" data-name="Fantos13">Fantos13</span>:</strong> <em>shed skin ftw</em></div><div class="spacer battle-history"><br></div><div class="battle-history">calciumacetate sent out <strong>Archen</strong>!<br></div><div class="spacer battle-history"><br></div><h2 class="battle-history">Turn 7</h2><div class="chat chatmessage-fantos13"><strong style="color:hsl(200,51%,42.18406568658126%)"><small>★</small><span class="username" data-name="Fantos13">Fantos13</span>:</strong> <em>it is 30% heal rate. so scald</em></div><div class="chat chatmessage-calciumacetate"><strong style="color:hsl(65,69%,35%)"><small>★</small><span class="username" data-name="calciumacetate">calciumacetate</span>:</strong> <em>I wasn't thinking</em></div><div class="chat chatmessage-calciumacetate"><strong style="color:hsl(65,69%,35%)"><small>★</small><span class="username" data-name="calciumacetate">calciumacetate</span>:</strong> <em>THought he used a lum berry</em></div><div class="spacer battle-history"><br></div><div class="battle-history">Teenie used <strong>Waterfall</strong>!<br></div><div class="battle-history"><small>It's super effective!</small><br></div><div class="battle-history"><small>A critical hit!</small><br></div><div class="battle-history"><small>(The opposing Archen lost <abbr title="−22/25">88%</abbr> of its health!)</small><br></div><div class="spacer battle-history"><br></div><div class="battle-history">The opposing Archen flinched and couldn't move!<br></div><div class="spacer battle-history"><br></div><h2 class="battle-history">Turn 8</h2><div class="chat chatmessage-eliwoodofpherae"><strong style="color:hsl(193,67%,45.54202110162206%)"><small> </small><span class="username" data-name="Eliwood_of_pherae">Eliwood_of_pherae</span>:</strong> <em>Rip</em></div><div class="chat chatmessage-devoman"><strong style="color:hsl(265,63%,58.043103744506034%)"><small> </small><span class="username" data-name="Devoman">Devoman</span>:</strong> <em>wow really</em></div><div class="chat chatmessage-calciumacetate"><strong style="color:hsl(65,69%,35%)"><small>★</small><span class="username" data-name="calciumacetate">calciumacetate</span>:</strong> <em>lol</em></div><div class="chat chatmessage-skyman"><strong style="color:hsl(326,66%,46%)"><small> </small><span class="username" data-name="Skyman">Skyman</span>:</strong> <em>Wow</em></div><div class="chat chatmessage-fantos13"><strong style="color:hsl(200,51%,42.18406568658126%)"><small>★</small><span class="username" data-name="Fantos13">Fantos13</span>:</strong> <em>dratini I love you.. sorry for all the hax</em></div><div class="spacer battle-history"><br></div><div class="battle-history">Teenie used <strong>Waterfall</strong>!<br></div><div class="battle-history"><small>It's super effective!</small><br></div><div class="battle-history"><small>(The opposing Archen lost <abbr title="−3/25">12%</abbr> of its health!)</small><br></div><div class="spacer battle-history"><br></div><div class="battle-history">The opposing Archen fainted!<br></div><div class="chat chatmessage-eliwoodofpherae"><strong style="color:hsl(193,67%,45.54202110162206%)"><small> </small><span class="username" data-name="Eliwood_of_pherae">Eliwood_of_pherae</span>:</strong> <em>I was expecting the berry juice for sure</em></div><div class="chat chatmessage-tazerz95"><strong style="color:hsl(67,75%,31%)"><small> </small><span class="username" data-name="tazerz95">tazerz95</span>:</strong> <em>that was a +1 crit</em></div><div class="chat chatmessage-tazerz95"><strong style="color:hsl(67,75%,31%)"><small> </small><span class="username" data-name="tazerz95">tazerz95</span>:</strong> <em>and it did 88</em></div><div class="chat chatmessage-fantos13"><strong style="color:hsl(200,51%,42.18406568658126%)"><small>★</small><span class="username" data-name="Fantos13">Fantos13</span>:</strong> <em>tini is weak af</em></div><div class="spacer battle-history"><br></div><div class="battle-history">calciumacetate sent out <strong>Tirtouga</strong>!<br></div><div class="spacer battle-history"><br></div><h2 class="battle-history">Turn 9</h2><div class="spacer battle-history"><br></div><div class="battle-history">Teenie used <strong>Outrage</strong>!<br></div><div class="battle-history"><small>[The opposing Tirtouga's Sturdy]</small><br><small>The opposing Tirtouga endured the hit!</small><br></div><div class="battle-history"><small>(The opposing Tirtouga lost <abbr title="−20/21">95.2%</abbr> of its health!)</small><br></div><div class="battle-history"><small>(The opposing Tirtouga used its Berry Juice!)</small><br></div><div class="battle-history"><small>The opposing Tirtouga restored HP using its Berry Juice!</small><br></div><div class="spacer battle-history"><br></div><div class="battle-history">The opposing Tirtouga used <strong>Stone Edge</strong>!<br></div><div class="battle-history"><small>Teenie avoided the attack!</small><br></div><div class="spacer battle-history"><br></div><h2 class="battle-history">Turn 10</h2><div class="chat chatmessage-eliwoodofpherae"><strong style="color:hsl(193,67%,45.54202110162206%)"><small> </small><span class="username" data-name="Eliwood_of_pherae">Eliwood_of_pherae</span>:</strong> <em>Yeah, not stab or anything</em></div><div class="chat chatmessage-devoman"><strong style="color:hsl(265,63%,58.043103744506034%)"><small> </small><span class="username" data-name="Devoman">Devoman</span>:</strong> <em>wow really</em></div><div class="chat chatmessage-eliwoodofpherae"><strong style="color:hsl(193,67%,45.54202110162206%)"><small> </small><span class="username" data-name="Eliwood_of_pherae">Eliwood_of_pherae</span>:</strong> <em>Fucking rip</em></div><div class="chat chatmessage-fantos13"><strong style="color:hsl(200,51%,42.18406568658126%)"><small>★</small><span class="username" data-name="Fantos13">Fantos13</span>:</strong> <em>wooow</em></div><div class="chat chatmessage-calciumacetate"><strong style="color:hsl(65,69%,35%)"><small>★</small><span class="username" data-name="calciumacetate">calciumacetate</span>:</strong> <em>hokly shit</em></div><div class="chat chatmessage-devoman"><strong style="color:hsl(265,63%,58.043103744506034%)"><small> </small><span class="username" data-name="Devoman">Devoman</span>:</strong> <em>this sucks</em></div><div class="chat chatmessage-calciumacetate"><strong style="color:hsl(65,69%,35%)"><small>★</small><span class="username" data-name="calciumacetate">calciumacetate</span>:</strong> <em>It wasn't meant to be lol</em></div><div class="chat chatmessage-skyman"><strong style="color:hsl(326,66%,46%)"><small> </small><span class="username" data-name="Skyman">Skyman</span>:</strong> <em>This is Murphy's law in full effect</em></div><div class="spacer battle-history"><br></div><div class="battle-history">The opposing Tirtouga used <strong>Aqua Jet</strong>!<br></div><div class="battle-history"><small>It's not very effective...</small><br></div><div class="battle-history"><small>(Teenie lost <abbr title="−3/20">15%</abbr> of its health!)</small><br></div><div class="spacer battle-history"><br></div><div class="battle-history">Teenie used <strong>Outrage</strong>!<br></div><div class="battle-history"><small>A critical hit!</small><br></div><div class="battle-history"><small>[The opposing Tirtouga's Sturdy]</small><br><small>The opposing Tirtouga endured the hit!</small><br></div><div class="battle-history"><small>(The opposing Tirtouga lost <abbr title="−20/21">95.2%</abbr> of its health!)</small><br></div><div class="battle-history"><small>Teenie became confused due to fatigue!</small><br></div><div class="spacer battle-history"><br></div><h2 class="battle-history">Turn 11</h2><div class="chat chatmessage-eliwoodofpherae"><strong style="color:hsl(193,67%,45.54202110162206%)"><small> </small><span class="username" data-name="Eliwood_of_pherae">Eliwood_of_pherae</span>:</strong> <em>That was questionable</em></div><div class="chat chatmessage-fantos13"><strong style="color:hsl(200,51%,42.18406568658126%)"><small>★</small><span class="username" data-name="Fantos13">Fantos13</span>:</strong> <em>get another crit coz y not</em></div><div class="spacer battle-history"><br></div><div class="battle-history"><small>Teenie is confused!</small><br></div><div class="battle-history">It hurt itself in its confusion!<br></div><div class="spacer battle-history"><br></div><div class="battle-history">The opposing Tirtouga used <strong>Stone Edge</strong>!<br></div><div class="battle-history"><small>A critical hit!</small><br></div><div class="battle-history"><small>(Teenie lost <abbr title="−5/20">25%</abbr> of its health!)</small><br></div><div class="spacer battle-history"><br></div><div class="battle-history">Teenie fainted!<br></div><div class="chat chatmessage-eliwoodofpherae"><strong style="color:hsl(193,67%,45.54202110162206%)"><small> </small><span class="username" data-name="Eliwood_of_pherae">Eliwood_of_pherae</span>:</strong> <em>Wew</em></div><div class="chat chatmessage-fantos13"><strong style="color:hsl(200,51%,42.18406568658126%)"><small>★</small><span class="username" data-name="Fantos13">Fantos13</span>:</strong> <em>haax!</em></div><div class="chat chatmessage-calciumacetate"><strong style="color:hsl(65,69%,35%)"><small>★</small><span class="username" data-name="calciumacetate">calciumacetate</span>:</strong> <em>We take those</em></div><div class="spacer battle-history"><br></div><div class="battle-history">Go! Girly (<strong>Amaura</strong>)!<br></div><div class="battle-history"><small>[Girly's Snow Warning]</small><br><small>It started to hail!</small><br></div><div class="spacer battle-history"><br></div><h2 class="battle-history">Turn 12</h2><div class="spacer battle-history"><br></div><div class="battle-history">The opposing Tirtouga used <strong>Aqua Jet</strong>!<br></div><div class="battle-history"><small>It's super effective!</small><br></div><div class="battle-history"><small>(Girly lost <abbr title="−14/25">56.0%</abbr> of its health!)</small><br></div><div class="spacer battle-history"><br></div><div class="battle-history">Girly used <strong>Blizzard</strong>!<br></div><div class="battle-history"><small>It's not very effective...</small><br></div><div class="battle-history"><small>(The opposing Tirtouga lost <abbr title="−1/21">4.8%</abbr> of its health!)</small><br></div><div class="spacer battle-history"><br></div><div class="battle-history">The opposing Tirtouga fainted!<br></div><div class="spacer battle-history"><br></div><div class="battle-history"><small>The hail is crashing down.</small><br></div><div class="chat chatmessage-skyman"><strong style="color:hsl(326,66%,46%)"><small> </small><span class="username" data-name="Skyman">Skyman</span>:</strong> <em>This match is son hax filled lol</em></div><div class="spacer battle-history"><br></div><div class="battle-history">calciumacetate sent out <strong>Voltorb</strong>!<br></div><div class="spacer battle-history"><br></div><h2 class="battle-history">Turn 13</h2><div class="chat chatmessage-skyman"><strong style="color:hsl(326,66%,46%)"><small> </small><span class="username" data-name="Skyman">Skyman</span>:</strong> <em>So*</em></div><div class="spacer battle-history"><br></div><div class="battle-history">Girly used <strong>Blizzard</strong>!<br></div><div class="battle-history"><small>(The opposing Voltorb lost <abbr title="−19/21">90.5%</abbr> of its health!)</small><br></div><div class="spacer battle-history"><br></div><div class="battle-history">The opposing Voltorb used <strong>Thunderbolt</strong>!<br></div><div class="battle-history"><small>(Girly lost <abbr title="−11/25">44%</abbr> of its health!)</small><br></div><div class="battle-history"><small>The opposing Voltorb lost some of its HP!</small><br></div><div class="spacer battle-history"><br></div><div class="battle-history">Girly fainted!<br></div><div class="battle-history">The opposing Voltorb fainted!<br></div><div class="spacer battle-history"><br></div><div class="battle-history"><small>The hail is crashing down.</small><br></div><div class="chat chatmessage-eliwoodofpherae"><strong style="color:hsl(193,67%,45.54202110162206%)"><small> </small><span class="username" data-name="Eliwood_of_pherae">Eliwood_of_pherae</span>:</strong> <em>Yeah, even if both sides played the same skill that rng was wack</em></div><div class="spacer battle-history"><br></div><div class="battle-history">Go! Amphetamin (<strong>Spritzee</strong>)!<br></div><div class="spacer battle-history"><br></div><div class="battle-history">calciumacetate sent out <strong>Yamask</strong>!<br></div><div class="spacer battle-history"><br></div><h2 class="battle-history">Turn 14</h2><div class="chat chatmessage-skyman"><strong style="color:hsl(326,66%,46%)"><small> </small><span class="username" data-name="Skyman">Skyman</span>:</strong> <em>Unless yamask is a god this is gg</em></div><div class="chat chatmessage-eliwoodofpherae"><strong style="color:hsl(193,67%,45.54202110162206%)"><small> </small><span class="username" data-name="Eliwood_of_pherae">Eliwood_of_pherae</span>:</strong> <em>Yamask is not a god</em></div><div class="chat chatmessage-fantos13"><strong style="color:hsl(200,51%,42.18406568658126%)"><small>★</small><span class="username" data-name="Fantos13">Fantos13</span>:</strong> <em>that was pure luck. Don't know how it would have ended otherwise</em></div><div class="chat chatmessage-calciumacetate"><strong style="color:hsl(65,69%,35%)"><small>★</small><span class="username" data-name="calciumacetate">calciumacetate</span>:</strong> <em>Pretty much</em></div><div class="spacer battle-history"><br></div><div class="battle-history">Amphetamin used <strong>Toxic</strong>!<br></div><div class="battle-history"><small>The opposing Yamask was badly poisoned!</small><br></div><div class="spacer battle-history"><br></div><div class="battle-history">The opposing Yamask used <strong>Destiny Bond</strong>!<br></div><div class="battle-history">The opposing Yamask is hoping to take its attacker down with it!<br></div><div class="spacer battle-history"><br></div><div class="battle-history"><small>The hail is crashing down.</small><br></div><div class="battle-history"><small>Amphetamin is buffeted by the hail!</small><br></div><div class="battle-history"><small>The opposing Yamask is buffeted by the hail!</small><br></div><div class="battle-history"><small>The opposing Yamask was hurt by poison!</small><br></div><div class="spacer battle-history"><br></div><h2 class="battle-history">Turn 15</h2><div class="chat chatmessage-tazerz95"><strong style="color:hsl(67,75%,31%)"><small> </small><span class="username" data-name="tazerz95">tazerz95</span>:</strong> <em>trick room plot yamask gogogog</em></div><div class="chat chatmessage-eliwoodofpherae"><strong style="color:hsl(193,67%,45.54202110162206%)"><small> </small><span class="username" data-name="Eliwood_of_pherae">Eliwood_of_pherae</span>:</strong> <em>Rip</em></div><div class="chat chatmessage-skyman"><strong style="color:hsl(326,66%,46%)"><small> </small><span class="username" data-name="Skyman">Skyman</span>:</strong> <em>Lmao</em></div><div class="chat chatmessage-devoman"><strong style="color:hsl(265,63%,58.043103744506034%)"><small> </small><span class="username" data-name="Devoman">Devoman</span>:</strong> <em>wait how was that dude faster than voltorb? Isn't Voltorb Speedy Gonzales?</em></div><div class="chat chatmessage-fantos13"><strong style="color:hsl(200,51%,42.18406568658126%)"><small>★</small><span class="username" data-name="Fantos13">Fantos13</span>:</strong> <em>tr plot still loses to sturdy mag</em></div><div class="chat chatmessage-tazerz95"><strong style="color:hsl(67,75%,31%)"><small> </small><span class="username" data-name="tazerz95">tazerz95</span>:</strong> <em>scarfed</em></div><div class="chat chatmessage-calciumacetate"><strong style="color:hsl(65,69%,35%)"><small>★</small><span class="username" data-name="calciumacetate">calciumacetate</span>:</strong> <em>scarfed</em></div><div class="chat chatmessage-devoman"><strong style="color:hsl(265,63%,58.043103744506034%)"><small> </small><span class="username" data-name="Devoman">Devoman</span>:</strong> <em>ah</em></div><div class="chat chatmessage-devoman"><strong style="color:hsl(265,63%,58.043103744506034%)"><small> </small><span class="username" data-name="Devoman">Devoman</span>:</strong> <em>forget that exists</em></div><div class="chat chatmessage-skyman"><strong style="color:hsl(326,66%,46%)"><small> </small><span class="username" data-name="Skyman">Skyman</span>:</strong> <em>Ye</em></div><div class="chat chatmessage-eliwoodofpherae"><strong style="color:hsl(193,67%,45.54202110162206%)"><small> </small><span class="username" data-name="Eliwood_of_pherae">Eliwood_of_pherae</span>:</strong> <em>Hidden power fighting tho</em></div><div class="spacer battle-history"><br></div><div class="battle-history">Amphetamin used <strong>Moonblast</strong>!<br></div><div class="battle-history"><small>(The opposing Yamask lost <abbr title="−7/21">33.3%</abbr> of its health!)</small><br></div><div class="spacer battle-history"><br></div><div class="battle-history">The opposing Yamask used <strong>Knock Off</strong>!<br></div><div class="battle-history"><small>It's not very effective...</small><br></div><div class="battle-history"><small>A critical hit!</small><br></div><div class="battle-history"><small>(Amphetamin lost <abbr title="−4/24">16.7%</abbr> of its health!)</small><br></div><div class="battle-history"><small>The opposing Yamask knocked off Amphetamin's Eviolite!</small><br></div><div class="spacer battle-history"><br></div><div class="battle-history"><small>The hail is crashing down.</small><br></div><div class="battle-history"><small>Amphetamin is buffeted by the hail!</small><br></div><div class="battle-history"><small>The opposing Yamask is buffeted by the hail!</small><br></div><div class="battle-history"><small>The opposing Yamask was hurt by poison!</small><br></div><div class="spacer battle-history"><br></div><h2 class="battle-history">Turn 16</h2><div class="chat chatmessage-fantos13"><strong style="color:hsl(200,51%,42.18406568658126%)"><small>★</small><span class="username" data-name="Fantos13">Fantos13</span>:</strong> <em>I'd say gg but it was not..</em></div><div class="spacer battle-history"><br></div><div class="battle-history">Amphetamin used <strong>Moonblast</strong>!<br></div><div class="battle-history"><small>(The opposing Yamask lost <abbr title="−7/21">33.3%</abbr> of its health!)</small><br></div><div class="spacer battle-history"><br></div><div class="battle-history">The opposing Yamask used <strong>Hex</strong>!<br></div><div class="battle-history"><small>(Amphetamin lost <abbr title="−7/24">29.2%</abbr> of its health!)</small><br></div><div class="spacer battle-history"><br></div><div class="battle-history"><small>The hail stopped.</small><br></div><div class="battle-history"><small>The opposing Yamask was hurt by poison!</small><br></div><div class="spacer battle-history"><br></div><div class="battle-history">The opposing Yamask fainted!<br></div><div class="spacer battle-history"><br></div><div class="battle-history"><strong>Fantos13</strong> won the battle!<br></div><div class="chat chatmessage-calciumacetate"><strong style="color:hsl(65,69%,35%)"><small>★</small><span class="username" data-name="calciumacetate">calciumacetate</span>:</strong> <em>gg</em></div><div class="chat"><small>Skyman left.</small></div><div class="chat chatmessage-eliwoodofpherae"><strong style="color:hsl(193,67%,45.54202110162206%)"><small> </small><span class="username" data-name="Eliwood_of_pherae">Eliwood_of_pherae</span>:</strong> <em>Welp</em></div><div class="chat chatmessage-calciumacetate"><strong style="color:hsl(65,69%,35%)"><small>★</small><span class="username" data-name="calciumacetate">calciumacetate</span>:</strong> <em>That was amazing lol</em></div><div class="chat chatmessage-eliwoodofpherae"><strong style="color:hsl(193,67%,45.54202110162206%)"><small> </small><span class="username" data-name="Eliwood_of_pherae">Eliwood_of_pherae</span>:</strong> <em>That was something</em></div><div class="chat chatmessage-fantos13"><strong style="color:hsl(200,51%,42.18406568658126%)"><small>★</small><span class="username" data-name="Fantos13">Fantos13</span>:</strong> <em>hope next game works better for you</em></div><div class="chat chatmessage-fantos13"><strong style="color:hsl(200,51%,42.18406568658126%)"><small>★</small><span class="username" data-name="Fantos13">Fantos13</span>:</strong> <em>That was the haxiest game I ever had</em></div><div class="chat"><small>Eliwood_of_pherae left.</small></div><div class="chat"><small>Devoman left.</small></div><div class="chat"><small>tazerz95 left.</small></div><div class="chat chatmessage-calciumacetate"><strong style="color:hsl(65,69%,35%)"><small>★</small><span class="username" data-name="calciumacetate">calciumacetate</span>:</strong> <em>Still fun</em></div><div class="chat chatmessage-calciumacetate"><strong style="color:hsl(65,69%,35%)"><small>★</small><span class="username" data-name="calciumacetate">calciumacetate</span>:</strong> <em>I'll post the replay</em></div><div class="chat chatmessage-fantos13"><strong style="color:hsl(200,51%,42.18406568658126%)"><small>★</small><span class="username" data-name="Fantos13">Fantos13</span>:</strong> <em>yh.have a Good day</em></div><div class="chat chatmessage-calciumacetate"><strong style="color:hsl(65,69%,35%)"><small>★</small><span class="username" data-name="calciumacetate">calciumacetate</span>:</strong> <em>same to you</em></div><div class="chat"><small>calciumacetate left.</small></div><div class="chat"><small>Fantos13 left.</small></div><div class="chat"><small>Fantos13 joined.</small></div><div class="chat"><small>Fantos13 left.</small></div><div class="chat"><small>Eliwood_of_pherae joined.</small></div><div class="chat"><small>Eliwood_of_pherae left.</small></div><div class="chat"><small>Haunt joined.</small></div></div><div class="inner-preempt"></div></div></div>
</div>
<script>
let daily = Math.floor(Date.now()/1000/60/60/24);document.write('<script src="https://play.pokemonshowdown.com/js/replay-embed.js?version'+daily+'"></'+'script>');
</script>
