<!DOCTYPE html>
<meta charset="utf-8" />
<!-- version 1 -->
<title>LC replay: Chats vs. thefungod</title>
<style>
html,body {font-family:Verdana, sans-serif;font-size:10pt;margin:0;padding:0;}body{padding:12px 0;} .battle-log {font-family:Verdana, sans-serif;font-size:10pt;} .battle-log-inline {border:1px solid #AAAAAA;background:#EEF2F5;color:black;max-width:640px;margin:0 auto 80px;padding-bottom:5px;} .battle-log .inner {padding:4px 8px 0px 8px;} .battle-log .inner-preempt {padding:0 8px 4px 8px;} .battle-log .inner-after {margin-top:0.5em;} .battle-log h2 {margin:0.5em -8px;padding:4px 8px;border:1px solid #AAAAAA;background:#E0E7EA;border-left:0;border-right:0;font-family:Verdana, sans-serif;font-size:13pt;} .battle-log .chat {vertical-align:middle;padding:3px 0 3px 0;font-size:8pt;} .battle-log .chat strong {color:#40576A;} .battle-log .chat em {padding:1px 4px 1px 3px;color:#000000;font-style:normal;} .chat.mine {background:rgba(0,0,0,0.05);margin-left:-8px;margin-right:-8px;padding-left:8px;padding-right:8px;} .spoiler {color:#BBBBBB;background:#BBBBBB;padding:0px 3px;} .spoiler:hover, .spoiler:active, .spoiler-shown {color:#000000;background:#E2E2E2;padding:0px 3px;} .spoiler a {color:#BBBBBB;} .spoiler:hover a, .spoiler:active a, .spoiler-shown a {color:#2288CC;} .chat code, .chat .spoiler:hover code, .chat .spoiler:active code, .chat .spoiler-shown code {border:1px solid #C0C0C0;background:#EEEEEE;color:black;padding:0 2px;} .chat .spoiler code {border:1px solid #CCCCCC;background:#CCCCCC;color:#CCCCCC;} .battle-log .rated {padding:3px 4px;} .battle-log .rated strong {color:white;background:#89A;padding:1px 4px;border-radius:4px;} .spacer {margin-top:0.5em;} .message-announce {background:#6688AA;color:white;padding:1px 4px 2px;} .message-announce a, .broadcast-green a, .broadcast-blue a, .broadcast-red a {color:#DDEEFF;} .broadcast-green {background-color:#559955;color:white;padding:2px 4px;} .broadcast-blue {background-color:#6688AA;color:white;padding:2px 4px;} .infobox {border:1px solid #6688AA;padding:2px 4px;} .infobox-limited {max-height:200px;overflow:auto;overflow-x:hidden;} .broadcast-red {background-color:#AA5544;color:white;padding:2px 4px;} .message-learn-canlearn {font-weight:bold;color:#228822;text-decoration:underline;} .message-learn-cannotlearn {font-weight:bold;color:#CC2222;text-decoration:underline;} .message-effect-weak {font-weight:bold;color:#CC2222;} .message-effect-resist {font-weight:bold;color:#6688AA;} .message-effect-immune {font-weight:bold;color:#666666;} .message-learn-list {margin-top:0;margin-bottom:0;} .message-throttle-notice, .message-error {color:#992222;} .message-overflow, .chat small.message-overflow {font-size:0pt;} .message-overflow::before {font-size:9pt;content:'...';} .subtle {color:#3A4A66;}
</style>
<div class="wrapper replay-wrapper" style="max-width:1180px;margin:0 auto">
<input type="hidden" name="replayid" value="lc-509096136" />
<div class="battle"></div><div class="battle-log"></div><div class="replay-controls"></div><div class="replay-controls-2"></div>
<h1 style="font-weight:normal;text-align:center"><strong>LC</strong><br /><a href="http://pokemonshowdown.com/users/chats" class="subtle" target="_blank">Chats</a> vs. <a href="http://pokemonshowdown.com/users/thefungod" class="subtle" target="_blank">thefungod</a></h1>
<script type="text/plain" class="battle-log-data">|j|Chats
|j|thefungod
|player|p1|Chats|137
|player|p2|thefungod|102
|gametype|singles
|gen|6
|tier|LC
|seed|48155,1969,14189,47893
|clearpoke
|poke|p1|Vulpix, L5, M|item
|poke|p1|Chinchou, L5, F|item
|poke|p1|Doduo, L5, F|item
|poke|p1|Mienfoo, L5, F|item
|poke|p1|Bellsprout, L5, F|item
|poke|p1|Archen, L5, M|item
|poke|p2|Growlithe, L5, M|item
|poke|p2|Clauncher, L5, F|item
|rule|Sleep Clause Mod: Limit one foe put to sleep
|rule|Species Clause: Limit one of each Pokémon
|rule|OHKO Clause: OHKO moves are banned
|rule|Moody Clause: Moody is banned
|rule|Evasion Moves Clause: Evasion moves are banned
|rule|Endless Battle Clause: Forcing endless battles is banned
|rule|HP Percentage Mod: HP is shown in percentages
|teampreview
|j|Stats Bot
|l|Stats Bot
|choice|team 1, team 2, team 3, team 4, team 5, team 6|team 1, team 2
|
|start
|switch|p1a: Vulpix|Vulpix, L5, M|21\/21
|switch|p2a: Growlithe|Growlithe, L5, M|22\/22
|-weather|SunnyDay|[from] ability: Drought|[of] p1a: Vulpix
|turn|1
|choice|move fireblast|move mudslap
|
|move|p1a: Vulpix|Fire Blast|p2a: Growlithe
|-start|p2a: Growlithe|ability: Flash Fire
|move|p2a: Growlithe|Mud-Slap|p1a: Vulpix
|-supereffective|p1a: Vulpix
|-damage|p1a: Vulpix|15\/21
|-unboost|p1a: Vulpix|accuracy|1
|
|-weather|SunnyDay|[upkeep]
|upkeep
|turn|2
|choice|move quickattack|move mudslap
|
|move|p1a: Vulpix|Quick Attack|p2a: Growlithe
|-damage|p2a: Growlithe|19\/22
|move|p2a: Growlithe|Mud-Slap|p1a: Vulpix
|-supereffective|p1a: Vulpix
|-damage|p1a: Vulpix|9\/21
|-unboost|p1a: Vulpix|accuracy|1
|
|-weather|SunnyDay|[upkeep]
|-heal|p2a: Growlithe|20\/22|[from] item: Leftovers
|upkeep
|turn|3
|choice|move quickattack|move mudslap
|
|move|p1a: Vulpix|Quick Attack|p2a: Growlithe
|-damage|p2a: Growlithe|17\/22
|move|p2a: Growlithe|Mud-Slap|p1a: Vulpix
|-supereffective|p1a: Vulpix
|-crit|p1a: Vulpix
|-damage|p1a: Vulpix|0 fnt
|faint|p1a: Vulpix
|
|-weather|SunnyDay|[upkeep]
|-heal|p2a: Growlithe|18\/22|[from] item: Leftovers
|upkeep
|choice|switch 5|
|
|switch|p1a: Bellsprout|Bellsprout, L5, F|22\/22
|turn|4
|choice|move sleeppowder|move heatwave
|
|move|p1a: Bellsprout|Sleep Powder|p2a: Growlithe
|-status|p2a: Growlithe|slp
|cant|p2a: Growlithe|slp
|
|-weather|SunnyDay|[upkeep]
|-heal|p2a: Growlithe|19\/22 slp|[from] item: Leftovers
|upkeep
|turn|5
|choice|move sludgebomb|move heatwave
|
|move|p1a: Bellsprout|Sludge Bomb|p2a: Growlithe
|-damage|p2a: Growlithe|2\/22 slp
|-damage|p1a: Bellsprout|20\/22|[from] item: Life Orb
|-curestatus|p2a: Growlithe|slp|[msg]
|move|p2a: Growlithe|Heat Wave|p1a: Bellsprout
|-supereffective|p1a: Bellsprout
|-damage|p1a: Bellsprout|0 fnt
|faint|p1a: Bellsprout
|
|-weather|SunnyDay|[upkeep]
|-heal|p2a: Growlithe|3\/22|[from] item: Leftovers
|upkeep
|choice|switch 4|
|
|switch|p1a: Mienfoo|Mienfoo, L5, F|21\/21
|turn|6
|choice|move highjumpkick|move overheat
|
|move|p1a: Mienfoo|High Jump Kick|p2a: Growlithe
|-damage|p2a: Growlithe|0 fnt
|faint|p2a: Growlithe
|
|-weather|SunnyDay|[upkeep]
|upkeep
|choice||switch 2
|
|switch|p2a: Clauncher|Clauncher, L5, F|21\/21
|turn|7
|choice|move highjumpkick|move crabhammer
|
|move|p1a: Mienfoo|High Jump Kick|p2a: Clauncher|[miss]
|-miss|p1a: Mienfoo|p2a: Clauncher
|-damage|p1a: Mienfoo|11\/21|[from] highjumpkick
|move|p2a: Clauncher|Crabhammer|p1a: Mienfoo
|-damage|p1a: Mienfoo|7\/21
|
|-weather|SunnyDay|[upkeep]
|upkeep
|turn|8
|choice|move highjumpkick|move crabhammer
|
|move|p1a: Mienfoo|High Jump Kick|p2a: Clauncher
|-damage|p2a: Clauncher|2\/21
|move|p2a: Clauncher|Crabhammer|p1a: Mienfoo
|-damage|p1a: Mienfoo|3\/21
|
|-weather|none
|upkeep
|turn|9
|choice|move highjumpkick|move crabhammer
|
|move|p1a: Mienfoo|High Jump Kick|p2a: Clauncher|[miss]
|-miss|p1a: Mienfoo|p2a: Clauncher
|-damage|p1a: Mienfoo|0 fnt|[from] highjumpkick
|faint|p1a: Mienfoo
|move|p2a: Clauncher|Crabhammer|p1: Mienfoo|[notarget]
|-notarget
|
|upkeep
|choice|switch 2|
|
|switch|p1a: Chinchou|Chinchou, L5, F|24\/24
|turn|10
|choice|move voltswitch|move crabhammer
|
|move|p1a: Chinchou|Volt Switch|p2a: Clauncher
|-supereffective|p2a: Clauncher
|-damage|p2a: Clauncher|0 fnt
|faint|p2a: Clauncher
|
|win|Chats
|player|p1
|player|p2</script>
</div>
<div class="battle-log battle-log-inline"><div class="inner"><div class="battle-options"></div><div class="inner"><div class="chat"><small>Chats joined.</small></div><div class="chat"><small>thefungod joined.</small></div><div class=""><small>Format:</small> <br><strong>LC</strong></div><div class=""><small><em>Sleep Clause Mod:</em> Limit one foe put to sleep</small></div><div class=""><small><em>Species Clause:</em> Limit one of each Pokémon</small></div><div class=""><small><em>OHKO Clause:</em> OHKO moves are banned</small></div><div class=""><small><em>Moody Clause:</em> Moody is banned</small></div><div class=""><small><em>Evasion Moves Clause:</em> Evasion moves are banned</small></div><div class=""><small><em>Endless Battle Clause:</em> Forcing endless battles is banned</small></div><div class=""><small><em>HP Percentage Mod:</em> HP is shown in percentages</small></div><div class="chat battle-history"><strong>Chats's team:</strong> <em style="color:#445566;display:block;">Vulpix / Chinchou / Doduo / Mienfoo / Bellsprout / Archen</em></div><div class="chat battle-history"><strong>thefungod's team:</strong> <em style="color:#445566;display:block;">Growlithe / Clauncher</em></div><div class="chat"><small>Stats Bot joined.</small></div><div class="chat"><small>Stats Bot left.</small></div><div class="spacer battle-history"><br></div><div class="battle-history">Battle started between Chats and thefungod!<br></div><div class="spacer battle-history"><br></div><div class="battle-history">Go! <strong>Vulpix</strong>!<br></div><div class="spacer battle-history"><br></div><div class="battle-history">thefungod sent out <strong>Growlithe</strong>!<br></div><div class="battle-history"><small>[Vulpix's Drought]</small><br><small>The sunlight turned harsh!</small><br></div><div class="spacer battle-history"><br></div><h2 class="battle-history">Turn 1</h2><div class="spacer battle-history"><br></div><div class="battle-history">Vulpix used <strong>Fire Blast</strong>!<br></div><div class="battle-history"><small>[The opposing Growlithe's Flash Fire]</small><br><small>The power of the opposing Growlithe's Fire-type moves rose!</small><br></div><div class="spacer battle-history"><br></div><div class="battle-history">The opposing Growlithe used <strong>Mud-Slap</strong>!<br></div><div class="battle-history"><small>It's super effective!</small><br></div><div class="battle-history"><small>(Vulpix lost <abbr title="−6/21">28.6%</abbr> of its health!)</small><br></div><div class="battle-history"><small>Vulpix's accuracy fell!</small><br></div><div class="spacer battle-history"><br></div><div class="battle-history"><small>(The sunlight is strong!)</small><br></div><div class="spacer battle-history"><br></div><h2 class="battle-history">Turn 2</h2><div class="spacer battle-history"><br></div><div class="battle-history">Vulpix used <strong>Quick Attack</strong>!<br></div><div class="battle-history"><small>(The opposing Growlithe lost <abbr title="−3/22">13.6%</abbr> of its health!)</small><br></div><div class="spacer battle-history"><br></div><div class="battle-history">The opposing Growlithe used <strong>Mud-Slap</strong>!<br></div><div class="battle-history"><small>It's super effective!</small><br></div><div class="battle-history"><small>(Vulpix lost <abbr title="−6/21">28.6%</abbr> of its health!)</small><br></div><div class="battle-history"><small>Vulpix's accuracy fell!</small><br></div><div class="spacer battle-history"><br></div><div class="battle-history"><small>(The sunlight is strong!)</small><br></div><div class="battle-history"><small>The opposing Growlithe restored a little HP using its Leftovers!</small><br></div><div class="spacer battle-history"><br></div><h2 class="battle-history">Turn 3</h2><div class="spacer battle-history"><br></div><div class="battle-history">Vulpix used <strong>Quick Attack</strong>!<br></div><div class="battle-history"><small>(The opposing Growlithe lost <abbr title="−3/22">13.6%</abbr> of its health!)</small><br></div><div class="spacer battle-history"><br></div><div class="battle-history">The opposing Growlithe used <strong>Mud-Slap</strong>!<br></div><div class="battle-history"><small>It's super effective!</small><br></div><div class="battle-history"><small>A critical hit!</small><br></div><div class="battle-history"><small>(Vulpix lost <abbr title="−9/21">42.9%</abbr> of its health!)</small><br></div><div class="spacer battle-history"><br></div><div class="battle-history">Vulpix fainted!<br></div><div class="spacer battle-history"><br></div><div class="battle-history"><small>(The sunlight is strong!)</small><br></div><div class="battle-history"><small>The opposing Growlithe restored a little HP using its Leftovers!</small><br></div><div class="spacer battle-history"><br></div><div class="battle-history">Go! <strong>Bellsprout</strong>!<br></div><div class="spacer battle-history"><br></div><h2 class="battle-history">Turn 4</h2><div class="spacer battle-history"><br></div><div class="battle-history">Bellsprout used <strong>Sleep Powder</strong>!<br></div><div class="battle-history"><small>The opposing Growlithe fell asleep!</small><br></div><div class="spacer battle-history"><br></div><div class="battle-history">The opposing Growlithe is fast asleep.<br></div><div class="spacer battle-history"><br></div><div class="battle-history"><small>(The sunlight is strong!)</small><br></div><div class="battle-history"><small>The opposing Growlithe restored a little HP using its Leftovers!</small><br></div><div class="spacer battle-history"><br></div><h2 class="battle-history">Turn 5</h2><div class="spacer battle-history"><br></div><div class="battle-history">Bellsprout used <strong>Sludge Bomb</strong>!<br></div><div class="battle-history"><small>(The opposing Growlithe lost <abbr title="−17/22">77.3%</abbr> of its health!)</small><br></div><div class="battle-history"><small>Bellsprout lost some of its HP!</small><br></div><div class="battle-history"><small>The opposing Growlithe woke up!</small><br></div><div class="spacer battle-history"><br></div><div class="battle-history">The opposing Growlithe used <strong>Heat Wave</strong>!<br></div><div class="battle-history"><small>It's super effective!</small><br></div><div class="battle-history"><small>(Bellsprout lost <abbr title="−20/22">90.9%</abbr> of its health!)</small><br></div><div class="spacer battle-history"><br></div><div class="battle-history">Bellsprout fainted!<br></div><div class="spacer battle-history"><br></div><div class="battle-history"><small>(The sunlight is strong!)</small><br></div><div class="battle-history"><small>The opposing Growlithe restored a little HP using its Leftovers!</small><br></div><div class="spacer battle-history"><br></div><div class="battle-history">Go! <strong>Mienfoo</strong>!<br></div><div class="spacer battle-history"><br></div><h2 class="battle-history">Turn 6</h2><div class="spacer battle-history"><br></div><div class="battle-history">Mienfoo used <strong>High Jump Kick</strong>!<br></div><div class="battle-history"><small>(The opposing Growlithe lost <abbr title="−3/22">13.6%</abbr> of its health!)</small><br></div><div class="spacer battle-history"><br></div><div class="battle-history">The opposing Growlithe fainted!<br></div><div class="spacer battle-history"><br></div><div class="battle-history"><small>(The sunlight is strong!)</small><br></div><div class="spacer battle-history"><br></div><div class="battle-history">thefungod sent out <strong>Clauncher</strong>!<br></div><div class="spacer battle-history"><br></div><h2 class="battle-history">Turn 7</h2><div class="spacer battle-history"><br></div><div class="battle-history">Mienfoo used <strong>High Jump Kick</strong>!<br></div><div class="battle-history"><small>The opposing Clauncher avoided the attack!</small><br></div><div class="battle-history"><small>Mienfoo kept going and crashed!</small><br></div><div class="spacer battle-history"><br></div><div class="battle-history">The opposing Clauncher used <strong>Crabhammer</strong>!<br></div><div class="battle-history"><small>(Mienfoo lost <abbr title="−4/21">19.0%</abbr> of its health!)</small><br></div><div class="spacer battle-history"><br></div><div class="battle-history"><small>(The sunlight is strong!)</small><br></div><div class="spacer battle-history"><br></div><h2 class="battle-history">Turn 8</h2><div class="spacer battle-history"><br></div><div class="battle-history">Mienfoo used <strong>High Jump Kick</strong>!<br></div><div class="battle-history"><small>(The opposing Clauncher lost <abbr title="−19/21">90.5%</abbr> of its health!)</small><br></div><div class="spacer battle-history"><br></div><div class="battle-history">The opposing Clauncher used <strong>Crabhammer</strong>!<br></div><div class="battle-history"><small>(Mienfoo lost <abbr title="−4/21">19.0%</abbr> of its health!)</small><br></div><div class="spacer battle-history"><br></div><div class="battle-history"><small>The sunlight faded.</small><br></div><div class="spacer battle-history"><br></div><h2 class="battle-history">Turn 9</h2><div class="spacer battle-history"><br></div><div class="battle-history">Mienfoo used <strong>High Jump Kick</strong>!<br></div><div class="battle-history"><small>The opposing Clauncher avoided the attack!</small><br></div><div class="battle-history"><small>Mienfoo kept going and crashed!</small><br></div><div class="spacer battle-history"><br></div><div class="battle-history">Mienfoo fainted!<br></div><div class="battle-history">The opposing Clauncher used <strong>Crabhammer</strong>!<br></div><div class="battle-history"><small>But there was no target...</small><br></div><div class="spacer battle-history"><br></div><div class="battle-history">Go! <strong>Chinchou</strong>!<br></div><div class="spacer battle-history"><br></div><h2 class="battle-history">Turn 10</h2><div class="spacer battle-history"><br></div><div class="battle-history">Chinchou used <strong>Volt Switch</strong>!<br></div><div class="battle-history"><small>It's super effective!</small><br></div><div class="battle-history"><small>(The opposing Clauncher lost <abbr title="−2/21">9.5%</abbr> of its health!)</small><br></div><div class="spacer battle-history"><br></div><div class="battle-history">The opposing Clauncher fainted!<br></div><div class="spacer battle-history"><br></div><div class="battle-history"><strong>Chats</strong> won the battle!<br></div></div><div class="inner-preempt"></div></div></div>
</div>
<script>
let daily = Math.floor(Date.now()/1000/60/60/24);document.write('<script src="https://play.pokemonshowdown.com/js/replay-embed.js?version'+daily+'"></'+'script>');
</script>
