<!DOCTYPE html>
<meta charset="utf-8" />
<!-- version 1 -->
<title>LC replay: Hutch_03_22 vs. totodile13</title>
<style>
html,body {font-family:Verdana, sans-serif;font-size:10pt;margin:0;padding:0;}body{padding:12px 0;} .battle-log {font-family:Verdana, sans-serif;font-size:10pt;} .battle-log-inline {border:1px solid #AAAAAA;background:#EEF2F5;color:black;max-width:640px;margin:0 auto 80px;padding-bottom:5px;} .battle-log .inner {padding:4px 8px 0px 8px;} .battle-log .inner-preempt {padding:0 8px 4px 8px;} .battle-log .inner-after {margin-top:0.5em;} .battle-log h2 {margin:0.5em -8px;padding:4px 8px;border:1px solid #AAAAAA;background:#E0E7EA;border-left:0;border-right:0;font-family:Verdana, sans-serif;font-size:13pt;} .battle-log .chat {vertical-align:middle;padding:3px 0 3px 0;font-size:8pt;} .battle-log .chat strong {color:#40576A;} .battle-log .chat em {padding:1px 4px 1px 3px;color:#000000;font-style:normal;} .chat.mine {background:rgba(0,0,0,0.05);margin-left:-8px;margin-right:-8px;padding-left:8px;padding-right:8px;} .spoiler {color:#BBBBBB;background:#BBBBBB;padding:0px 3px;} .spoiler:hover, .spoiler:active, .spoiler-shown {color:#000000;background:#E2E2E2;padding:0px 3px;} .spoiler a {color:#BBBBBB;} .spoiler:hover a, .spoiler:active a, .spoiler-shown a {color:#2288CC;} .chat code, .chat .spoiler:hover code, .chat .spoiler:active code, .chat .spoiler-shown code {border:1px solid #C0C0C0;background:#EEEEEE;color:black;padding:0 2px;} .chat .spoiler code {border:1px solid #CCCCCC;background:#CCCCCC;color:#CCCCCC;} .battle-log .rated {padding:3px 4px;} .battle-log .rated strong {color:white;background:#89A;padding:1px 4px;border-radius:4px;} .spacer {margin-top:0.5em;} .message-announce {background:#6688AA;color:white;padding:1px 4px 2px;} .message-announce a, .broadcast-green a, .broadcast-blue a, .broadcast-red a {color:#DDEEFF;} .broadcast-green {background-color:#559955;color:white;padding:2px 4px;} .broadcast-blue {background-color:#6688AA;color:white;padding:2px 4px;} .infobox {border:1px solid #6688AA;padding:2px 4px;} .infobox-limited {max-height:200px;overflow:auto;overflow-x:hidden;} .broadcast-red {background-color:#AA5544;color:white;padding:2px 4px;} .message-learn-canlearn {font-weight:bold;color:#228822;text-decoration:underline;} .message-learn-cannotlearn {font-weight:bold;color:#CC2222;text-decoration:underline;} .message-effect-weak {font-weight:bold;color:#CC2222;} .message-effect-resist {font-weight:bold;color:#6688AA;} .message-effect-immune {font-weight:bold;color:#666666;} .message-learn-list {margin-top:0;margin-bottom:0;} .message-throttle-notice, .message-error {color:#992222;} .message-overflow, .chat small.message-overflow {font-size:0pt;} .message-overflow::before {font-size:9pt;content:'...';} .subtle {color:#3A4A66;}
</style>
<div class="wrapper replay-wrapper" style="max-width:1180px;margin:0 auto">
<input type="hidden" name="replayid" value="lc-501956781" />
<div class="battle"></div><div class="battle-log"></div><div class="replay-controls"></div><div class="replay-controls-2"></div>
<h1 style="font-weight:normal;text-align:center"><strong>LC</strong><br /><a href="http://pokemonshowdown.com/users/hutch0322" class="subtle" target="_blank">Hutch_03_22</a> vs. <a href="http://pokemonshowdown.com/users/totodile13" class="subtle" target="_blank">totodile13</a></h1>
<script type="text/plain" class="battle-log-data">|j|Hutch_03_22
|j|totodile13
|player|p1|Hutch_03_22|92
|player|p2|totodile13|221
|gametype|singles
|gen|6
|tier|LC
|seed|7818,28458,41987,37911
|clearpoke
|poke|p1|Froakie, L5, M|item
|poke|p1|Vulpix, L5, F|item
|poke|p1|Bellsprout, L5, M|item
|poke|p1|Pineco, L5, M, shiny|item
|poke|p1|Chespin, L5, M|item
|poke|p1|Venipede, L5, M|item
|poke|p2|Magnemite, L5, shiny|item
|poke|p2|Sandile, L5, F, shiny|item
|poke|p2|Axew, L5, M, shiny|item
|poke|p2|Tirtouga, L5, F, shiny|item
|poke|p2|Vullaby, L5, F, shiny|item
|poke|p2|Phantump, L5, F, shiny|item
|rule|Sleep Clause Mod: Limit one foe put to sleep
|rule|Species Clause: Limit one of each Pokémon
|rule|OHKO Clause: OHKO moves are banned
|rule|Moody Clause: Moody is banned
|rule|Evasion Moves Clause: Evasion moves are banned
|rule|Endless Battle Clause: Forcing endless battles is banned
|rule|HP Percentage Mod: HP is shown in percentages
|teampreview
|c|★Hutch_03_22|glhf
|c|★totodile13|u2
|j|Altaria Motives ®
|choice|team 6, team 2, team 3, team 4, team 5, team 1|team 2, team 1, team 3, team 4, team 5, team 6
|
|start
|switch|p1a: Crimson Jr.|Venipede, L5, M|19\/19
|switch|p2a: Disney's Nightmare|Sandile, L5, F, shiny|21\/21
|turn|1
|j|StaticG0703
|choice|move protect|move firefang
|
|move|p1a: Crimson Jr.|Protect|p1a: Crimson Jr.
|-singleturn|p1a: Crimson Jr.|Protect
|move|p2a: Disney's Nightmare|Fire Fang|p1a: Crimson Jr.
|-activate|p1a: Crimson Jr.|move: Protect
|
|-ability|p1a: Crimson Jr.|Speed Boost|boost
|-boost|p1a: Crimson Jr.|spe|1
|upkeep
|turn|2
|c| StaticG0703|let's go Crimson Jr. tho
|c| StaticG0703|my duuuude
|choice|move steamroller|switch 2
|
|switch|p2a: +\/-|Magnemite, L5, shiny|19\/19
|move|p1a: Crimson Jr.|Steamroller|p2a: +\/-
|-resisted|p2a: +\/-
|-damage|p2a: +\/-|11\/19
|-damage|p1a: Crimson Jr.|18\/19|[from] item: Life Orb
|
|-ability|p1a: Crimson Jr.|Speed Boost|boost
|-boost|p1a: Crimson Jr.|spe|1
|upkeep
|turn|3
|c| Altaria Motives ®|crimson chin
|c| StaticG0703|yo tfw no Berry Juice pop
|choice|switch 2|move thunderbolt
|
|switch|p1a: Mozilla|Vulpix, L5, F|20\/20
|-weather|SunnyDay|[from] ability: Drought|[of] p1a: Mozilla
|move|p2a: +\/-|Thunderbolt|p1a: Mozilla
|-damage|p1a: Mozilla|7\/20
|
|-weather|SunnyDay|[upkeep]
|upkeep
|turn|4
|choice|switch 3|switch 3
|
|switch|p1a: Macarena|Bellsprout, L5, M|22\/22
|switch|p2a: Slash|Axew, L5, M, shiny|21\/21
|-ability|p2a: Slash|Mold Breaker
|
|-weather|SunnyDay|[upkeep]
|upkeep
|turn|5
|choice|move sludgebomb|move dragondance
|
|move|p1a: Macarena|Sludge Bomb|p2a: Slash
|-damage|p2a: Slash|8\/21
|move|p2a: Slash|Dragon Dance|p2a: Slash
|-boost|p2a: Slash|atk|1
|-boost|p2a: Slash|spe|1
|
|-weather|SunnyDay|[upkeep]
|upkeep
|turn|6
|c| Altaria Motives ®|AYYYY MACARENA
|choice|move sludgebomb|move outrage
|
|move|p1a: Macarena|Sludge Bomb|p2a: Slash
|-damage|p2a: Slash|0 fnt
|faint|p2a: Slash
|
|-weather|SunnyDay|[upkeep]
|upkeep
|choice||switch 3
|
|switch|p2a: +\/-|Magnemite, L5, shiny|11\/19
|turn|7
|choice|move hiddenpower|move signalbeam
|
|move|p1a: Macarena|Hidden Power|p2a: +\/-
|-supereffective|p2a: +\/-
|-crit|p2a: +\/-
|-damage|p2a: +\/-|0 fnt
|faint|p2a: +\/-
|
|-weather|SunnyDay|[upkeep]
|upkeep
|c| StaticG0703|ayy
|c| StaticG0703|Doubt it mattered
|c| StaticG0703|but ayy
|c|★Hutch_03_22|nope
|c| StaticG0703|tfw obvious switch in?
|c|★Hutch_03_22|126.3 - 168.4%
|choice||switch 5
|
|switch|p2a: Bones|Vullaby, L5, F, shiny|23\/23
|turn|8
|c| StaticG0703|yeah that's plenty lol
|c| Altaria Motives ®|hmm still skeptical
|c| Altaria Motives ®|xD
|choice|switch 4|move bravebird
|
|switch|p1a: Ol' Goldie|Pineco, L5, M, shiny|23\/23
|move|p2a: Bones|Brave Bird|p1a: Ol' Goldie
|-supereffective|p1a: Ol' Goldie
|-damage|p1a: Ol' Goldie|3\/23
|-damage|p2a: Bones|16\/23|[from] recoil|[of] p1a: Ol' Goldie
|
|-weather|SunnyDay|[upkeep]
|-heal|p2a: Bones|17\/23|[from] item: Leftovers
|-heal|p1a: Ol' Goldie|4\/23|[from] item: Leftovers
|upkeep
|turn|9
|c| StaticG0703|tfw Lullaby could sweep?
|c| StaticG0703|*Vullaby
|choice|move stealthrock|move bravebird
|
|move|p2a: Bones|Brave Bird|p1a: Ol' Goldie
|-supereffective|p1a: Ol' Goldie
|-damage|p1a: Ol' Goldie|0 fnt
|-damage|p2a: Bones|16\/23|[from] recoil|[of] p1a: Ol' Goldie
|faint|p1a: Ol' Goldie
|
|-weather|SunnyDay|[upkeep]
|-heal|p2a: Bones|17\/23|[from] item: Leftovers
|upkeep
|c| Altaria Motives ®|urghhh that thing that set up a gazzilion hazards against me
|c| Altaria Motives ®|i have no effective hazard remover
|choice|switch 6|
|
|switch|p1a: Genji|Froakie, L5, M|21\/21
|turn|10
|choice|move icebeam|switch 6
|
|switch|p2a: Stump|Phantump, L5, F, shiny|20\/20
|move|p1a: Genji|Ice Beam|p2a: Stump
|-start|p1a: Genji|typechange|Ice|[from] Protean
|-supereffective|p2a: Stump
|-damage|p2a: Stump|0 fnt
|faint|p2a: Stump
|
|-weather|none
|upkeep
|c|★totodile13|I meant to click tirtouga rip
|choice||switch 4
|
|switch|p2a: Turquoise|Tirtouga, L5, F, shiny|21\/21
|turn|11
|c| Altaria Motives ®|you can now xD
|choice|move scald|move shellsmash
|
|move|p1a: Genji|Scald|p2a: Turquoise
|-start|p1a: Genji|typechange|Water|[from] Protean
|-damage|p2a: Turquoise|9\/21
|move|p2a: Turquoise|Shell Smash|p2a: Turquoise
|-unboost|p2a: Turquoise|def|1
|-unboost|p2a: Turquoise|spd|1
|-boost|p2a: Turquoise|atk|2
|-boost|p2a: Turquoise|spa|2
|-boost|p2a: Turquoise|spe|2
|-enditem|p2a: Turquoise|White Herb
|-clearnegativeboost|p2a: Turquoise|[silent]
|
|upkeep
|turn|12
|choice|move scald|move earthquake
|
|move|p2a: Turquoise|Earthquake|p1a: Genji
|-damage|p1a: Genji|0 fnt
|faint|p1a: Genji
|
|upkeep
|c| Altaria Motives ®|jesus have mercy
|c| Altaria Motives ®|potential speed tie again hutch?
|choice|switch 3|
|
|switch|p1a: Mozilla|Vulpix, L5, F|7\/20
|-weather|SunnyDay|[from] ability: Drought|[of] p1a: Mozilla
|turn|13
|c|★Hutch_03_22|lol
|choice|move energyball|move earthquake
|
|move|p2a: Turquoise|Earthquake|p1a: Mozilla
|-supereffective|p1a: Mozilla
|-damage|p1a: Mozilla|0 fnt
|faint|p1a: Mozilla
|
|-weather|SunnyDay|[upkeep]
|upkeep
|choice|switch 4|
|
|switch|p1a: Macarena|Bellsprout, L5, M|22\/22
|turn|14
|choice|move gigadrain|move stoneedge
|
|move|p1a: Macarena|Giga Drain|p2a: Turquoise
|-supereffective|p2a: Turquoise
|-damage|p2a: Turquoise|0 fnt
|faint|p2a: Turquoise
|
|-weather|SunnyDay|[upkeep]
|upkeep
|choice||switch 6
|
|switch|p2a: Bones|Vullaby, L5, F, shiny|17\/23
|turn|15
|choice|switch 5|move bravebird
|
|switch|p1a: Mikey|Chespin, L5, M|22\/22
|move|p2a: Bones|Brave Bird|p1a: Mikey
|-supereffective|p1a: Mikey
|-damage|p1a: Mikey|8\/22
|-damage|p2a: Bones|12\/23|[from] recoil|[of] p1a: Mikey
|
|-weather|SunnyDay|[upkeep]
|-heal|p2a: Bones|13\/23|[from] item: Leftovers
|upkeep
|turn|16
|choice|move toxic|move roost
|
|move|p2a: Bones|Roost|p2a: Bones
|-heal|p2a: Bones|23\/23
|move|p1a: Mikey|Toxic|p2a: Bones
|-status|p2a: Bones|tox
|
|-weather|SunnyDay|[upkeep]
|-damage|p2a: Bones|22\/23 tox|[from] psn
|upkeep
|turn|17
|choice|move leechseed|move bravebird
|
|move|p2a: Bones|Brave Bird|p1a: Mikey
|-supereffective|p1a: Mikey
|-damage|p1a: Mikey|0 fnt
|-damage|p2a: Bones|19\/23 tox|[from] recoil|[of] p1a: Mikey
|faint|p1a: Mikey
|
|-weather|SunnyDay|[upkeep]
|-heal|p2a: Bones|20\/23 tox|[from] item: Leftovers
|-damage|p2a: Bones|18\/23 tox|[from] psn
|upkeep
|choice|switch 2|
|
|switch|p1a: Crimson Jr.|Venipede, L5, M|18\/19
|turn|18
|choice|move protect|move bravebird
|
|move|p1a: Crimson Jr.|Protect|p1a: Crimson Jr.
|-singleturn|p1a: Crimson Jr.|Protect
|move|p2a: Bones|Brave Bird|p1a: Crimson Jr.
|-activate|p1a: Crimson Jr.|move: Protect
|
|-weather|SunnyDay|[upkeep]
|-heal|p2a: Bones|19\/23 tox|[from] item: Leftovers
|-damage|p2a: Bones|16\/23 tox|[from] psn
|-ability|p1a: Crimson Jr.|Speed Boost|boost
|-boost|p1a: Crimson Jr.|spe|1
|upkeep
|turn|19
|choice|move poisonjab|move bravebird
|
|move|p1a: Crimson Jr.|Poison Jab|p2a: Bones
|-damage|p2a: Bones|4\/23 tox
|-damage|p1a: Crimson Jr.|17\/19|[from] item: Life Orb
|move|p2a: Bones|Brave Bird|p1a: Crimson Jr.
|-supereffective|p1a: Crimson Jr.
|-damage|p1a: Crimson Jr.|0 fnt
|-damage|p2a: Bones|0 fnt|[from] recoil|[of] p1a: Crimson Jr.
|faint|p1a: Crimson Jr.
|faint|p2a: Bones
|
|-weather|SunnyDay|[upkeep]
|upkeep
|choice|switch 5|switch 2
|
|switch|p1a: Macarena|Bellsprout, L5, M|22\/22
|switch|p2a: Disney's Nightmare|Sandile, L5, F, shiny|21\/21
|turn|20
|c|★Hutch_03_22|gg
|choice|move gigadrain|move firefang
|
|move|p1a: Macarena|Giga Drain|p2a: Disney's Nightmare
|-supereffective|p2a: Disney's Nightmare
|-damage|p2a: Disney's Nightmare|1\/21
|move|p2a: Disney's Nightmare|Fire Fang|p1a: Macarena
|-supereffective|p1a: Macarena
|-damage|p1a: Macarena|0 fnt
|faint|p1a: Macarena
|
|win|totodile13
|player|p1
|player|p2
|c|★totodile13|oh shit
|c| Altaria Motives ®|:O
|c|★Hutch_03_22|how
|c|★Hutch_03_22|Were you max max bulky?
|c|★totodile13|well that 76 Spdef  payed off after all
|c|★totodile13|no
|c|★Hutch_03_22|it just broke
|c|★totodile13|Pm me ur set lemme calc it
|c|★Hutch_03_22|200+ SpA Bellsprout Giga Drain vs. 252 HP \/ 76 SpD Sandile: 26-32 (108.3 - 133.3%) -- guaranteed OHKO
|c|★totodile13|If discord works
|c|★totodile13|it did
|c|★totodile13|send me set</script>
</div>
<div class="battle-log battle-log-inline"><div class="inner"><div class="battle-options"></div><div class="inner"><div class="chat"><small>Hutch_03_22 joined.</small></div><div class="chat"><small>totodile13 joined.</small></div><div class=""><small>Format:</small> <br><strong>LC</strong></div><div class=""><small><em>Sleep Clause Mod:</em> Limit one foe put to sleep</small></div><div class=""><small><em>Species Clause:</em> Limit one of each Pokémon</small></div><div class=""><small><em>OHKO Clause:</em> OHKO moves are banned</small></div><div class=""><small><em>Moody Clause:</em> Moody is banned</small></div><div class=""><small><em>Evasion Moves Clause:</em> Evasion moves are banned</small></div><div class=""><small><em>Endless Battle Clause:</em> Forcing endless battles is banned</small></div><div class=""><small><em>HP Percentage Mod:</em> HP is shown in percentages</small></div><div class="chat battle-history"><strong>Hutch_03_22's team:</strong> <em style="color:#445566;display:block;">Froakie / Vulpix / Bellsprout / Pineco / Chespin / Venipede</em></div><div class="chat battle-history"><strong>totodile13's team:</strong> <em style="color:#445566;display:block;">Magnemite / Sandile / Axew / Tirtouga / Vullaby / Phantump</em></div><div class="chat chatmessage-hutch0322"><strong style="color:hsl(208,65%,47%)"><small>★</small><span class="username" data-name="Hutch_03_22">Hutch_03_22</span>:</strong> <em>glhf</em></div><div class="chat chatmessage-totodile13"><strong style="color:hsl(90,89%,34.048041924542346%)"><small>★</small><span class="username" data-name="totodile13">totodile13</span>:</strong> <em>u2</em></div><div class="chat"><small>Altaria Motives ® joined.</small></div><div class="spacer battle-history"><br></div><div class="battle-history">Battle started between Hutch_03_22 and totodile13!<br></div><div class="spacer battle-history"><br></div><div class="battle-history">Go! Crimson Jr. (<strong>Venipede</strong>)!<br></div><div class="spacer battle-history"><br></div><div class="battle-history">totodile13 sent out Disney's Nightmare (<strong>Sandile</strong>)!<br></div><div class="spacer battle-history"><br></div><h2 class="battle-history">Turn 1</h2><div class="chat"><small>StaticG0703 joined.</small></div><div class="spacer battle-history"><br></div><div class="battle-history">Crimson Jr. used <strong>Protect</strong>!<br></div><div class="battle-history"><small>Crimson Jr. protected itself!</small><br></div><div class="spacer battle-history"><br></div><div class="battle-history">The opposing Disney's Nightmare used <strong>Fire Fang</strong>!<br></div><div class="battle-history"><small>Crimson Jr. protected itself!</small><br></div><div class="spacer battle-history"><br></div><div class="battle-history"><small>[Crimson Jr.'s Speed Boost]</small><br></div><div class="battle-history"><small>Crimson Jr.'s Speed rose!</small><br></div><div class="spacer battle-history"><br></div><h2 class="battle-history">Turn 2</h2><div class="chat chatmessage-staticg0703"><strong style="color:hsl(320,74%,47.116517022000004%)"><small> </small><span class="username" data-name="StaticG0703">StaticG0703</span>:</strong> <em>let's go Crimson Jr. tho</em></div><div class="chat chatmessage-staticg0703"><strong style="color:hsl(320,74%,47.116517022000004%)"><small> </small><span class="username" data-name="StaticG0703">StaticG0703</span>:</strong> <em>my duuuude</em></div><div class="spacer battle-history"><br></div><div class="battle-history">totodile13 withdrew Disney's Nightmare!<br></div><div class="battle-history">totodile13 sent out +/- (<strong>Magnemite</strong>)!<br></div><div class="spacer battle-history"><br></div><div class="battle-history">Crimson Jr. used <strong>Steamroller</strong>!<br></div><div class="battle-history"><small>It's not very effective...</small><br></div><div class="battle-history"><small>(The opposing +/- lost <abbr title="−8/19">42.1%</abbr> of its health!)</small><br></div><div class="battle-history"><small>Crimson Jr. lost some of its HP!</small><br></div><div class="spacer battle-history"><br></div><div class="battle-history"><small>[Crimson Jr.'s Speed Boost]</small><br></div><div class="battle-history"><small>Crimson Jr.'s Speed rose!</small><br></div><div class="spacer battle-history"><br></div><h2 class="battle-history">Turn 3</h2><div class="chat chatmessage-altariamotives"><strong style="color:hsl(244,52%,65.44555674130788%)"><small> </small><span class="username" data-name="Altaria Motives ®">Altaria Motives ®</span>:</strong> <em>crimson chin</em></div><div class="chat chatmessage-staticg0703"><strong style="color:hsl(320,74%,47.116517022000004%)"><small> </small><span class="username" data-name="StaticG0703">StaticG0703</span>:</strong> <em>yo tfw no Berry Juice pop</em></div><div class="spacer battle-history"><br></div><div class="battle-history">Crimson Jr., come back!<br></div><div class="battle-history">Go! Mozilla (<strong>Vulpix</strong>)!<br></div><div class="battle-history"><small>[Mozilla's Drought]</small><br><small>The sunlight turned harsh!</small><br></div><div class="spacer battle-history"><br></div><div class="battle-history">The opposing +/- used <strong>Thunderbolt</strong>!<br></div><div class="battle-history"><small>(Mozilla lost <abbr title="−13/20">65%</abbr> of its health!)</small><br></div><div class="spacer battle-history"><br></div><div class="battle-history"><small>(The sunlight is strong!)</small><br></div><div class="spacer battle-history"><br></div><h2 class="battle-history">Turn 4</h2><div class="spacer battle-history"><br></div><div class="battle-history">Mozilla, come back!<br></div><div class="battle-history">Go! Macarena (<strong>Bellsprout</strong>)!<br></div><div class="spacer battle-history"><br></div><div class="battle-history">totodile13 withdrew +/-!<br></div><div class="battle-history">totodile13 sent out Slash (<strong>Axew</strong>)!<br></div><div class="battle-history"><small>[The opposing Slash's Mold Breaker]</small><br><small>The opposing Slash breaks the mold!</small><br></div><div class="spacer battle-history"><br></div><div class="battle-history"><small>(The sunlight is strong!)</small><br></div><div class="spacer battle-history"><br></div><h2 class="battle-history">Turn 5</h2><div class="spacer battle-history"><br></div><div class="battle-history">Macarena used <strong>Sludge Bomb</strong>!<br></div><div class="battle-history"><small>(The opposing Slash lost <abbr title="−13/21">61.9%</abbr> of its health!)</small><br></div><div class="spacer battle-history"><br></div><div class="battle-history">The opposing Slash used <strong>Dragon Dance</strong>!<br></div><div class="battle-history"><small>The opposing Slash's Attack rose!</small><br></div><div class="battle-history"><small>The opposing Slash's Speed rose!</small><br></div><div class="spacer battle-history"><br></div><div class="battle-history"><small>(The sunlight is strong!)</small><br></div><div class="spacer battle-history"><br></div><h2 class="battle-history">Turn 6</h2><div class="chat chatmessage-altariamotives"><strong style="color:hsl(244,52%,65.44555674130788%)"><small> </small><span class="username" data-name="Altaria Motives ®">Altaria Motives ®</span>:</strong> <em>AYYYY MACARENA</em></div><div class="spacer battle-history"><br></div><div class="battle-history">Macarena used <strong>Sludge Bomb</strong>!<br></div><div class="battle-history"><small>(The opposing Slash lost <abbr title="−8/21">38.1%</abbr> of its health!)</small><br></div><div class="spacer battle-history"><br></div><div class="battle-history">The opposing Slash fainted!<br></div><div class="spacer battle-history"><br></div><div class="battle-history"><small>(The sunlight is strong!)</small><br></div><div class="spacer battle-history"><br></div><div class="battle-history">totodile13 sent out +/- (<strong>Magnemite</strong>)!<br></div><div class="spacer battle-history"><br></div><h2 class="battle-history">Turn 7</h2><div class="spacer battle-history"><br></div><div class="battle-history">Macarena used <strong>Hidden Power</strong>!<br></div><div class="battle-history"><small>It's super effective!</small><br></div><div class="battle-history"><small>A critical hit!</small><br></div><div class="battle-history"><small>(The opposing +/- lost <abbr title="−11/19">57.9%</abbr> of its health!)</small><br></div><div class="spacer battle-history"><br></div><div class="battle-history">The opposing +/- fainted!<br></div><div class="spacer battle-history"><br></div><div class="battle-history"><small>(The sunlight is strong!)</small><br></div><div class="chat chatmessage-staticg0703"><strong style="color:hsl(320,74%,47.116517022000004%)"><small> </small><span class="username" data-name="StaticG0703">StaticG0703</span>:</strong> <em>ayy</em></div><div class="chat chatmessage-staticg0703"><strong style="color:hsl(320,74%,47.116517022000004%)"><small> </small><span class="username" data-name="StaticG0703">StaticG0703</span>:</strong> <em>Doubt it mattered</em></div><div class="chat chatmessage-staticg0703"><strong style="color:hsl(320,74%,47.116517022000004%)"><small> </small><span class="username" data-name="StaticG0703">StaticG0703</span>:</strong> <em>but ayy</em></div><div class="chat chatmessage-hutch0322"><strong style="color:hsl(208,65%,47%)"><small>★</small><span class="username" data-name="Hutch_03_22">Hutch_03_22</span>:</strong> <em>nope</em></div><div class="chat chatmessage-staticg0703"><strong style="color:hsl(320,74%,47.116517022000004%)"><small> </small><span class="username" data-name="StaticG0703">StaticG0703</span>:</strong> <em>tfw obvious switch in?</em></div><div class="chat chatmessage-hutch0322"><strong style="color:hsl(208,65%,47%)"><small>★</small><span class="username" data-name="Hutch_03_22">Hutch_03_22</span>:</strong> <em>126.3 - 168.4%</em></div><div class="spacer battle-history"><br></div><div class="battle-history">totodile13 sent out Bones (<strong>Vullaby</strong>)!<br></div><div class="spacer battle-history"><br></div><h2 class="battle-history">Turn 8</h2><div class="chat chatmessage-staticg0703"><strong style="color:hsl(320,74%,47.116517022000004%)"><small> </small><span class="username" data-name="StaticG0703">StaticG0703</span>:</strong> <em>yeah that's plenty lol</em></div><div class="chat chatmessage-altariamotives"><strong style="color:hsl(244,52%,65.44555674130788%)"><small> </small><span class="username" data-name="Altaria Motives ®">Altaria Motives ®</span>:</strong> <em>hmm still skeptical</em></div><div class="chat chatmessage-altariamotives"><strong style="color:hsl(244,52%,65.44555674130788%)"><small> </small><span class="username" data-name="Altaria Motives ®">Altaria Motives ®</span>:</strong> <em>xD</em></div><div class="spacer battle-history"><br></div><div class="battle-history">Macarena, come back!<br></div><div class="battle-history">Go! Ol' Goldie (<strong>Pineco</strong>)!<br></div><div class="spacer battle-history"><br></div><div class="battle-history">The opposing Bones used <strong>Brave Bird</strong>!<br></div><div class="battle-history"><small>It's super effective!</small><br></div><div class="battle-history"><small>(Ol' Goldie lost <abbr title="−20/23">87.0%</abbr> of its health!)</small><br></div><div class="battle-history"><small>The opposing Bones is damaged by the recoil!</small><br></div><div class="spacer battle-history"><br></div><div class="battle-history"><small>(The sunlight is strong!)</small><br></div><div class="battle-history"><small>The opposing Bones restored a little HP using its Leftovers!</small><br></div><div class="battle-history"><small>Ol' Goldie restored a little HP using its Leftovers!</small><br></div><div class="spacer battle-history"><br></div><h2 class="battle-history">Turn 9</h2><div class="chat chatmessage-staticg0703"><strong style="color:hsl(320,74%,47.116517022000004%)"><small> </small><span class="username" data-name="StaticG0703">StaticG0703</span>:</strong> <em>tfw Lullaby could sweep?</em></div><div class="chat chatmessage-staticg0703"><strong style="color:hsl(320,74%,47.116517022000004%)"><small> </small><span class="username" data-name="StaticG0703">StaticG0703</span>:</strong> <em>*Vullaby</em></div><div class="spacer battle-history"><br></div><div class="battle-history">The opposing Bones used <strong>Brave Bird</strong>!<br></div><div class="battle-history"><small>It's super effective!</small><br></div><div class="battle-history"><small>(Ol' Goldie lost <abbr title="−4/23">17.4%</abbr> of its health!)</small><br></div><div class="battle-history"><small>The opposing Bones is damaged by the recoil!</small><br></div><div class="spacer battle-history"><br></div><div class="battle-history">Ol' Goldie fainted!<br></div><div class="spacer battle-history"><br></div><div class="battle-history"><small>(The sunlight is strong!)</small><br></div><div class="battle-history"><small>The opposing Bones restored a little HP using its Leftovers!</small><br></div><div class="chat chatmessage-altariamotives"><strong style="color:hsl(244,52%,65.44555674130788%)"><small> </small><span class="username" data-name="Altaria Motives ®">Altaria Motives ®</span>:</strong> <em>urghhh that thing that set up a gazzilion hazards against me</em></div><div class="chat chatmessage-altariamotives"><strong style="color:hsl(244,52%,65.44555674130788%)"><small> </small><span class="username" data-name="Altaria Motives ®">Altaria Motives ®</span>:</strong> <em>i have no effective hazard remover</em></div><div class="spacer battle-history"><br></div><div class="battle-history">Go! Genji (<strong>Froakie</strong>)!<br></div><div class="spacer battle-history"><br></div><h2 class="battle-history">Turn 10</h2><div class="spacer battle-history"><br></div><div class="battle-history">totodile13 withdrew Bones!<br></div><div class="battle-history">totodile13 sent out Stump (<strong>Phantump</strong>)!<br></div><div class="spacer battle-history"><br></div><div class="battle-history">Genji used <strong>Ice Beam</strong>!<br></div><div class="spacer battle-history"><br></div><div class="battle-history"><small>[Genji's Protean]</small><br><small>Genji transformed into the Ice type!</small><br></div><div class="battle-history"><small>It's super effective!</small><br></div><div class="battle-history"><small>(The opposing Stump lost <abbr title="−20/20">100%</abbr> of its health!)</small><br></div><div class="spacer battle-history"><br></div><div class="battle-history">The opposing Stump fainted!<br></div><div class="spacer battle-history"><br></div><div class="battle-history"><small>The sunlight faded.</small><br></div><div class="chat chatmessage-totodile13"><strong style="color:hsl(90,89%,34.048041924542346%)"><small>★</small><span class="username" data-name="totodile13">totodile13</span>:</strong> <em>I meant to click tirtouga rip</em></div><div class="spacer battle-history"><br></div><div class="battle-history">totodile13 sent out Turquoise (<strong>Tirtouga</strong>)!<br></div><div class="spacer battle-history"><br></div><h2 class="battle-history">Turn 11</h2><div class="chat chatmessage-altariamotives"><strong style="color:hsl(244,52%,65.44555674130788%)"><small> </small><span class="username" data-name="Altaria Motives ®">Altaria Motives ®</span>:</strong> <em>you can now xD</em></div><div class="spacer battle-history"><br></div><div class="battle-history">Genji used <strong>Scald</strong>!<br></div><div class="spacer battle-history"><br></div><div class="battle-history"><small>[Genji's Protean]</small><br><small>Genji transformed into the Water type!</small><br></div><div class="battle-history"><small>(The opposing Turquoise lost <abbr title="−12/21">57.1%</abbr> of its health!)</small><br></div><div class="spacer battle-history"><br></div><div class="battle-history">The opposing Turquoise used <strong>Shell Smash</strong>!<br></div><div class="battle-history"><small>The opposing Turquoise's Defense fell!</small><br></div><div class="battle-history"><small>The opposing Turquoise's Special Defense fell!</small><br></div><div class="battle-history"><small>The opposing Turquoise's Attack rose sharply!</small><br></div><div class="battle-history"><small>The opposing Turquoise's Special Attack rose sharply!</small><br></div><div class="battle-history"><small>The opposing Turquoise's Speed rose sharply!</small><br></div><div class="battle-history"><small>The opposing Turquoise returned its status to normal using its White Herb!</small><br></div><div class="spacer battle-history"><br></div><h2 class="battle-history">Turn 12</h2><div class="spacer battle-history"><br></div><div class="battle-history">The opposing Turquoise used <strong>Earthquake</strong>!<br></div><div class="battle-history"><small>(Genji lost <abbr title="−21/21">100%</abbr> of its health!)</small><br></div><div class="spacer battle-history"><br></div><div class="battle-history">Genji fainted!<br></div><div class="chat chatmessage-altariamotives"><strong style="color:hsl(244,52%,65.44555674130788%)"><small> </small><span class="username" data-name="Altaria Motives ®">Altaria Motives ®</span>:</strong> <em>jesus have mercy</em></div><div class="chat chatmessage-altariamotives"><strong style="color:hsl(244,52%,65.44555674130788%)"><small> </small><span class="username" data-name="Altaria Motives ®">Altaria Motives ®</span>:</strong> <em>potential speed tie again hutch?</em></div><div class="spacer battle-history"><br></div><div class="battle-history">Go! Mozilla (<strong>Vulpix</strong>)!<br></div><div class="battle-history"><small>[Mozilla's Drought]</small><br><small>The sunlight turned harsh!</small><br></div><div class="spacer battle-history"><br></div><h2 class="battle-history">Turn 13</h2><div class="chat chatmessage-hutch0322"><strong style="color:hsl(208,65%,47%)"><small>★</small><span class="username" data-name="Hutch_03_22">Hutch_03_22</span>:</strong> <em>lol</em></div><div class="spacer battle-history"><br></div><div class="battle-history">The opposing Turquoise used <strong>Earthquake</strong>!<br></div><div class="battle-history"><small>It's super effective!</small><br></div><div class="battle-history"><small>(Mozilla lost <abbr title="−7/20">35%</abbr> of its health!)</small><br></div><div class="spacer battle-history"><br></div><div class="battle-history">Mozilla fainted!<br></div><div class="spacer battle-history"><br></div><div class="battle-history"><small>(The sunlight is strong!)</small><br></div><div class="spacer battle-history"><br></div><div class="battle-history">Go! Macarena (<strong>Bellsprout</strong>)!<br></div><div class="spacer battle-history"><br></div><h2 class="battle-history">Turn 14</h2><div class="spacer battle-history"><br></div><div class="battle-history">Macarena used <strong>Giga Drain</strong>!<br></div><div class="battle-history"><small>It's super effective!</small><br></div><div class="battle-history"><small>(The opposing Turquoise lost <abbr title="−9/21">42.9%</abbr> of its health!)</small><br></div><div class="spacer battle-history"><br></div><div class="battle-history">The opposing Turquoise fainted!<br></div><div class="spacer battle-history"><br></div><div class="battle-history"><small>(The sunlight is strong!)</small><br></div><div class="spacer battle-history"><br></div><div class="battle-history">totodile13 sent out Bones (<strong>Vullaby</strong>)!<br></div><div class="spacer battle-history"><br></div><h2 class="battle-history">Turn 15</h2><div class="spacer battle-history"><br></div><div class="battle-history">Macarena, come back!<br></div><div class="battle-history">Go! Mikey (<strong>Chespin</strong>)!<br></div><div class="spacer battle-history"><br></div><div class="battle-history">The opposing Bones used <strong>Brave Bird</strong>!<br></div><div class="battle-history"><small>It's super effective!</small><br></div><div class="battle-history"><small>(Mikey lost <abbr title="−14/22">63.6%</abbr> of its health!)</small><br></div><div class="battle-history"><small>The opposing Bones is damaged by the recoil!</small><br></div><div class="spacer battle-history"><br></div><div class="battle-history"><small>(The sunlight is strong!)</small><br></div><div class="battle-history"><small>The opposing Bones restored a little HP using its Leftovers!</small><br></div><div class="spacer battle-history"><br></div><h2 class="battle-history">Turn 16</h2><div class="spacer battle-history"><br></div><div class="battle-history">The opposing Bones used <strong>Roost</strong>!<br></div><div class="battle-history"><small>The opposing Bones restored its HP.</small><br></div><div class="spacer battle-history"><br></div><div class="battle-history">Mikey used <strong>Toxic</strong>!<br></div><div class="battle-history"><small>The opposing Bones was badly poisoned!</small><br></div><div class="spacer battle-history"><br></div><div class="battle-history"><small>(The sunlight is strong!)</small><br></div><div class="battle-history"><small>The opposing Bones was hurt by poison!</small><br></div><div class="spacer battle-history"><br></div><h2 class="battle-history">Turn 17</h2><div class="spacer battle-history"><br></div><div class="battle-history">The opposing Bones used <strong>Brave Bird</strong>!<br></div><div class="battle-history"><small>It's super effective!</small><br></div><div class="battle-history"><small>(Mikey lost <abbr title="−8/22">36.4%</abbr> of its health!)</small><br></div><div class="battle-history"><small>The opposing Bones is damaged by the recoil!</small><br></div><div class="spacer battle-history"><br></div><div class="battle-history">Mikey fainted!<br></div><div class="spacer battle-history"><br></div><div class="battle-history"><small>(The sunlight is strong!)</small><br></div><div class="battle-history"><small>The opposing Bones restored a little HP using its Leftovers!</small><br></div><div class="battle-history"><small>The opposing Bones was hurt by poison!</small><br></div><div class="spacer battle-history"><br></div><div class="battle-history">Go! Crimson Jr. (<strong>Venipede</strong>)!<br></div><div class="spacer battle-history"><br></div><h2 class="battle-history">Turn 18</h2><div class="spacer battle-history"><br></div><div class="battle-history">Crimson Jr. used <strong>Protect</strong>!<br></div><div class="battle-history"><small>Crimson Jr. protected itself!</small><br></div><div class="spacer battle-history"><br></div><div class="battle-history">The opposing Bones used <strong>Brave Bird</strong>!<br></div><div class="battle-history"><small>Crimson Jr. protected itself!</small><br></div><div class="spacer battle-history"><br></div><div class="battle-history"><small>(The sunlight is strong!)</small><br></div><div class="battle-history"><small>The opposing Bones restored a little HP using its Leftovers!</small><br></div><div class="battle-history"><small>The opposing Bones was hurt by poison!</small><br></div><div class="battle-history"><small>[Crimson Jr.'s Speed Boost]</small><br></div><div class="battle-history"><small>Crimson Jr.'s Speed rose!</small><br></div><div class="spacer battle-history"><br></div><h2 class="battle-history">Turn 19</h2><div class="spacer battle-history"><br></div><div class="battle-history">Crimson Jr. used <strong>Poison Jab</strong>!<br></div><div class="battle-history"><small>(The opposing Bones lost <abbr title="−12/23">52.2%</abbr> of its health!)</small><br></div><div class="battle-history"><small>Crimson Jr. lost some of its HP!</small><br></div><div class="spacer battle-history"><br></div><div class="battle-history">The opposing Bones used <strong>Brave Bird</strong>!<br></div><div class="battle-history"><small>It's super effective!</small><br></div><div class="battle-history"><small>(Crimson Jr. lost <abbr title="−17/19">89.5%</abbr> of its health!)</small><br></div><div class="battle-history"><small>The opposing Bones is damaged by the recoil!</small><br></div><div class="spacer battle-history"><br></div><div class="battle-history">Crimson Jr. fainted!<br></div><div class="battle-history">The opposing Bones fainted!<br></div><div class="spacer battle-history"><br></div><div class="battle-history"><small>(The sunlight is strong!)</small><br></div><div class="spacer battle-history"><br></div><div class="battle-history">Go! Macarena (<strong>Bellsprout</strong>)!<br></div><div class="spacer battle-history"><br></div><div class="battle-history">totodile13 sent out Disney's Nightmare (<strong>Sandile</strong>)!<br></div><div class="spacer battle-history"><br></div><h2 class="battle-history">Turn 20</h2><div class="chat chatmessage-hutch0322"><strong style="color:hsl(208,65%,47%)"><small>★</small><span class="username" data-name="Hutch_03_22">Hutch_03_22</span>:</strong> <em>gg</em></div><div class="spacer battle-history"><br></div><div class="battle-history">Macarena used <strong>Giga Drain</strong>!<br></div><div class="battle-history"><small>It's super effective!</small><br></div><div class="battle-history"><small>(The opposing Disney's Nightmare lost <abbr title="−20/21">95.2%</abbr> of its health!)</small><br></div><div class="spacer battle-history"><br></div><div class="battle-history">The opposing Disney's Nightmare used <strong>Fire Fang</strong>!<br></div><div class="battle-history"><small>It's super effective!</small><br></div><div class="battle-history"><small>(Macarena lost <abbr title="−22/22">100%</abbr> of its health!)</small><br></div><div class="spacer battle-history"><br></div><div class="battle-history">Macarena fainted!<br></div><div class="spacer battle-history"><br></div><div class="battle-history"><strong>totodile13</strong> won the battle!<br></div><div class="chat chatmessage-totodile13"><strong style="color:hsl(90,89%,34.048041924542346%)"><small>★</small><span class="username" data-name="totodile13">totodile13</span>:</strong> <em>oh shit</em></div><div class="chat chatmessage-altariamotives"><strong style="color:hsl(244,52%,65.44555674130788%)"><small> </small><span class="username" data-name="Altaria Motives ®">Altaria Motives ®</span>:</strong> <em>:O</em></div><div class="chat chatmessage-hutch0322"><strong style="color:hsl(208,65%,47%)"><small>★</small><span class="username" data-name="Hutch_03_22">Hutch_03_22</span>:</strong> <em>how</em></div><div class="chat chatmessage-hutch0322"><strong style="color:hsl(208,65%,47%)"><small>★</small><span class="username" data-name="Hutch_03_22">Hutch_03_22</span>:</strong> <em>Were you max max bulky?</em></div><div class="chat chatmessage-totodile13"><strong style="color:hsl(90,89%,34.048041924542346%)"><small>★</small><span class="username" data-name="totodile13">totodile13</span>:</strong> <em>well that 76 Spdef  payed off after all</em></div><div class="chat chatmessage-totodile13"><strong style="color:hsl(90,89%,34.048041924542346%)"><small>★</small><span class="username" data-name="totodile13">totodile13</span>:</strong> <em>no</em></div><div class="chat chatmessage-hutch0322"><strong style="color:hsl(208,65%,47%)"><small>★</small><span class="username" data-name="Hutch_03_22">Hutch_03_22</span>:</strong> <em>it just broke</em></div><div class="chat chatmessage-totodile13"><strong style="color:hsl(90,89%,34.048041924542346%)"><small>★</small><span class="username" data-name="totodile13">totodile13</span>:</strong> <em>Pm me ur set lemme calc it</em></div><div class="chat chatmessage-hutch0322"><strong style="color:hsl(208,65%,47%)"><small>★</small><span class="username" data-name="Hutch_03_22">Hutch_03_22</span>:</strong> <em>200+ SpA Bellsprout Giga Drain vs. 252 HP / 76 SpD Sandile: 26-32 (108.3 - 133.3%) -- guaranteed OHKO</em></div><div class="chat chatmessage-totodile13"><strong style="color:hsl(90,89%,34.048041924542346%)"><small>★</small><span class="username" data-name="totodile13">totodile13</span>:</strong> <em>If discord works</em></div><div class="chat chatmessage-totodile13"><strong style="color:hsl(90,89%,34.048041924542346%)"><small>★</small><span class="username" data-name="totodile13">totodile13</span>:</strong> <em>it did</em></div><div class="chat chatmessage-totodile13"><strong style="color:hsl(90,89%,34.048041924542346%)"><small>★</small><span class="username" data-name="totodile13">totodile13</span>:</strong> <em>send me set</em></div></div><div class="inner-preempt"></div></div></div>
</div>
<script>
let daily = Math.floor(Date.now()/1000/60/60/24);document.write('<script src="https://play.pokemonshowdown.com/js/replay-embed.js?version'+daily+'"></'+'script>');
</script>
