<!DOCTYPE html>
<meta charset="utf-8" />
<!-- version 1 -->
<title>LC replay: shubham1406 vs. Niatar</title>
<style>
html,body {font-family:Verdana, sans-serif;font-size:10pt;margin:0;padding:0;}body{padding:12px 0;} .battle-log {font-family:Verdana, sans-serif;font-size:10pt;} .battle-log-inline {border:1px solid #AAAAAA;background:#EEF2F5;color:black;max-width:640px;margin:0 auto 80px;padding-bottom:5px;} .battle-log .inner {padding:4px 8px 0px 8px;} .battle-log .inner-preempt {padding:0 8px 4px 8px;} .battle-log .inner-after {margin-top:0.5em;} .battle-log h2 {margin:0.5em -8px;padding:4px 8px;border:1px solid #AAAAAA;background:#E0E7EA;border-left:0;border-right:0;font-family:Verdana, sans-serif;font-size:13pt;} .battle-log .chat {vertical-align:middle;padding:3px 0 3px 0;font-size:8pt;} .battle-log .chat strong {color:#40576A;} .battle-log .chat em {padding:1px 4px 1px 3px;color:#000000;font-style:normal;} .chat.mine {background:rgba(0,0,0,0.05);margin-left:-8px;margin-right:-8px;padding-left:8px;padding-right:8px;} .spoiler {color:#BBBBBB;background:#BBBBBB;padding:0px 3px;} .spoiler:hover, .spoiler:active, .spoiler-shown {color:#000000;background:#E2E2E2;padding:0px 3px;} .spoiler a {color:#BBBBBB;} .spoiler:hover a, .spoiler:active a, .spoiler-shown a {color:#2288CC;} .chat code, .chat .spoiler:hover code, .chat .spoiler:active code, .chat .spoiler-shown code {border:1px solid #C0C0C0;background:#EEEEEE;color:black;padding:0 2px;} .chat .spoiler code {border:1px solid #CCCCCC;background:#CCCCCC;color:#CCCCCC;} .battle-log .rated {padding:3px 4px;} .battle-log .rated strong {color:white;background:#89A;padding:1px 4px;border-radius:4px;} .spacer {margin-top:0.5em;} .message-announce {background:#6688AA;color:white;padding:1px 4px 2px;} .message-announce a, .broadcast-green a, .broadcast-blue a, .broadcast-red a {color:#DDEEFF;} .broadcast-green {background-color:#559955;color:white;padding:2px 4px;} .broadcast-blue {background-color:#6688AA;color:white;padding:2px 4px;} .infobox {border:1px solid #6688AA;padding:2px 4px;} .infobox-limited {max-height:200px;overflow:auto;overflow-x:hidden;} .broadcast-red {background-color:#AA5544;color:white;padding:2px 4px;} .message-learn-canlearn {font-weight:bold;color:#228822;text-decoration:underline;} .message-learn-cannotlearn {font-weight:bold;color:#CC2222;text-decoration:underline;} .message-effect-weak {font-weight:bold;color:#CC2222;} .message-effect-resist {font-weight:bold;color:#6688AA;} .message-effect-immune {font-weight:bold;color:#666666;} .message-learn-list {margin-top:0;margin-bottom:0;} .message-throttle-notice, .message-error {color:#992222;} .message-overflow, .chat small.message-overflow {font-size:0pt;} .message-overflow::before {font-size:9pt;content:'...';} .subtle {color:#3A4A66;}
</style>
<div class="wrapper replay-wrapper" style="max-width:1180px;margin:0 auto">
<input type="hidden" name="replayid" value="lc-485752330" />
<div class="battle"></div><div class="battle-log"></div><div class="replay-controls"></div><div class="replay-controls-2"></div>
<h1 style="font-weight:normal;text-align:center"><strong>LC</strong><br /><a href="http://pokemonshowdown.com/users/shubham1406" class="subtle" target="_blank">shubham1406</a> vs. <a href="http://pokemonshowdown.com/users/niatar" class="subtle" target="_blank">Niatar</a></h1>
<script type="text/plain" class="battle-log-data">|j|shubham1406
|j|Niatar
|player|p1|shubham1406|209
|player|p2|Niatar|65
|gametype|singles
|gen|6
|tier|LC
|rated
|seed|42688,10290,49366,26626
|clearpoke
|poke|p1|Buneary, L5, F, shiny|item
|poke|p1|Tirtouga, L5, M|item
|poke|p1|Pawniard, L5, M|item
|poke|p1|Tyrogue, L5, M, shiny|item
|poke|p1|Fletchling, L5, M|
|poke|p1|Trapinch, L5, M, shiny|item
|poke|p2|Magby, L5, F|item
|poke|p2|Bulbasaur, L5, M|item
|poke|p2|Cyndaquil, L5, F|item
|poke|p2|Frillish, L5, F|item
|poke|p2|Poliwag, L5, M|item
|poke|p2|Cottonee, L5, F|item
|rule|Sleep Clause Mod: Limit one foe put to sleep
|rule|Species Clause: Limit one of each Pokémon
|rule|OHKO Clause: OHKO moves are banned
|rule|Moody Clause: Moody is banned
|rule|Evasion Moves Clause: Evasion moves are banned
|rule|Endless Battle Clause: Forcing endless battles is banned
|rule|HP Percentage Mod: HP is shown in percentages
|teampreview
|choice|team 3, team 2, team 1, team 4, team 5, team 6|team 3, team 2, team 1, team 4, team 5, team 6
|
|start
|switch|p1a: Pawniard|Pawniard, L5, M|21\/21
|switch|p2a: Cyndaquil|Cyndaquil, L5, F|20\/20
|turn|1
|choice|move stealthrock|move eruption
|
|move|p2a: Cyndaquil|Eruption|p1a: Pawniard
|-supereffective|p1a: Pawniard
|-damage|p1a: Pawniard|0 fnt
|faint|p1a: Pawniard
|
|choice|switch 6|
|
|switch|p1a: Trapinch|Trapinch, L5, M, shiny|22\/22
|turn|2
|choice|move earthquake|move eruption
|
|move|p2a: Cyndaquil|Eruption|p1a: Trapinch
|-damage|p1a: Trapinch|0 fnt
|faint|p1a: Trapinch
|
|choice|switch 2|
|
|switch|p1a: Tirtouga|Tirtouga, L5, M|21\/21
|turn|3
|choice|move shellsmash|switch 6
|
|switch|p2a: Cottonee|Cottonee, L5, F|22\/22
|move|p1a: Tirtouga|Shell Smash|p1a: Tirtouga
|-unboost|p1a: Tirtouga|def|1
|-unboost|p1a: Tirtouga|spd|1
|-boost|p1a: Tirtouga|atk|2
|-boost|p1a: Tirtouga|spa|2
|-boost|p1a: Tirtouga|spe|2
|
|turn|4
|choice|move zenheadbutt|move encore
|
|move|p2a: Cottonee|Encore|p1a: Tirtouga
|-start|p1a: Tirtouga|Encore
|move|p1a: Tirtouga|Shell Smash|p1a: Tirtouga
|-unboost|p1a: Tirtouga|def|1
|-unboost|p1a: Tirtouga|spd|1
|-boost|p1a: Tirtouga|atk|2
|-boost|p1a: Tirtouga|spa|2
|-boost|p1a: Tirtouga|spe|2
|
|turn|5
|choice|move shellsmash|move knockoff
|
|move|p1a: Tirtouga|Shell Smash|p1a: Tirtouga
|-unboost|p1a: Tirtouga|def|1
|-unboost|p1a: Tirtouga|spd|1
|-boost|p1a: Tirtouga|atk|2
|-boost|p1a: Tirtouga|spa|2
|-boost|p1a: Tirtouga|spe|2
|move|p2a: Cottonee|Knock Off|p1a: Tirtouga
|-damage|p1a: Tirtouga|9\/21
|-enditem|p1a: Tirtouga|Berry Juice|[from] move: Knock Off|[of] p2a: Cottonee
|
|turn|6
|choice|move shellsmash|move stunspore
|
|move|p2a: Cottonee|Stun Spore|p1a: Tirtouga
|-status|p1a: Tirtouga|par
|cant|p1a: Tirtouga|par
|
|-end|p1a: Tirtouga|Encore
|turn|7
|choice|move aquajet|move encore
|
|move|p2a: Cottonee|Encore|p1a: Tirtouga
|-start|p1a: Tirtouga|Encore
|move|p1a: Tirtouga|Shell Smash|p1a: Tirtouga
|-unboost|p1a: Tirtouga|def|1
|-unboost|p1a: Tirtouga|spd|1
|-boost|p1a: Tirtouga|atk|0
|-boost|p1a: Tirtouga|spa|0
|-boost|p1a: Tirtouga|spe|0
|
|turn|8
|-message|shubham1406 forfeited.
|
|win|Niatar
|player|p1
|player|p2
|l|shubham1406
||Ladder (probably) updated, but score could not be retrieved (Response not received).</script>
</div>
<div class="battle-log battle-log-inline"><div class="inner"><div class="battle-options"></div><div class="inner"><div class="chat"><small>shubham1406 joined.</small></div><div class="chat"><small>Niatar joined.</small></div><div class=""><small>Format:</small> <br><strong>LC</strong></div><div class="rated"><strong>Rated battle</strong></div><div class=""><small><em>Sleep Clause Mod:</em> Limit one foe put to sleep</small></div><div class=""><small><em>Species Clause:</em> Limit one of each Pokémon</small></div><div class=""><small><em>OHKO Clause:</em> OHKO moves are banned</small></div><div class=""><small><em>Moody Clause:</em> Moody is banned</small></div><div class=""><small><em>Evasion Moves Clause:</em> Evasion moves are banned</small></div><div class=""><small><em>Endless Battle Clause:</em> Forcing endless battles is banned</small></div><div class=""><small><em>HP Percentage Mod:</em> HP is shown in percentages</small></div><div class="chat battle-history"><strong>shubham1406's team:</strong> <em style="color:#445566;display:block;">Buneary / Tirtouga / Pawniard / Tyrogue / Fletchling / Trapinch</em></div><div class="chat battle-history"><strong>Niatar's team:</strong> <em style="color:#445566;display:block;">Magby / Bulbasaur / Cyndaquil / Frillish / Poliwag / Cottonee</em></div><div class="spacer battle-history"><br></div><div class="battle-history">Battle started between shubham1406 and Niatar!<br></div><div class="spacer battle-history"><br></div><div class="battle-history">Go! <strong>Pawniard</strong>!<br></div><div class="spacer battle-history"><br></div><div class="battle-history">Niatar sent out <strong>Cyndaquil</strong>!<br></div><div class="spacer battle-history"><br></div><h2 class="battle-history">Turn 1</h2><div class="spacer battle-history"><br></div><div class="battle-history">The opposing Cyndaquil used <strong>Eruption</strong>!<br></div><div class="battle-history"><small>It's super effective!</small><br></div><div class="battle-history"><small>(Pawniard lost <abbr title="−21/21">100%</abbr> of its health!)</small><br></div><div class="spacer battle-history"><br></div><div class="battle-history">Pawniard fainted!<br></div><div class="spacer battle-history"><br></div><div class="battle-history">Go! <strong>Trapinch</strong>!<br></div><div class="spacer battle-history"><br></div><h2 class="battle-history">Turn 2</h2><div class="spacer battle-history"><br></div><div class="battle-history">The opposing Cyndaquil used <strong>Eruption</strong>!<br></div><div class="battle-history"><small>(Trapinch lost <abbr title="−22/22">100%</abbr> of its health!)</small><br></div><div class="spacer battle-history"><br></div><div class="battle-history">Trapinch fainted!<br></div><div class="spacer battle-history"><br></div><div class="battle-history">Go! <strong>Tirtouga</strong>!<br></div><div class="spacer battle-history"><br></div><h2 class="battle-history">Turn 3</h2><div class="spacer battle-history"><br></div><div class="battle-history">Niatar withdrew Cyndaquil!<br></div><div class="battle-history">Niatar sent out <strong>Cottonee</strong>!<br></div><div class="spacer battle-history"><br></div><div class="battle-history">Tirtouga used <strong>Shell Smash</strong>!<br></div><div class="battle-history"><small>Tirtouga's Defense fell!</small><br></div><div class="battle-history"><small>Tirtouga's Special Defense fell!</small><br></div><div class="battle-history"><small>Tirtouga's Attack rose sharply!</small><br></div><div class="battle-history"><small>Tirtouga's Special Attack rose sharply!</small><br></div><div class="battle-history"><small>Tirtouga's Speed rose sharply!</small><br></div><div class="spacer battle-history"><br></div><h2 class="battle-history">Turn 4</h2><div class="spacer battle-history"><br></div><div class="battle-history">The opposing Cottonee used <strong>Encore</strong>!<br></div><div class="battle-history"><small>Tirtouga received an encore!</small><br></div><div class="spacer battle-history"><br></div><div class="battle-history">Tirtouga used <strong>Shell Smash</strong>!<br></div><div class="battle-history"><small>Tirtouga's Defense fell!</small><br></div><div class="battle-history"><small>Tirtouga's Special Defense fell!</small><br></div><div class="battle-history"><small>Tirtouga's Attack rose sharply!</small><br></div><div class="battle-history"><small>Tirtouga's Special Attack rose sharply!</small><br></div><div class="battle-history"><small>Tirtouga's Speed rose sharply!</small><br></div><div class="spacer battle-history"><br></div><h2 class="battle-history">Turn 5</h2><div class="spacer battle-history"><br></div><div class="battle-history">Tirtouga used <strong>Shell Smash</strong>!<br></div><div class="battle-history"><small>Tirtouga's Defense fell!</small><br></div><div class="battle-history"><small>Tirtouga's Special Defense fell!</small><br></div><div class="battle-history"><small>Tirtouga's Attack rose sharply!</small><br></div><div class="battle-history"><small>Tirtouga's Special Attack rose sharply!</small><br></div><div class="battle-history"><small>Tirtouga's Speed rose sharply!</small><br></div><div class="spacer battle-history"><br></div><div class="battle-history">The opposing Cottonee used <strong>Knock Off</strong>!<br></div><div class="battle-history"><small>(Tirtouga lost <abbr title="−12/21">57.1%</abbr> of its health!)</small><br></div><div class="battle-history"><small>The opposing Cottonee knocked off Tirtouga's Berry Juice!</small><br></div><div class="spacer battle-history"><br></div><h2 class="battle-history">Turn 6</h2><div class="spacer battle-history"><br></div><div class="battle-history">The opposing Cottonee used <strong>Stun Spore</strong>!<br></div><div class="battle-history"><small>Tirtouga is paralyzed! It may be unable to move!</small><br></div><div class="spacer battle-history"><br></div><div class="battle-history">Tirtouga is paralyzed! It can't move!<br></div><div class="spacer battle-history"><br></div><div class="battle-history"><small>Tirtouga's encore ended!</small><br></div><div class="spacer battle-history"><br></div><h2 class="battle-history">Turn 7</h2><div class="spacer battle-history"><br></div><div class="battle-history">The opposing Cottonee used <strong>Encore</strong>!<br></div><div class="battle-history"><small>Tirtouga received an encore!</small><br></div><div class="spacer battle-history"><br></div><div class="battle-history">Tirtouga used <strong>Shell Smash</strong>!<br></div><div class="battle-history"><small>Tirtouga's Defense fell!</small><br></div><div class="battle-history"><small>Tirtouga's Special Defense fell!</small><br></div><div class="battle-history"><small>Tirtouga's Attack won't go any higher!</small><br></div><div class="battle-history"><small>Tirtouga's Special Attack won't go any higher!</small><br></div><div class="battle-history"><small>Tirtouga's Speed won't go any higher!</small><br></div><div class="spacer battle-history"><br></div><h2 class="battle-history">Turn 8</h2><div class="spacer battle-history"><br></div><div class="battle-history"><small>shubham1406 forfeited.</small><br></div><div class="spacer battle-history"><br></div><div class="battle-history"><strong>Niatar</strong> won the battle!<br></div><div class="chat"><small>shubham1406 left.</small></div><div class="chat">Ladder (probably) updated, but score could not be retrieved (Response not received).</div></div><div class="inner-preempt"></div></div></div>
</div>
<script>
let daily = Math.floor(Date.now()/1000/60/60/24);document.write('<script src="https://play.pokemonshowdown.com/js/replay-embed.js?version'+daily+'"></'+'script>');
</script>
