<!DOCTYPE html>
<meta charset="utf-8" />
<!-- version 1 -->
<title>LC replay: bludysword94 vs. Only Eat Tacos</title>
<style>
html,body {font-family:Verdana, sans-serif;font-size:10pt;margin:0;padding:0;}body{padding:12px 0;} .battle-log {font-family:Verdana, sans-serif;font-size:10pt;} .battle-log-inline {border:1px solid #AAAAAA;background:#EEF2F5;color:black;max-width:640px;margin:0 auto 80px;padding-bottom:5px;} .battle-log .inner {padding:4px 8px 0px 8px;} .battle-log .inner-preempt {padding:0 8px 4px 8px;} .battle-log .inner-after {margin-top:0.5em;} .battle-log h2 {margin:0.5em -8px;padding:4px 8px;border:1px solid #AAAAAA;background:#E0E7EA;border-left:0;border-right:0;font-family:Verdana, sans-serif;font-size:13pt;} .battle-log .chat {vertical-align:middle;padding:3px 0 3px 0;font-size:8pt;} .battle-log .chat strong {color:#40576A;} .battle-log .chat em {padding:1px 4px 1px 3px;color:#000000;font-style:normal;} .chat.mine {background:rgba(0,0,0,0.05);margin-left:-8px;margin-right:-8px;padding-left:8px;padding-right:8px;} .spoiler {color:#BBBBBB;background:#BBBBBB;padding:0px 3px;} .spoiler:hover, .spoiler:active, .spoiler-shown {color:#000000;background:#E2E2E2;padding:0px 3px;} .spoiler a {color:#BBBBBB;} .spoiler:hover a, .spoiler:active a, .spoiler-shown a {color:#2288CC;} .chat code, .chat .spoiler:hover code, .chat .spoiler:active code, .chat .spoiler-shown code {border:1px solid #C0C0C0;background:#EEEEEE;color:black;padding:0 2px;} .chat .spoiler code {border:1px solid #CCCCCC;background:#CCCCCC;color:#CCCCCC;} .battle-log .rated {padding:3px 4px;} .battle-log .rated strong {color:white;background:#89A;padding:1px 4px;border-radius:4px;} .spacer {margin-top:0.5em;} .message-announce {background:#6688AA;color:white;padding:1px 4px 2px;} .message-announce a, .broadcast-green a, .broadcast-blue a, .broadcast-red a {color:#DDEEFF;} .broadcast-green {background-color:#559955;color:white;padding:2px 4px;} .broadcast-blue {background-color:#6688AA;color:white;padding:2px 4px;} .infobox {border:1px solid #6688AA;padding:2px 4px;} .infobox-limited {max-height:200px;overflow:auto;overflow-x:hidden;} .broadcast-red {background-color:#AA5544;color:white;padding:2px 4px;} .message-learn-canlearn {font-weight:bold;color:#228822;text-decoration:underline;} .message-learn-cannotlearn {font-weight:bold;color:#CC2222;text-decoration:underline;} .message-effect-weak {font-weight:bold;color:#CC2222;} .message-effect-resist {font-weight:bold;color:#6688AA;} .message-effect-immune {font-weight:bold;color:#666666;} .message-learn-list {margin-top:0;margin-bottom:0;} .message-throttle-notice, .message-error {color:#992222;} .message-overflow, .chat small.message-overflow {font-size:0pt;} .message-overflow::before {font-size:9pt;content:'...';} .subtle {color:#3A4A66;}
</style>
<div class="wrapper replay-wrapper" style="max-width:1180px;margin:0 auto">
<input type="hidden" name="replayid" value="lc-478041364" />
<div class="battle"></div><div class="battle-log"></div><div class="replay-controls"></div><div class="replay-controls-2"></div>
<h1 style="font-weight:normal;text-align:center"><strong>LC</strong><br /><a href="http://pokemonshowdown.com/users/bludysword94" class="subtle" target="_blank">bludysword94</a> vs. <a href="http://pokemonshowdown.com/users/onlyeattacos" class="subtle" target="_blank">Only Eat Tacos</a></h1>
<script type="text/plain" class="battle-log-data">|j|bludysword94
|j|Only Eat Tacos
|player|p1|bludysword94|70
|player|p2|Only Eat Tacos|286
|gametype|singles
|gen|6
|tier|LC
|rated
|seed|36944,25840,29856,21285
|clearpoke
|poke|p1|Ponyta, L5, F, shiny|item
|poke|p1|Tirtouga, L5, F|item
|poke|p1|Foongus, L5, M|item
|poke|p1|Honedge, L5, F, shiny|item
|poke|p1|Drilbur, L5, F|item
|poke|p1|Mienfoo, L5, M|item
|poke|p2|Stunky, L5, M, shiny|item
|poke|p2|Timburr, L5, M, shiny|item
|poke|p2|Snubbull, L5, F, shiny|item
|poke|p2|Carvanha, L5, M, shiny|item
|poke|p2|Foongus, L5, M, shiny|item
|poke|p2|Fletchling, L5, M, shiny|
|rule|Sleep Clause Mod: Limit one foe put to sleep
|rule|Species Clause: Limit one of each Pokémon
|rule|OHKO Clause: OHKO moves are banned
|rule|Moody Clause: Moody is banned
|rule|Evasion Moves Clause: Evasion moves are banned
|rule|Endless Battle Clause: Forcing endless battles is banned
|rule|HP Percentage Mod: HP is shown in percentages
|teampreview
|choice|team 6, team 2, team 3, team 4, team 5, team 1|team 4, team 2, team 3, team 1, team 5, team 6
|
|start
|switch|p1a: Mienfoo|Mienfoo, L5, M|21\/21
|switch|p2a: Carvy|Carvanha, L5, M, shiny|21\/21
|turn|1
|choice|move taunt|move waterfall
|
|move|p1a: Mienfoo|Taunt|p2a: Carvy
|-start|p2a: Carvy|move: Taunt
|move|p2a: Carvy|Waterfall|p1a: Mienfoo
|-damage|p1a: Mienfoo|12\/21
|
|-ability|p2a: Carvy|Speed Boost|boost
|-boost|p2a: Carvy|spe|1
|turn|2
|choice|move knockoff|move waterfall
|
|move|p2a: Carvy|Waterfall|p1a: Mienfoo
|-damage|p1a: Mienfoo|3\/21
|move|p1a: Mienfoo|Knock Off|p2a: Carvy
|-resisted|p2a: Carvy
|-damage|p2a: Carvy|14\/21
|-enditem|p2a: Carvy|Focus Sash|[from] move: Knock Off|[of] p1a: Mienfoo
|
|-ability|p2a: Carvy|Speed Boost|boost
|-boost|p2a: Carvy|spe|1
|turn|3
|choice|move highjumpkick|move aquajet
|
|move|p2a: Carvy|Aqua Jet|p1a: Mienfoo
|-damage|p1a: Mienfoo|0 fnt
|faint|p1a: Mienfoo
|
|-end|p2a: Carvy|move: Taunt
|-ability|p2a: Carvy|Speed Boost|boost
|-boost|p2a: Carvy|spe|1
|choice|switch 3|
|
|switch|p1a: Foongus|Foongus, L5, M|25\/25
|turn|4
|choice|move spore|move crunch
|
|move|p2a: Carvy|Crunch|p1a: Foongus
|-crit|p1a: Foongus
|-damage|p1a: Foongus|10\/25
|move|p1a: Foongus|Spore|p2a: Carvy
|-status|p2a: Carvy|slp
|
|-ability|p2a: Carvy|Speed Boost|boost
|-boost|p2a: Carvy|spe|1
|turn|5
|choice|move gigadrain|move crunch
|
|cant|p2a: Carvy|slp
|move|p1a: Foongus|Giga Drain|p2a: Carvy
|-supereffective|p2a: Carvy
|-damage|p2a: Carvy|0 fnt
|-heal|p1a: Foongus|17\/25|[from] drain|[of] p2a: Carvy
|faint|p2a: Carvy
|
|choice||switch 5
|
|switch|p2a: Foongy|Foongus, L5, M, shiny|23\/23
|turn|6
|choice|switch 6|move sludgebomb
|
|switch|p1a: Ponyta|Ponyta, L5, F, shiny|21\/21
|move|p2a: Foongy|Sludge Bomb|p1a: Ponyta
|-damage|p1a: Ponyta|12\/21
|-status|p1a: Ponyta|psn
|
|-damage|p1a: Ponyta|10\/21 psn|[from] psn
|turn|7
|choice|move sunnyday|switch 4
|
|switch|p2a: Stunky|Stunky, L5, M, shiny|25\/25
|move|p1a: Ponyta|Sunny Day|p1a: Ponyta
|-weather|SunnyDay
|
|-weather|SunnyDay|[upkeep]
|-damage|p1a: Ponyta|8\/21 psn|[from] psn
|turn|8
|choice|move morningsun|move suckerpunch
|
|move|p2a: Stunky|Sucker Punch|p1a: Ponyta|[still]
|-fail|p2a: Stunky
|move|p1a: Ponyta|Morning Sun|p1a: Ponyta
|-heal|p1a: Ponyta|21\/21 psn
|
|-weather|SunnyDay|[upkeep]
|-damage|p1a: Ponyta|19\/21 psn|[from] psn
|turn|9
|choice|move flareblitz|move taunt
|
|move|p1a: Ponyta|Flare Blitz|p2a: Stunky
|-damage|p2a: Stunky|6\/25
|-damage|p1a: Ponyta|13\/21 psn|[from] recoil|[of] p2a: Stunky
|move|p2a: Stunky|Taunt|p1a: Ponyta
|-start|p1a: Ponyta|move: Taunt
|
|-weather|SunnyDay|[upkeep]
|-damage|p1a: Ponyta|11\/21 psn|[from] psn
|turn|10
|choice|switch 6|move suckerpunch
|
|switch|p1a: Foongus|Foongus, L5, M|25\/25
|move|p2a: Stunky|Sucker Punch|p1a: Foongus|[still]
|-fail|p2a: Stunky
|
|-weather|SunnyDay|[upkeep]
|turn|11
|choice|move spore|move fireblast
|
|move|p2a: Stunky|Fire Blast|p1a: Foongus|[miss]
|-miss|p2a: Stunky|p1a: Foongus
|move|p1a: Foongus|Spore|p2a: Stunky
|-status|p2a: Stunky|slp
|
|-weather|none
|turn|12
|choice|move gigadrain|switch 6
|
|switch|p2a: Fletchy|Fletchling, L5, M, shiny|21\/21
|move|p1a: Foongus|Giga Drain|p2a: Fletchy
|-resisted|p2a: Fletchy
|-damage|p2a: Fletchy|16\/21
|
|turn|13
|choice|switch 2|move acrobatics
|
|switch|p1a: Tirtouga|Tirtouga, L5, F|23\/23
|move|p2a: Fletchy|Acrobatics|p1a: Tirtouga
|-resisted|p1a: Tirtouga
|-damage|p1a: Tirtouga|20\/23
|
|turn|14
|choice|move stoneedge|move uturn
|
|move|p2a: Fletchy|U-turn|p1a: Tirtouga
|-damage|p1a: Tirtouga|16\/23
|choice||switch 2
|
|switch|p2a: Timby|Timburr, L5, M, shiny|25\/25
|move|p1a: Tirtouga|Stone Edge|p2a: Timby
|-resisted|p2a: Timby
|-damage|p2a: Timby|20\/25
|
|turn|15
|choice|move scald|move bulkup
|
|move|p2a: Timby|Bulk Up|p2a: Timby
|-boost|p2a: Timby|atk|1
|-boost|p2a: Timby|def|1
|move|p1a: Tirtouga|Scald|p2a: Timby
|-damage|p2a: Timby|13\/25
|
|turn|16
|choice|switch 4|move drainpunch
|
|switch|p1a: Honedge|Honedge, L5, F, shiny|22\/22
|move|p2a: Timby|Drain Punch|p1a: Honedge
|-immune|p1a: Honedge|[msg]
|
|turn|17
|choice|move ironhead|move knockoff
|
|move|p2a: Timby|Knock Off|p1a: Honedge
|-supereffective|p1a: Honedge
|-damage|p1a: Honedge|4\/22
|-enditem|p1a: Honedge|Eviolite|[from] move: Knock Off|[of] p2a: Timby
|move|p1a: Honedge|Iron Head|p2a: Timby
|-damage|p2a: Timby|7\/25
|
|turn|18
|choice|switch 4|move knockoff
|
|switch|p1a: Tirtouga|Tirtouga, L5, F|16\/23
|move|p2a: Timby|Knock Off|p1a: Tirtouga
|-crit|p1a: Tirtouga
|-damage|p1a: Tirtouga|6\/23
|-enditem|p1a: Tirtouga|Eviolite|[from] move: Knock Off|[of] p2a: Timby
|
|turn|19
|choice|move scald|move drainpunch
|
|move|p2a: Timby|Drain Punch|p1a: Tirtouga
|-supereffective|p1a: Tirtouga
|-damage|p1a: Tirtouga|0 fnt
|-heal|p2a: Timby|10\/25|[from] drain|[of] p1a: Tirtouga
|faint|p1a: Tirtouga
|
|choice|switch 5|
|
|switch|p1a: Drilbur|Drilbur, L5, F|23\/23
|-ability|p1a: Drilbur|Mold Breaker
|turn|20
|choice|move swordsdance|move drainpunch
|
|move|p1a: Drilbur|Swords Dance|p1a: Drilbur
|-boost|p1a: Drilbur|atk|2
|move|p2a: Timby|Drain Punch|p1a: Drilbur
|-damage|p1a: Drilbur|7\/23
|-heal|p2a: Timby|18\/25|[from] drain|[of] p1a: Drilbur
|
|turn|21
|choice|move earthquake|move machpunch
|
|move|p2a: Timby|Mach Punch|p1a: Drilbur
|-crit|p1a: Drilbur
|-damage|p1a: Drilbur|0 fnt
|faint|p1a: Drilbur
|
|choice|switch 6|
|
|switch|p1a: Ponyta|Ponyta, L5, F, shiny|11\/21 psn
|turn|22
|choice|move flareblitz|move drainpunch
|
|move|p1a: Ponyta|Flare Blitz|p2a: Timby
|-damage|p2a: Timby|9\/25
|-status|p2a: Timby|brn
|-damage|p1a: Ponyta|8\/21 psn|[from] recoil|[of] p2a: Timby
|move|p2a: Timby|Drain Punch|p1a: Ponyta
|-damage|p1a: Ponyta|0 fnt
|-heal|p2a: Timby|13\/25 brn|[from] drain|[of] p1a: Ponyta
|faint|p1a: Ponyta
|
|-damage|p2a: Timby|10\/25 brn|[from] brn
|choice|switch 2|
|
|switch|p1a: Foongus|Foongus, L5, M|25\/25
|turn|23
|choice|move sludgebomb|move knockoff
|
|move|p2a: Timby|Knock Off|p1a: Foongus
|-damage|p1a: Foongus|11\/25
|-enditem|p1a: Foongus|Eviolite|[from] move: Knock Off|[of] p2a: Timby
|move|p1a: Foongus|Sludge Bomb|p2a: Timby
|-damage|p2a: Timby|3\/25 brn
|
|-damage|p2a: Timby|0 fnt|[from] brn
|faint|p2a: Timby
|choice||switch 2
|
|switch|p2a: Fletchy|Fletchling, L5, M, shiny|16\/21
|turn|24
|choice|switch 4|move acrobatics
|
|switch|p1a: Honedge|Honedge, L5, F, shiny|4\/22
|move|p2a: Fletchy|Acrobatics|p1a: Honedge
|-resisted|p1a: Honedge
|-damage|p1a: Honedge|0 fnt
|faint|p1a: Honedge
|
|choice|switch 4|
|
|switch|p1a: Foongus|Foongus, L5, M|19\/25
|turn|25
|choice|move sludgebomb|move acrobatics
|
|move|p2a: Fletchy|Acrobatics|p1a: Foongus
|-supereffective|p1a: Foongus
|-damage|p1a: Foongus|0 fnt
|faint|p1a: Foongus
|
|win|Only Eat Tacos
|player|p1
|player|p2
|l|bludysword94</script>
</div>
<div class="battle-log battle-log-inline"><div class="inner"><div class="battle-options"></div><div class="inner"><div class="chat"><small>bludysword94 joined.</small></div><div class="chat"><small>Only Eat Tacos joined.</small></div><div class=""><small>Format:</small> <br><strong>LC</strong></div><div class="rated"><strong>Rated battle</strong></div><div class=""><small><em>Sleep Clause Mod:</em> Limit one foe put to sleep</small></div><div class=""><small><em>Species Clause:</em> Limit one of each Pokémon</small></div><div class=""><small><em>OHKO Clause:</em> OHKO moves are banned</small></div><div class=""><small><em>Moody Clause:</em> Moody is banned</small></div><div class=""><small><em>Evasion Moves Clause:</em> Evasion moves are banned</small></div><div class=""><small><em>Endless Battle Clause:</em> Forcing endless battles is banned</small></div><div class=""><small><em>HP Percentage Mod:</em> HP is shown in percentages</small></div><div class="chat battle-history"><strong>bludysword94's team:</strong> <em style="color:#445566;display:block;">Ponyta / Tirtouga / Foongus / Honedge / Drilbur / Mienfoo</em></div><div class="chat battle-history"><strong>Only Eat Tacos's team:</strong> <em style="color:#445566;display:block;">Stunky / Timburr / Snubbull / Carvanha / Foongus / Fletchling</em></div><div class="spacer battle-history"><br></div><div class="battle-history">Battle started between bludysword94 and Only Eat Tacos!<br></div><div class="spacer battle-history"><br></div><div class="battle-history">Go! <strong>Mienfoo</strong>!<br></div><div class="spacer battle-history"><br></div><div class="battle-history">Only Eat Tacos sent out Carvy (<strong>Carvanha</strong>)!<br></div><div class="spacer battle-history"><br></div><h2 class="battle-history">Turn 1</h2><div class="spacer battle-history"><br></div><div class="battle-history">Mienfoo used <strong>Taunt</strong>!<br></div><div class="battle-history"><small>The opposing Carvy fell for the taunt!</small><br></div><div class="spacer battle-history"><br></div><div class="battle-history">The opposing Carvy used <strong>Waterfall</strong>!<br></div><div class="battle-history"><small>(Mienfoo lost <abbr title="−9/21">42.9%</abbr> of its health!)</small><br></div><div class="spacer battle-history"><br></div><div class="battle-history"><small>[The opposing Carvy's Speed Boost]</small><br></div><div class="battle-history"><small>The opposing Carvy's Speed rose!</small><br></div><div class="spacer battle-history"><br></div><h2 class="battle-history">Turn 2</h2><div class="spacer battle-history"><br></div><div class="battle-history">The opposing Carvy used <strong>Waterfall</strong>!<br></div><div class="battle-history"><small>(Mienfoo lost <abbr title="−9/21">42.9%</abbr> of its health!)</small><br></div><div class="spacer battle-history"><br></div><div class="battle-history">Mienfoo used <strong>Knock Off</strong>!<br></div><div class="battle-history"><small>It's not very effective...</small><br></div><div class="battle-history"><small>(The opposing Carvy lost <abbr title="−7/21">33.3%</abbr> of its health!)</small><br></div><div class="battle-history"><small>Mienfoo knocked off the opposing Carvy's Focus Sash!</small><br></div><div class="spacer battle-history"><br></div><div class="battle-history"><small>[The opposing Carvy's Speed Boost]</small><br></div><div class="battle-history"><small>The opposing Carvy's Speed rose!</small><br></div><div class="spacer battle-history"><br></div><h2 class="battle-history">Turn 3</h2><div class="spacer battle-history"><br></div><div class="battle-history">The opposing Carvy used <strong>Aqua Jet</strong>!<br></div><div class="battle-history"><small>(Mienfoo lost <abbr title="−3/21">14.3%</abbr> of its health!)</small><br></div><div class="spacer battle-history"><br></div><div class="battle-history">Mienfoo fainted!<br></div><div class="spacer battle-history"><br></div><div class="battle-history"><small>The opposing Carvy's taunt wore off!</small><br></div><div class="battle-history"><small>[The opposing Carvy's Speed Boost]</small><br></div><div class="battle-history"><small>The opposing Carvy's Speed rose!</small><br></div><div class="spacer battle-history"><br></div><div class="battle-history">Go! <strong>Foongus</strong>!<br></div><div class="spacer battle-history"><br></div><h2 class="battle-history">Turn 4</h2><div class="spacer battle-history"><br></div><div class="battle-history">The opposing Carvy used <strong>Crunch</strong>!<br></div><div class="battle-history"><small>A critical hit!</small><br></div><div class="battle-history"><small>(Foongus lost <abbr title="−15/25">60%</abbr> of its health!)</small><br></div><div class="spacer battle-history"><br></div><div class="battle-history">Foongus used <strong>Spore</strong>!<br></div><div class="battle-history"><small>The opposing Carvy fell asleep!</small><br></div><div class="spacer battle-history"><br></div><div class="battle-history"><small>[The opposing Carvy's Speed Boost]</small><br></div><div class="battle-history"><small>The opposing Carvy's Speed rose!</small><br></div><div class="spacer battle-history"><br></div><h2 class="battle-history">Turn 5</h2><div class="spacer battle-history"><br></div><div class="battle-history">The opposing Carvy is fast asleep.<br></div><div class="spacer battle-history"><br></div><div class="battle-history">Foongus used <strong>Giga Drain</strong>!<br></div><div class="battle-history"><small>It's super effective!</small><br></div><div class="battle-history"><small>(The opposing Carvy lost <abbr title="−14/21">66.7%</abbr> of its health!)</small><br></div><div class="battle-history"><small>The opposing Carvy had its energy drained!</small><br></div><div class="spacer battle-history"><br></div><div class="battle-history">The opposing Carvy fainted!<br></div><div class="spacer battle-history"><br></div><div class="battle-history">Only Eat Tacos sent out Foongy (<strong>Foongus</strong>)!<br></div><div class="spacer battle-history"><br></div><h2 class="battle-history">Turn 6</h2><div class="spacer battle-history"><br></div><div class="battle-history">Foongus, come back!<br></div><div class="battle-history">Go! <strong>Ponyta</strong>!<br></div><div class="spacer battle-history"><br></div><div class="battle-history">The opposing Foongy used <strong>Sludge Bomb</strong>!<br></div><div class="battle-history"><small>(Ponyta lost <abbr title="−9/21">42.9%</abbr> of its health!)</small><br></div><div class="battle-history"><small>Ponyta was poisoned!</small><br></div><div class="spacer battle-history"><br></div><div class="battle-history"><small>Ponyta was hurt by poison!</small><br></div><div class="spacer battle-history"><br></div><h2 class="battle-history">Turn 7</h2><div class="spacer battle-history"><br></div><div class="battle-history">Only Eat Tacos withdrew Foongy!<br></div><div class="battle-history">Only Eat Tacos sent out <strong>Stunky</strong>!<br></div><div class="spacer battle-history"><br></div><div class="battle-history">Ponyta used <strong>Sunny Day</strong>!<br></div><div class="battle-history"><small>The sunlight turned harsh!</small><br></div><div class="spacer battle-history"><br></div><div class="battle-history"><small>(The sunlight is strong!)</small><br></div><div class="battle-history"><small>Ponyta was hurt by poison!</small><br></div><div class="spacer battle-history"><br></div><h2 class="battle-history">Turn 8</h2><div class="spacer battle-history"><br></div><div class="battle-history">The opposing Stunky used <strong>Sucker Punch</strong>!<br></div><div class="battle-history"><small>But it failed!</small><br></div><div class="spacer battle-history"><br></div><div class="battle-history">Ponyta used <strong>Morning Sun</strong>!<br></div><div class="battle-history"><small>Ponyta restored its HP.</small><br></div><div class="spacer battle-history"><br></div><div class="battle-history"><small>(The sunlight is strong!)</small><br></div><div class="battle-history"><small>Ponyta was hurt by poison!</small><br></div><div class="spacer battle-history"><br></div><h2 class="battle-history">Turn 9</h2><div class="spacer battle-history"><br></div><div class="battle-history">Ponyta used <strong>Flare Blitz</strong>!<br></div><div class="battle-history"><small>(The opposing Stunky lost <abbr title="−19/25">76%</abbr> of its health!)</small><br></div><div class="battle-history"><small>Ponyta is damaged by the recoil!</small><br></div><div class="spacer battle-history"><br></div><div class="battle-history">The opposing Stunky used <strong>Taunt</strong>!<br></div><div class="battle-history"><small>Ponyta fell for the taunt!</small><br></div><div class="spacer battle-history"><br></div><div class="battle-history"><small>(The sunlight is strong!)</small><br></div><div class="battle-history"><small>Ponyta was hurt by poison!</small><br></div><div class="spacer battle-history"><br></div><h2 class="battle-history">Turn 10</h2><div class="spacer battle-history"><br></div><div class="battle-history">Ponyta, come back!<br></div><div class="battle-history">Go! <strong>Foongus</strong>!<br></div><div class="spacer battle-history"><br></div><div class="battle-history">The opposing Stunky used <strong>Sucker Punch</strong>!<br></div><div class="battle-history"><small>But it failed!</small><br></div><div class="spacer battle-history"><br></div><div class="battle-history"><small>(The sunlight is strong!)</small><br></div><div class="spacer battle-history"><br></div><h2 class="battle-history">Turn 11</h2><div class="spacer battle-history"><br></div><div class="battle-history">The opposing Stunky used <strong>Fire Blast</strong>!<br></div><div class="battle-history"><small>Foongus avoided the attack!</small><br></div><div class="spacer battle-history"><br></div><div class="battle-history">Foongus used <strong>Spore</strong>!<br></div><div class="battle-history"><small>The opposing Stunky fell asleep!</small><br></div><div class="spacer battle-history"><br></div><div class="battle-history"><small>The sunlight faded.</small><br></div><div class="spacer battle-history"><br></div><h2 class="battle-history">Turn 12</h2><div class="spacer battle-history"><br></div><div class="battle-history">Only Eat Tacos withdrew Stunky!<br></div><div class="battle-history">Only Eat Tacos sent out Fletchy (<strong>Fletchling</strong>)!<br></div><div class="spacer battle-history"><br></div><div class="battle-history">Foongus used <strong>Giga Drain</strong>!<br></div><div class="battle-history"><small>It's not very effective...</small><br></div><div class="battle-history"><small>(The opposing Fletchy lost <abbr title="−5/21">23.8%</abbr> of its health!)</small><br></div><div class="spacer battle-history"><br></div><h2 class="battle-history">Turn 13</h2><div class="spacer battle-history"><br></div><div class="battle-history">Foongus, come back!<br></div><div class="battle-history">Go! <strong>Tirtouga</strong>!<br></div><div class="spacer battle-history"><br></div><div class="battle-history">The opposing Fletchy used <strong>Acrobatics</strong>!<br></div><div class="battle-history"><small>It's not very effective...</small><br></div><div class="battle-history"><small>(Tirtouga lost <abbr title="−3/23">13.0%</abbr> of its health!)</small><br></div><div class="spacer battle-history"><br></div><h2 class="battle-history">Turn 14</h2><div class="spacer battle-history"><br></div><div class="battle-history">The opposing Fletchy used <strong>U-turn</strong>!<br></div><div class="battle-history"><small>(Tirtouga lost <abbr title="−4/23">17.4%</abbr> of its health!)</small><br></div><div class="spacer battle-history"><br></div><div class="battle-history">The opposing Fletchy went back to Only Eat Tacos!<br></div><div class="battle-history">Only Eat Tacos sent out Timby (<strong>Timburr</strong>)!<br></div><div class="spacer battle-history"><br></div><div class="battle-history">Tirtouga used <strong>Stone Edge</strong>!<br></div><div class="battle-history"><small>It's not very effective...</small><br></div><div class="battle-history"><small>(The opposing Timby lost <abbr title="−5/25">20%</abbr> of its health!)</small><br></div><div class="spacer battle-history"><br></div><h2 class="battle-history">Turn 15</h2><div class="spacer battle-history"><br></div><div class="battle-history">The opposing Timby used <strong>Bulk Up</strong>!<br></div><div class="battle-history"><small>The opposing Timby's Attack rose!</small><br></div><div class="battle-history"><small>The opposing Timby's Defense rose!</small><br></div><div class="spacer battle-history"><br></div><div class="battle-history">Tirtouga used <strong>Scald</strong>!<br></div><div class="battle-history"><small>(The opposing Timby lost <abbr title="−7/25">28.0%</abbr> of its health!)</small><br></div><div class="spacer battle-history"><br></div><h2 class="battle-history">Turn 16</h2><div class="spacer battle-history"><br></div><div class="battle-history">Tirtouga, come back!<br></div><div class="battle-history">Go! <strong>Honedge</strong>!<br></div><div class="spacer battle-history"><br></div><div class="battle-history">The opposing Timby used <strong>Drain Punch</strong>!<br></div><div class="battle-history"><small>It doesn't affect Honedge...</small><br></div><div class="spacer battle-history"><br></div><h2 class="battle-history">Turn 17</h2><div class="spacer battle-history"><br></div><div class="battle-history">The opposing Timby used <strong>Knock Off</strong>!<br></div><div class="battle-history"><small>It's super effective!</small><br></div><div class="battle-history"><small>(Honedge lost <abbr title="−18/22">81.8%</abbr> of its health!)</small><br></div><div class="battle-history"><small>The opposing Timby knocked off Honedge's Eviolite!</small><br></div><div class="spacer battle-history"><br></div><div class="battle-history">Honedge used <strong>Iron Head</strong>!<br></div><div class="battle-history"><small>(The opposing Timby lost <abbr title="−6/25">24%</abbr> of its health!)</small><br></div><div class="spacer battle-history"><br></div><h2 class="battle-history">Turn 18</h2><div class="spacer battle-history"><br></div><div class="battle-history">Honedge, come back!<br></div><div class="battle-history">Go! <strong>Tirtouga</strong>!<br></div><div class="spacer battle-history"><br></div><div class="battle-history">The opposing Timby used <strong>Knock Off</strong>!<br></div><div class="battle-history"><small>A critical hit!</small><br></div><div class="battle-history"><small>(Tirtouga lost <abbr title="−10/23">43.5%</abbr> of its health!)</small><br></div><div class="battle-history"><small>The opposing Timby knocked off Tirtouga's Eviolite!</small><br></div><div class="spacer battle-history"><br></div><h2 class="battle-history">Turn 19</h2><div class="spacer battle-history"><br></div><div class="battle-history">The opposing Timby used <strong>Drain Punch</strong>!<br></div><div class="battle-history"><small>It's super effective!</small><br></div><div class="battle-history"><small>(Tirtouga lost <abbr title="−6/23">26.1%</abbr> of its health!)</small><br></div><div class="battle-history"><small>Tirtouga had its energy drained!</small><br></div><div class="spacer battle-history"><br></div><div class="battle-history">Tirtouga fainted!<br></div><div class="spacer battle-history"><br></div><div class="battle-history">Go! <strong>Drilbur</strong>!<br></div><div class="battle-history"><small>[Drilbur's Mold Breaker]</small><br><small>Drilbur breaks the mold!</small><br></div><div class="spacer battle-history"><br></div><h2 class="battle-history">Turn 20</h2><div class="spacer battle-history"><br></div><div class="battle-history">Drilbur used <strong>Swords Dance</strong>!<br></div><div class="battle-history"><small>Drilbur's Attack rose sharply!</small><br></div><div class="spacer battle-history"><br></div><div class="battle-history">The opposing Timby used <strong>Drain Punch</strong>!<br></div><div class="battle-history"><small>(Drilbur lost <abbr title="−16/23">69.6%</abbr> of its health!)</small><br></div><div class="battle-history"><small>Drilbur had its energy drained!</small><br></div><div class="spacer battle-history"><br></div><h2 class="battle-history">Turn 21</h2><div class="spacer battle-history"><br></div><div class="battle-history">The opposing Timby used <strong>Mach Punch</strong>!<br></div><div class="battle-history"><small>A critical hit!</small><br></div><div class="battle-history"><small>(Drilbur lost <abbr title="−7/23">30.4%</abbr> of its health!)</small><br></div><div class="spacer battle-history"><br></div><div class="battle-history">Drilbur fainted!<br></div><div class="spacer battle-history"><br></div><div class="battle-history">Go! <strong>Ponyta</strong>!<br></div><div class="spacer battle-history"><br></div><h2 class="battle-history">Turn 22</h2><div class="spacer battle-history"><br></div><div class="battle-history">Ponyta used <strong>Flare Blitz</strong>!<br></div><div class="battle-history"><small>(The opposing Timby lost <abbr title="−9/25">36%</abbr> of its health!)</small><br></div><div class="battle-history"><small>The opposing Timby was burned!</small><br></div><div class="battle-history"><small>Ponyta is damaged by the recoil!</small><br></div><div class="spacer battle-history"><br></div><div class="battle-history">The opposing Timby used <strong>Drain Punch</strong>!<br></div><div class="battle-history"><small>(Ponyta lost <abbr title="−8/21">38.1%</abbr> of its health!)</small><br></div><div class="battle-history"><small>Ponyta had its energy drained!</small><br></div><div class="spacer battle-history"><br></div><div class="battle-history">Ponyta fainted!<br></div><div class="spacer battle-history"><br></div><div class="battle-history"><small>The opposing Timby was hurt by its burn!</small><br></div><div class="spacer battle-history"><br></div><div class="battle-history">Go! <strong>Foongus</strong>!<br></div><div class="spacer battle-history"><br></div><h2 class="battle-history">Turn 23</h2><div class="spacer battle-history"><br></div><div class="battle-history">The opposing Timby used <strong>Knock Off</strong>!<br></div><div class="battle-history"><small>(Foongus lost <abbr title="−14/25">56.0%</abbr> of its health!)</small><br></div><div class="battle-history"><small>The opposing Timby knocked off Foongus's Eviolite!</small><br></div><div class="spacer battle-history"><br></div><div class="battle-history">Foongus used <strong>Sludge Bomb</strong>!<br></div><div class="battle-history"><small>(The opposing Timby lost <abbr title="−7/25">28.0%</abbr> of its health!)</small><br></div><div class="spacer battle-history"><br></div><div class="battle-history"><small>The opposing Timby was hurt by its burn!</small><br></div><div class="spacer battle-history"><br></div><div class="battle-history">The opposing Timby fainted!<br></div><div class="spacer battle-history"><br></div><div class="battle-history">Only Eat Tacos sent out Fletchy (<strong>Fletchling</strong>)!<br></div><div class="spacer battle-history"><br></div><h2 class="battle-history">Turn 24</h2><div class="spacer battle-history"><br></div><div class="battle-history">Foongus, come back!<br></div><div class="battle-history">Go! <strong>Honedge</strong>!<br></div><div class="spacer battle-history"><br></div><div class="battle-history">The opposing Fletchy used <strong>Acrobatics</strong>!<br></div><div class="battle-history"><small>It's not very effective...</small><br></div><div class="battle-history"><small>(Honedge lost <abbr title="−4/22">18.2%</abbr> of its health!)</small><br></div><div class="spacer battle-history"><br></div><div class="battle-history">Honedge fainted!<br></div><div class="spacer battle-history"><br></div><div class="battle-history">Go! <strong>Foongus</strong>!<br></div><div class="spacer battle-history"><br></div><h2 class="battle-history">Turn 25</h2><div class="spacer battle-history"><br></div><div class="battle-history">The opposing Fletchy used <strong>Acrobatics</strong>!<br></div><div class="battle-history"><small>It's super effective!</small><br></div><div class="battle-history"><small>(Foongus lost <abbr title="−19/25">76%</abbr> of its health!)</small><br></div><div class="spacer battle-history"><br></div><div class="battle-history">Foongus fainted!<br></div><div class="spacer battle-history"><br></div><div class="battle-history"><strong>Only Eat Tacos</strong> won the battle!<br></div><div class="chat"><small>bludysword94 left.</small></div></div><div class="inner-preempt"></div></div></div>
</div>
<script>
let daily = Math.floor(Date.now()/1000/60/60/24);document.write('<script src="https://play.pokemonshowdown.com/js/replay-embed.js?version'+daily+'"></'+'script>');
</script>
