<!DOCTYPE html>
<meta charset="utf-8" />
<!-- version 1 -->
<title>LC replay: Hiper mystery vs. Hidrey</title>
<style>
html,body {font-family:Verdana, sans-serif;font-size:10pt;margin:0;padding:0;}body{padding:12px 0;} .battle-log {font-family:Verdana, sans-serif;font-size:10pt;} .battle-log-inline {border:1px solid #AAAAAA;background:#EEF2F5;color:black;max-width:640px;margin:0 auto 80px;padding-bottom:5px;} .battle-log .inner {padding:4px 8px 0px 8px;} .battle-log .inner-preempt {padding:0 8px 4px 8px;} .battle-log .inner-after {margin-top:0.5em;} .battle-log h2 {margin:0.5em -8px;padding:4px 8px;border:1px solid #AAAAAA;background:#E0E7EA;border-left:0;border-right:0;font-family:Verdana, sans-serif;font-size:13pt;} .battle-log .chat {vertical-align:middle;padding:3px 0 3px 0;font-size:8pt;} .battle-log .chat strong {color:#40576A;} .battle-log .chat em {padding:1px 4px 1px 3px;color:#000000;font-style:normal;} .chat.mine {background:rgba(0,0,0,0.05);margin-left:-8px;margin-right:-8px;padding-left:8px;padding-right:8px;} .spoiler {color:#BBBBBB;background:#BBBBBB;padding:0px 3px;} .spoiler:hover, .spoiler:active, .spoiler-shown {color:#000000;background:#E2E2E2;padding:0px 3px;} .spoiler a {color:#BBBBBB;} .spoiler:hover a, .spoiler:active a, .spoiler-shown a {color:#2288CC;} .chat code, .chat .spoiler:hover code, .chat .spoiler:active code, .chat .spoiler-shown code {border:1px solid #C0C0C0;background:#EEEEEE;color:black;padding:0 2px;} .chat .spoiler code {border:1px solid #CCCCCC;background:#CCCCCC;color:#CCCCCC;} .battle-log .rated {padding:3px 4px;} .battle-log .rated strong {color:white;background:#89A;padding:1px 4px;border-radius:4px;} .spacer {margin-top:0.5em;} .message-announce {background:#6688AA;color:white;padding:1px 4px 2px;} .message-announce a, .broadcast-green a, .broadcast-blue a, .broadcast-red a {color:#DDEEFF;} .broadcast-green {background-color:#559955;color:white;padding:2px 4px;} .broadcast-blue {background-color:#6688AA;color:white;padding:2px 4px;} .infobox {border:1px solid #6688AA;padding:2px 4px;} .infobox-limited {max-height:200px;overflow:auto;overflow-x:hidden;} .broadcast-red {background-color:#AA5544;color:white;padding:2px 4px;} .message-learn-canlearn {font-weight:bold;color:#228822;text-decoration:underline;} .message-learn-cannotlearn {font-weight:bold;color:#CC2222;text-decoration:underline;} .message-effect-weak {font-weight:bold;color:#CC2222;} .message-effect-resist {font-weight:bold;color:#6688AA;} .message-effect-immune {font-weight:bold;color:#666666;} .message-learn-list {margin-top:0;margin-bottom:0;} .message-throttle-notice, .message-error {color:#992222;} .message-overflow, .chat small.message-overflow {font-size:0pt;} .message-overflow::before {font-size:9pt;content:'...';} .subtle {color:#3A4A66;}
</style>
<div class="wrapper replay-wrapper" style="max-width:1180px;margin:0 auto">
<input type="hidden" name="replayid" value="destiny-lc-175634" />
<div class="battle"></div><div class="battle-log"></div><div class="replay-controls"></div><div class="replay-controls-2"></div>
<h1 style="font-weight:normal;text-align:center"><strong>LC</strong><br /><a href="http://pokemonshowdown.com/users/hipermystery" class="subtle" target="_blank">Hiper mystery</a> vs. <a href="http://pokemonshowdown.com/users/hidrey" class="subtle" target="_blank">Hidrey</a></h1>
<script type="text/plain" class="battle-log-data">|j|Hiper mystery
|j|Hidrey
|unlink|||tour
|player|p1|Hiper mystery|265
|player|p2|Hidrey|hidrey.gif?d92f7b89
|gametype|singles
|gen|7
|tier|LC
|seed|10201,57050,410,28713
|rule|Cláusula de Contoneo: se prohibe el uso de Contoneo
|clearpoke
|poke|p1|Scraggy, L5, M|item
|poke|p1|Timburr, L5, F|item
|poke|p1|Croagunk, L5, F|item
|poke|p1|Magnemite, L5|item
|poke|p1|Archen, L5, M|item
|poke|p1|Pawniard, L5, F|item
|poke|p2|Vulpix-Alola, L5, F|item
|poke|p2|Sandshrew-Alola, L5, F|item
|poke|p2|Vullaby, L5, F|item
|poke|p2|Gastly, L5, F|item
|poke|p2|Drilbur, L5, M|item
|poke|p2|Cottonee, L5, M|item
|rule|Cláusula-Mod de Dormir: solo puedes dormir a uno de tus oponentes a la vez.
|rule|Cláusula de Especie: Hasta un Pokémon de cada especie
|rule|Cláusula de Golpe Fulminante: los movimientos fulminantes (OHKO) estan prohibidos
|rule|Cláusula de Moody: la habilidad Moody está prohibida
|rule|Cláusula de Movimientos Evasivos: los movimientos de evasion estan prohibidos
|rule|Cláusula de Batallas Eternas: forzar batallas eternas está prohibido
|teampreview
|choice|*team 213456|*
|j|TheWorstNumberOne
|choice|*|*team 523416
|choice|team 2, team 1, team 3, team 4, team 5, team 6|team 5, team 2, team 3, team 4, team 1, team 6
|
|start
|switch|p1a: Timburr|Timburr, L5, F|25\/25
|switch|p2a: Drilbur|Drilbur, L5, M|23\/23
|-ability|p2a: Drilbur|Mold Breaker
|turn|1
|choice|*|*move 4
|choice|*move 3|*
|choice|move knockoff|move stealthrock
|
|move|p2a: Drilbur|Stealth Rock|p1a: Timburr
|-sidestart|p1: Hiper mystery|move: Stealth Rock
|move|p1a: Timburr|Knock Off|p2a: Drilbur
|-damage|p2a: Drilbur|10\/23
|-enditem|p2a: Drilbur|Berry Juice|[from] move: Knock Off|[of] p1a: Timburr
|
|upkeep
|turn|2
|choice|*|*move 1
|choice|*move 2|*
|choice|move machpunch|move earthquake
|
|move|p1a: Timburr|Mach Punch|p2a: Drilbur
|-damage|p2a: Drilbur|1\/23
|move|p2a: Drilbur|Earthquake|p1a: Timburr
|-damage|p1a: Timburr|15\/25
|
|upkeep
|turn|3
|choice|*|*move 1
|choice|*|*undo
|choice|*|*move 1
|j|Durazno!~♡
|choice|*move 2|*
|choice|move machpunch|move earthquake
|
|move|p1a: Timburr|Mach Punch|p2a: Drilbur
|-crit|p2a: Drilbur
|-damage|p2a: Drilbur|0 fnt
|faint|p2a: Drilbur
|
|upkeep
|choice|*|*switch 5
|choice||switch 5
|
|switch|p2a: Vulpix|Vulpix-Alola, L5, F|21\/21
|-weather|Hail|[from] ability: Snow Warning|[of] p2a: Vulpix
|turn|4
|choice|*|*move 1
|j|chamoo
|choice|*move 1|*
|choice|move drainpunch|move auroraveil
|
|move|p2a: Vulpix|Aurora Veil|p2a: Vulpix
|-sidestart|p2: Hidrey|move: Aurora Veil
|move|p1a: Timburr|Drain Punch|p2a: Vulpix
|-supereffective|p2a: Vulpix
|-damage|p2a: Vulpix|6\/21
|-heal|p1a: Timburr|23\/25|[from] drain|[of] p2a: Vulpix
|
|-weather|Hail|[upkeep]
|-damage|p1a: Timburr|22\/25|[from] hail
|upkeep
|turn|5
|choice|*|*move 2
|choice|*move 3|*
|choice|move knockoff|move blizzard
|
|move|p2a: Vulpix|Blizzard|p1a: Timburr
|-damage|p1a: Timburr|12\/25
|move|p1a: Timburr|Knock Off|p2a: Vulpix
|-damage|p2a: Vulpix|0 fnt
|-enditem|p2a: Vulpix|Light Clay|[from] move: Knock Off|[of] p1a: Timburr
|faint|p2a: Vulpix
|
|-weather|Hail|[upkeep]
|-damage|p1a: Timburr|11\/25|[from] hail
|upkeep
|l|chamoo
|choice|*|*switch 3
|choice||switch 3
|
|switch|p2a: Vullaby|Vullaby, L5, F|25\/25
|turn|6
|choice|*|*move 1
|choice|*switch 4|*
|choice|switch 4|move nastyplot
|
|switch|p1a: Magnemite|Magnemite, L5|21\/21
|-damage|p1a: Magnemite|20\/21|[from] Stealth Rock
|move|p2a: Vullaby|Nasty Plot|p2a: Vullaby
|-boost|p2a: Vullaby|spa|2
|
|-weather|Hail|[upkeep]
|-damage|p2a: Vullaby|24\/25|[from] hail
|-damage|p1a: Magnemite|19\/21|[from] hail
|upkeep
|turn|7
|choice|*|*move 4
|j|Jowgen
|choice|*move 3|*
|choice|move thunderbolt|move heatwave
|
|move|p2a: Vullaby|Heat Wave|p1a: Magnemite
|-supereffective|p1a: Magnemite
|-damage|p1a: Magnemite|0 fnt
|faint|p1a: Magnemite
|
|-weather|Hail|[upkeep]
|-damage|p2a: Vullaby|23\/25|[from] hail
|upkeep
|j|Nazgrel
|c|☆Hiper mystery|lol
|c| Jowgen|Humilla2
|choice|*switch 6|*
|choice|switch 6|
|
|switch|p1a: Pawniard|Pawniard, L5, F|21\/21
|-damage|p1a: Pawniard|20\/21|[from] Stealth Rock
|turn|8
|choice|*|*move 4
|choice|*move 3|*
|choice|move ironhead|move heatwave
|
|move|p1a: Pawniard|Iron Head|p2a: Vullaby
|-damage|p2a: Vullaby|17\/25
|-ability|p2a: Vullaby|Weak Armor|boost
|-unboost|p2a: Vullaby|def|1
|-boost|p2a: Vullaby|spe|2
|move|p2a: Vullaby|Heat Wave|p1a: Pawniard|[miss]
|-miss|p2a: Vullaby|p1a: Pawniard
|
|-weather|none
|upkeep
|turn|9
|choice|*|*move 4
|c| Jowgen|Ufff
|c|☆Hiper mystery|a lol
|choice|*move 4|*
|choice|move suckerpunch|move heatwave
|
|move|p1a: Pawniard|Sucker Punch|p2a: Vullaby
|-resisted|p2a: Vullaby
|-damage|p2a: Vullaby|14\/25
|-ability|p2a: Vullaby|Weak Armor|boost
|-unboost|p2a: Vullaby|def|1
|-boost|p2a: Vullaby|spe|2
|move|p2a: Vullaby|Heat Wave|p1a: Pawniard
|-supereffective|p1a: Pawniard
|-damage|p1a: Pawniard|0 fnt
|faint|p1a: Pawniard
|
|upkeep
|c|☆Hiper mystery|a no mames
|c| Jowgen|Y tira sucker
|choice|*switch 3|*
|choice|switch 3|
|
|switch|p1a: Croagunk|Croagunk, L5, F|23\/23
|-damage|p1a: Croagunk|22\/23|[from] Stealth Rock
|turn|10
|c| Jowgen|No seras tu
|choice|*|*move 2
|choice|*move 1|*
|choice|move drainpunch|move airslash
|
|move|p2a: Vullaby|Air Slash|p1a: Croagunk
|-supereffective|p1a: Croagunk
|-damage|p1a: Croagunk|0 fnt
|faint|p1a: Croagunk
|
|upkeep
|choice|*switch 2|*
|choice|switch 2|
|
|switch|p1a: Scraggy|Scraggy, L5, M|22\/22
|-damage|p1a: Scraggy|21\/22|[from] Stealth Rock
|turn|11
|c| Jowgen|El que lo swipean?
|c| Jowgen|v:
|choice|*|*move 2
|choice|*move 2|*
|choice|move highjumpkick|move airslash
|
|move|p2a: Vullaby|Air Slash|p1a: Scraggy
|-supereffective|p1a: Scraggy
|-damage|p1a: Scraggy|0 fnt
|faint|p1a: Scraggy
|
|-sideend|p2: Hidrey|move: Aurora Veil
|upkeep
|choice|*switch 4|*
|choice|switch 4|
|
|switch|p1a: Timburr|Timburr, L5, F|11\/25
|-damage|p1a: Timburr|10\/25|[from] Stealth Rock
|turn|12
|choice|*move 2|*
|choice|*|*move 2
|choice|move machpunch|move airslash
|
|move|p1a: Timburr|Mach Punch|p2a: Vullaby
|-damage|p2a: Vullaby|1\/25
|-ability|p2a: Vullaby|Weak Armor|boost
|-unboost|p2a: Vullaby|def|1
|-boost|p2a: Vullaby|spe|2
|-enditem|p2a: Vullaby|Berry Juice
|-heal|p2a: Vullaby|21\/25|[from] item: Berry Juice
|move|p2a: Vullaby|Air Slash|p1a: Timburr
|-supereffective|p1a: Timburr
|-damage|p1a: Timburr|0 fnt
|faint|p1a: Timburr
|
|upkeep
|c|☆Hiper mystery|obv
|choice|*switch 5|*
|choice|switch 5|
|
|switch|p1a: Archen|Archen, L5, M|23\/23
|-damage|p1a: Archen|18\/23|[from] Stealth Rock
|turn|13
|choice|*|*move 3
|choice|*move 4|*
|choice|move stoneedge|move darkpulse
|
|move|p2a: Vullaby|Dark Pulse|p1a: Archen
|-damage|p1a: Archen|0 fnt
|faint|p1a: Archen
|
|win|Hidrey
|player|p1
|player|p2
|l|Jowgen
|l|TheWorstNumberOne</script>
</div>
<div class="battle-log battle-log-inline"><div class="inner"><div class="battle-options"></div><div class="inner"><div class="chat"><small>Hiper mystery joined.</small></div><div class="chat"><small>Hidrey joined.</small></div><div class=""><small>Format:</small> <br><strong>LC</strong></div><div class=""><small><em>Cláusula de Contoneo:</em> se prohibe el uso de Contoneo</small></div><div class=""><small><em>Cláusula-Mod de Dormir:</em> solo puedes dormir a uno de tus oponentes a la vez.</small></div><div class=""><small><em>Cláusula de Especie:</em> Hasta un Pokémon de cada especie</small></div><div class=""><small><em>Cláusula de Golpe Fulminante:</em> los movimientos fulminantes (OHKO) estan prohibidos</small></div><div class=""><small><em>Cláusula de Moody:</em> la habilidad Moody está prohibida</small></div><div class=""><small><em>Cláusula de Movimientos Evasivos:</em> los movimientos de evasion estan prohibidos</small></div><div class=""><small><em>Cláusula de Batallas Eternas:</em> forzar batallas eternas está prohibido</small></div><div class="chat battle-history"><strong>Hiper mystery's team:</strong> <em style="color:#445566;display:block;">Scraggy / Timburr / Croagunk / Magnemite / Archen / Pawniard</em></div><div class="chat battle-history"><strong>Hidrey's team:</strong> <em style="color:#445566;display:block;">Vulpix-Alola / Sandshrew-Alola / Vullaby / Gastly / Drilbur / Cottonee</em></div><div class="chat"><small>TheWorstNumberOne joined.</small></div><div class="spacer battle-history"><br></div><div class="battle-history">Battle started between Hiper mystery and Hidrey!<br></div><div class="spacer battle-history"><br></div><div class="battle-history">Go! <strong>Timburr</strong>!<br></div><div class="spacer battle-history"><br></div><div class="battle-history">Hidrey sent out <strong>Drilbur</strong>!<br></div><div class="battle-history"><small>[The opposing Drilbur's Mold Breaker]</small><br><small>The opposing Drilbur breaks the mold!</small><br></div><div class="spacer battle-history"><br></div><h2 class="battle-history">Turn 1</h2><div class="spacer battle-history"><br></div><div class="battle-history">The opposing Drilbur used <strong>Stealth Rock</strong>!<br></div><div class="battle-history"><small>Pointed stones float in the air around your team!</small><br></div><div class="spacer battle-history"><br></div><div class="battle-history">Timburr used <strong>Knock Off</strong>!<br></div><div class="battle-history"><small>(The opposing Drilbur lost <abbr title="−13/23">56.5%</abbr> of its health!)</small><br></div><div class="battle-history"><small>Timburr knocked off the opposing Drilbur's Berry Juice!</small><br></div><div class="spacer battle-history"><br></div><h2 class="battle-history">Turn 2</h2><div class="spacer battle-history"><br></div><div class="battle-history">Timburr used <strong>Mach Punch</strong>!<br></div><div class="battle-history"><small>(The opposing Drilbur lost <abbr title="−9/23">39.1%</abbr> of its health!)</small><br></div><div class="spacer battle-history"><br></div><div class="battle-history">The opposing Drilbur used <strong>Earthquake</strong>!<br></div><div class="battle-history"><small>(Timburr lost <abbr title="−10/25">40%</abbr> of its health!)</small><br></div><div class="spacer battle-history"><br></div><h2 class="battle-history">Turn 3</h2><div class="chat"><small>Durazno!~♡ joined.</small></div><div class="spacer battle-history"><br></div><div class="battle-history">Timburr used <strong>Mach Punch</strong>!<br></div><div class="battle-history"><small>A critical hit!</small><br></div><div class="battle-history"><small>(The opposing Drilbur lost <abbr title="−1/23">4.3%</abbr> of its health!)</small><br></div><div class="spacer battle-history"><br></div><div class="battle-history">The opposing Drilbur fainted!<br></div><div class="spacer battle-history"><br></div><div class="battle-history">Hidrey sent out Vulpix (<strong>Vulpix-Alola</strong>)!<br></div><div class="battle-history"><small>[The opposing Vulpix's Snow Warning]</small><br><small>It started to hail!</small><br></div><div class="spacer battle-history"><br></div><h2 class="battle-history">Turn 4</h2><div class="chat"><small>chamoo joined.</small></div><div class="spacer battle-history"><br></div><div class="battle-history">The opposing Vulpix used <strong>Aurora Veil</strong>!<br></div><div class="battle-history"><small>Aurora Veil made the opposing team stronger against physical and special moves!</small><br></div><div class="spacer battle-history"><br></div><div class="battle-history">Timburr used <strong>Drain Punch</strong>!<br></div><div class="battle-history"><small>It's super effective!</small><br></div><div class="battle-history"><small>(The opposing Vulpix lost <abbr title="−15/21">71.4%</abbr> of its health!)</small><br></div><div class="battle-history"><small>The opposing Vulpix had its energy drained!</small><br></div><div class="spacer battle-history"><br></div><div class="battle-history"><small>The hail is crashing down.</small><br></div><div class="battle-history"><small>Timburr is buffeted by the hail!</small><br></div><div class="spacer battle-history"><br></div><h2 class="battle-history">Turn 5</h2><div class="spacer battle-history"><br></div><div class="battle-history">The opposing Vulpix used <strong>Blizzard</strong>!<br></div><div class="battle-history"><small>(Timburr lost <abbr title="−10/25">40%</abbr> of its health!)</small><br></div><div class="spacer battle-history"><br></div><div class="battle-history">Timburr used <strong>Knock Off</strong>!<br></div><div class="battle-history"><small>(The opposing Vulpix lost <abbr title="−6/21">28.6%</abbr> of its health!)</small><br></div><div class="battle-history"><small>Timburr knocked off the opposing Vulpix's Light Clay!</small><br></div><div class="spacer battle-history"><br></div><div class="battle-history">The opposing Vulpix fainted!<br></div><div class="spacer battle-history"><br></div><div class="battle-history"><small>The hail is crashing down.</small><br></div><div class="battle-history"><small>Timburr is buffeted by the hail!</small><br></div><div class="chat"><small>chamoo left.</small></div><div class="spacer battle-history"><br></div><div class="battle-history">Hidrey sent out <strong>Vullaby</strong>!<br></div><div class="spacer battle-history"><br></div><h2 class="battle-history">Turn 6</h2><div class="spacer battle-history"><br></div><div class="battle-history">Timburr, come back!<br></div><div class="battle-history">Go! <strong>Magnemite</strong>!<br></div><div class="battle-history"><small>Pointed stones dug into Magnemite!</small><br></div><div class="spacer battle-history"><br></div><div class="battle-history">The opposing Vullaby used <strong>Nasty Plot</strong>!<br></div><div class="battle-history"><small>The opposing Vullaby's Special Attack rose sharply!</small><br></div><div class="spacer battle-history"><br></div><div class="battle-history"><small>The hail is crashing down.</small><br></div><div class="battle-history"><small>The opposing Vullaby is buffeted by the hail!</small><br></div><div class="battle-history"><small>Magnemite is buffeted by the hail!</small><br></div><div class="spacer battle-history"><br></div><h2 class="battle-history">Turn 7</h2><div class="chat"><small>Jowgen joined.</small></div><div class="spacer battle-history"><br></div><div class="battle-history">The opposing Vullaby used <strong>Heat Wave</strong>!<br></div><div class="battle-history"><small>It's super effective!</small><br></div><div class="battle-history"><small>(Magnemite lost <abbr title="−19/21">90.5%</abbr> of its health!)</small><br></div><div class="spacer battle-history"><br></div><div class="battle-history">Magnemite fainted!<br></div><div class="spacer battle-history"><br></div><div class="battle-history"><small>The hail is crashing down.</small><br></div><div class="battle-history"><small>The opposing Vullaby is buffeted by the hail!</small><br></div><div class="chat"><small>Nazgrel joined.</small></div><div class="chat chatmessage-hipermystery"><strong style="color:hsl(281,61%,49%)"><small>☆</small><span class="username" data-name="Hiper mystery">Hiper mystery</span>:</strong> <em>lol</em></div><div class="chat chatmessage-jowgen"><strong style="color:hsl(90,46%,43%)"><small> </small><span class="username" data-name="Jowgen">Jowgen</span>:</strong> <em>Humilla2</em></div><div class="spacer battle-history"><br></div><div class="battle-history">Go! <strong>Pawniard</strong>!<br></div><div class="battle-history"><small>Pointed stones dug into Pawniard!</small><br></div><div class="spacer battle-history"><br></div><h2 class="battle-history">Turn 8</h2><div class="spacer battle-history"><br></div><div class="battle-history">Pawniard used <strong>Iron Head</strong>!<br></div><div class="battle-history"><small>(The opposing Vullaby lost <abbr title="−6/25">24%</abbr> of its health!)</small><br></div><div class="battle-history"><small>[The opposing Vullaby's Weak Armor]</small><br></div><div class="battle-history"><small>The opposing Vullaby's Defense fell!</small><br></div><div class="battle-history"><small>The opposing Vullaby's Speed rose sharply!</small><br></div><div class="spacer battle-history"><br></div><div class="battle-history">The opposing Vullaby used <strong>Heat Wave</strong>!<br></div><div class="battle-history"><small>Pawniard avoided the attack!</small><br></div><div class="spacer battle-history"><br></div><div class="battle-history"><small>The hail stopped.</small><br></div><div class="spacer battle-history"><br></div><h2 class="battle-history">Turn 9</h2><div class="chat chatmessage-jowgen"><strong style="color:hsl(90,46%,43%)"><small> </small><span class="username" data-name="Jowgen">Jowgen</span>:</strong> <em>Ufff</em></div><div class="chat chatmessage-hipermystery"><strong style="color:hsl(281,61%,49%)"><small>☆</small><span class="username" data-name="Hiper mystery">Hiper mystery</span>:</strong> <em>a lol</em></div><div class="spacer battle-history"><br></div><div class="battle-history">Pawniard used <strong>Sucker Punch</strong>!<br></div><div class="battle-history"><small>It's not very effective...</small><br></div><div class="battle-history"><small>(The opposing Vullaby lost <abbr title="−3/25">12%</abbr> of its health!)</small><br></div><div class="battle-history"><small>[The opposing Vullaby's Weak Armor]</small><br></div><div class="battle-history"><small>The opposing Vullaby's Defense fell!</small><br></div><div class="battle-history"><small>The opposing Vullaby's Speed rose sharply!</small><br></div><div class="spacer battle-history"><br></div><div class="battle-history">The opposing Vullaby used <strong>Heat Wave</strong>!<br></div><div class="battle-history"><small>It's super effective!</small><br></div><div class="battle-history"><small>(Pawniard lost <abbr title="−20/21">95.2%</abbr> of its health!)</small><br></div><div class="spacer battle-history"><br></div><div class="battle-history">Pawniard fainted!<br></div><div class="chat chatmessage-hipermystery"><strong style="color:hsl(281,61%,49%)"><small>☆</small><span class="username" data-name="Hiper mystery">Hiper mystery</span>:</strong> <em>a no mames</em></div><div class="chat chatmessage-jowgen"><strong style="color:hsl(90,46%,43%)"><small> </small><span class="username" data-name="Jowgen">Jowgen</span>:</strong> <em>Y tira sucker</em></div><div class="spacer battle-history"><br></div><div class="battle-history">Go! <strong>Croagunk</strong>!<br></div><div class="battle-history"><small>Pointed stones dug into Croagunk!</small><br></div><div class="spacer battle-history"><br></div><h2 class="battle-history">Turn 10</h2><div class="chat chatmessage-jowgen"><strong style="color:hsl(90,46%,43%)"><small> </small><span class="username" data-name="Jowgen">Jowgen</span>:</strong> <em>No seras tu</em></div><div class="spacer battle-history"><br></div><div class="battle-history">The opposing Vullaby used <strong>Air Slash</strong>!<br></div><div class="battle-history"><small>It's super effective!</small><br></div><div class="battle-history"><small>(Croagunk lost <abbr title="−22/23">95.7%</abbr> of its health!)</small><br></div><div class="spacer battle-history"><br></div><div class="battle-history">Croagunk fainted!<br></div><div class="spacer battle-history"><br></div><div class="battle-history">Go! <strong>Scraggy</strong>!<br></div><div class="battle-history"><small>Pointed stones dug into Scraggy!</small><br></div><div class="spacer battle-history"><br></div><h2 class="battle-history">Turn 11</h2><div class="chat chatmessage-jowgen"><strong style="color:hsl(90,46%,43%)"><small> </small><span class="username" data-name="Jowgen">Jowgen</span>:</strong> <em>El que lo swipean?</em></div><div class="chat chatmessage-jowgen"><strong style="color:hsl(90,46%,43%)"><small> </small><span class="username" data-name="Jowgen">Jowgen</span>:</strong> <em>v:</em></div><div class="spacer battle-history"><br></div><div class="battle-history">The opposing Vullaby used <strong>Air Slash</strong>!<br></div><div class="battle-history"><small>It's super effective!</small><br></div><div class="battle-history"><small>(Scraggy lost <abbr title="−21/22">95.5%</abbr> of its health!)</small><br></div><div class="spacer battle-history"><br></div><div class="battle-history">Scraggy fainted!<br></div><div class="spacer battle-history"><br></div><div class="battle-history"><small>The opposing team's Aurora Veil wore off!</small><br></div><div class="spacer battle-history"><br></div><div class="battle-history">Go! <strong>Timburr</strong>!<br></div><div class="battle-history"><small>Pointed stones dug into Timburr!</small><br></div><div class="spacer battle-history"><br></div><h2 class="battle-history">Turn 12</h2><div class="spacer battle-history"><br></div><div class="battle-history">Timburr used <strong>Mach Punch</strong>!<br></div><div class="battle-history"><small>(The opposing Vullaby lost <abbr title="−13/25">52%</abbr> of its health!)</small><br></div><div class="battle-history"><small>[The opposing Vullaby's Weak Armor]</small><br></div><div class="battle-history"><small>The opposing Vullaby's Defense fell!</small><br></div><div class="battle-history"><small>The opposing Vullaby's Speed rose sharply!</small><br></div><div class="battle-history"><small>(The opposing Vullaby used its Berry Juice!)</small><br></div><div class="battle-history"><small>The opposing Vullaby restored HP using its Berry Juice!</small><br></div><div class="spacer battle-history"><br></div><div class="battle-history">The opposing Vullaby used <strong>Air Slash</strong>!<br></div><div class="battle-history"><small>It's super effective!</small><br></div><div class="battle-history"><small>(Timburr lost <abbr title="−10/25">40%</abbr> of its health!)</small><br></div><div class="spacer battle-history"><br></div><div class="battle-history">Timburr fainted!<br></div><div class="chat chatmessage-hipermystery"><strong style="color:hsl(281,61%,49%)"><small>☆</small><span class="username" data-name="Hiper mystery">Hiper mystery</span>:</strong> <em>obv</em></div><div class="spacer battle-history"><br></div><div class="battle-history">Go! <strong>Archen</strong>!<br></div><div class="battle-history"><small>Pointed stones dug into Archen!</small><br></div><div class="spacer battle-history"><br></div><h2 class="battle-history">Turn 13</h2><div class="spacer battle-history"><br></div><div class="battle-history">The opposing Vullaby used <strong>Dark Pulse</strong>!<br></div><div class="battle-history"><small>(Archen lost <abbr title="−18/23">78.3%</abbr> of its health!)</small><br></div><div class="spacer battle-history"><br></div><div class="battle-history">Archen fainted!<br></div><div class="spacer battle-history"><br></div><div class="battle-history"><strong>Hidrey</strong> won the battle!<br></div><div class="chat"><small>Jowgen left.</small></div><div class="chat"><small>TheWorstNumberOne left.</small></div></div><div class="inner-preempt"></div></div></div>
</div>
<script>
let daily = Math.floor(Date.now()/1000/60/60/24);document.write('<script src="https://play.pokemonshowdown.com/js/replay-embed.js?version'+daily+'"></'+'script>');
</script>
