<!DOCTYPE html>
<meta charset="utf-8" />
<!-- version 1 -->
<title>LC replay: josue97 vs. levy9999</title>
<style>
html,body {font-family:Verdana, sans-serif;font-size:10pt;margin:0;padding:0;}body{padding:12px 0;} .battle-log {font-family:Verdana, sans-serif;font-size:10pt;} .battle-log-inline {border:1px solid #AAAAAA;background:#EEF2F5;color:black;max-width:640px;margin:0 auto 80px;padding-bottom:5px;} .battle-log .inner {padding:4px 8px 0px 8px;} .battle-log .inner-preempt {padding:0 8px 4px 8px;} .battle-log .inner-after {margin-top:0.5em;} .battle-log h2 {margin:0.5em -8px;padding:4px 8px;border:1px solid #AAAAAA;background:#E0E7EA;border-left:0;border-right:0;font-family:Verdana, sans-serif;font-size:13pt;} .battle-log .chat {vertical-align:middle;padding:3px 0 3px 0;font-size:8pt;} .battle-log .chat strong {color:#40576A;} .battle-log .chat em {padding:1px 4px 1px 3px;color:#000000;font-style:normal;} .chat.mine {background:rgba(0,0,0,0.05);margin-left:-8px;margin-right:-8px;padding-left:8px;padding-right:8px;} .spoiler {color:#BBBBBB;background:#BBBBBB;padding:0px 3px;} .spoiler:hover, .spoiler:active, .spoiler-shown {color:#000000;background:#E2E2E2;padding:0px 3px;} .spoiler a {color:#BBBBBB;} .spoiler:hover a, .spoiler:active a, .spoiler-shown a {color:#2288CC;} .chat code, .chat .spoiler:hover code, .chat .spoiler:active code, .chat .spoiler-shown code {border:1px solid #C0C0C0;background:#EEEEEE;color:black;padding:0 2px;} .chat .spoiler code {border:1px solid #CCCCCC;background:#CCCCCC;color:#CCCCCC;} .battle-log .rated {padding:3px 4px;} .battle-log .rated strong {color:white;background:#89A;padding:1px 4px;border-radius:4px;} .spacer {margin-top:0.5em;} .message-announce {background:#6688AA;color:white;padding:1px 4px 2px;} .message-announce a, .broadcast-green a, .broadcast-blue a, .broadcast-red a {color:#DDEEFF;} .broadcast-green {background-color:#559955;color:white;padding:2px 4px;} .broadcast-blue {background-color:#6688AA;color:white;padding:2px 4px;} .infobox {border:1px solid #6688AA;padding:2px 4px;} .infobox-limited {max-height:200px;overflow:auto;overflow-x:hidden;} .broadcast-red {background-color:#AA5544;color:white;padding:2px 4px;} .message-learn-canlearn {font-weight:bold;color:#228822;text-decoration:underline;} .message-learn-cannotlearn {font-weight:bold;color:#CC2222;text-decoration:underline;} .message-effect-weak {font-weight:bold;color:#CC2222;} .message-effect-resist {font-weight:bold;color:#6688AA;} .message-effect-immune {font-weight:bold;color:#666666;} .message-learn-list {margin-top:0;margin-bottom:0;} .message-throttle-notice, .message-error {color:#992222;} .message-overflow, .chat small.message-overflow {font-size:0pt;} .message-overflow::before {font-size:9pt;content:'...';} .subtle {color:#3A4A66;}
</style>
<div class="wrapper replay-wrapper" style="max-width:1180px;margin:0 auto">
<input type="hidden" name="replayid" value="lc-523563590" />
<div class="battle"></div><div class="battle-log"></div><div class="replay-controls"></div><div class="replay-controls-2"></div>
<h1 style="font-weight:normal;text-align:center"><strong>LC</strong><br /><a href="http://pokemonshowdown.com/users/josue97" class="subtle" target="_blank">josue97</a> vs. <a href="http://pokemonshowdown.com/users/levy9999" class="subtle" target="_blank">levy9999</a></h1>
<script type="text/plain" class="battle-log-data">|j|josue97
|j|levy9999
|player|p1|josue97|266
|player|p2|levy9999|170
|gametype|singles
|gen|6
|tier|LC
|seed|21238,42233,45126,29007
|clearpoke
|poke|p1|Porygon, L5|item
|poke|p1|Onix, L5, M|item
|poke|p1|Koffing, L5, F|item
|poke|p1|Voltorb, L5|item
|poke|p1|Scraggy, L5, F|item
|poke|p1|Abra, L5, M|item
|poke|p2|Torchic, L5, F, shiny|item
|poke|p2|Spritzee, L5, M, shiny|item
|poke|p2|Axew, L5, F, shiny|item
|poke|p2|Scraggy, L5, M, shiny|item
|poke|p2|Archen, L5, F, shiny|item
|poke|p2|Chinchou, L5, M|item
|rule|Sleep Clause Mod: Limit one foe put to sleep
|rule|Species Clause: Limit one of each Pokémon
|rule|OHKO Clause: OHKO moves are banned
|rule|Moody Clause: Moody is banned
|rule|Evasion Moves Clause: Evasion moves are banned
|rule|Endless Battle Clause: Forcing endless battles is banned
|rule|HP Percentage Mod: HP is shown in percentages
|teampreview
|choice|team 5, team 2, team 3, team 4, team 1, team 6|team 1, team 2, team 3, team 4, team 5, team 6
|
|start
|switch|p1a: Scraggy|Scraggy, L5, F|21\/21
|switch|p2a: Torchic|Torchic, L5, F, shiny|21\/21
|turn|1
|choice|move dragondance|move swordsdance
|
|move|p2a: Torchic|Swords Dance|p2a: Torchic
|-boost|p2a: Torchic|atk|2
|move|p1a: Scraggy|Dragon Dance|p1a: Scraggy
|-boost|p1a: Scraggy|atk|1
|-boost|p1a: Scraggy|spe|1
|
|-ability|p2a: Torchic|Speed Boost|boost
|-boost|p2a: Torchic|spe|1
|upkeep
|turn|2
|choice|move knockoff|move swordsdance
|
|move|p2a: Torchic|Swords Dance|p2a: Torchic
|-boost|p2a: Torchic|atk|2
|move|p1a: Scraggy|Knock Off|p2a: Torchic
|-enditem|p2a: Torchic|Focus Sash
|-damage|p2a: Torchic|1\/21
|
|-ability|p2a: Torchic|Speed Boost|boost
|-boost|p2a: Torchic|spe|1
|upkeep
|turn|3
|choice|move knockoff|move protect
|
|move|p2a: Torchic|Protect|p2a: Torchic
|-singleturn|p2a: Torchic|Protect
|move|p1a: Scraggy|Knock Off|p2a: Torchic
|-activate|p2a: Torchic|move: Protect
|
|-ability|p2a: Torchic|Speed Boost|boost
|-boost|p2a: Torchic|spe|1
|upkeep
|turn|4
|choice|move drainpunch|move batonpass
|
|move|p2a: Torchic|Baton Pass|p2a: Torchic
|choice||switch 3
|
|switch|p2a: Axew|Axew, L5, F, shiny|22\/22
|-ability|p2a: Axew|Mold Breaker
|move|p1a: Scraggy|Drain Punch|p2a: Axew
|-damage|p2a: Axew|9\/22
|
|upkeep
|turn|5
|choice|move knockoff|move dragonclaw
|
|move|p2a: Axew|Dragon Claw|p1a: Scraggy
|-damage|p1a: Scraggy|0 fnt
|faint|p1a: Scraggy
|
|upkeep
|choice|switch 6|
|
|switch|p1a: Abra|Abra, L5, M|19\/19
|turn|6
|choice|move shadowball|move nightslash
|
|move|p2a: Axew|Night Slash|p1a: Abra
|-supereffective|p1a: Abra
|-enditem|p1a: Abra|Focus Sash
|-damage|p1a: Abra|1\/19
|move|p1a: Abra|Shadow Ball|p2a: Axew
|-damage|p2a: Axew|1\/22
|
|upkeep
|turn|7
|choice|move psyshock|move dragonclaw
|
|move|p2a: Axew|Dragon Claw|p1a: Abra
|-damage|p1a: Abra|0 fnt
|faint|p1a: Abra
|
|upkeep
|choice|switch 2|
|
|switch|p1a: Onix|Onix, L5, M|20\/20
|turn|8
|choice|move earthquake|move dig
|
|move|p2a: Axew|Dig|p1a: Onix|[still]
|-prepare|p2a: Axew|Dig|p1a: Onix
|move|p1a: Onix|Earthquake|p2a: Axew
|-damage|p2a: Axew|0 fnt
|faint|p2a: Axew
|
|upkeep
|choice||switch 3
|
|switch|p2a: Torchic|Torchic, L5, F, shiny|1\/21
|turn|9
|choice|move earthquake|move protect
|
|move|p2a: Torchic|Protect|p2a: Torchic
|-singleturn|p2a: Torchic|Protect
|move|p1a: Onix|Earthquake|p2a: Torchic
|-activate|p2a: Torchic|move: Protect
|
|-ability|p2a: Torchic|Speed Boost|boost
|-boost|p2a: Torchic|spe|1
|upkeep
|turn|10
|choice|move rockslide|move batonpass
|
|move|p2a: Torchic|Baton Pass|p2a: Torchic
|choice||switch 5
|
|switch|p2a: Archen|Archen, L5, F, shiny|22\/22
|move|p1a: Onix|Rock Slide|p2a: Archen
|-supereffective|p2a: Archen
|-damage|p2a: Archen|2\/22
|
|upkeep
|turn|11
|choice|move ironhead|move earthquake
|
|move|p2a: Archen|Earthquake|p1a: Onix
|-supereffective|p1a: Onix
|-damage|p1a: Onix|8\/20
|-ability|p1a: Onix|Weak Armor|boost
|-unboost|p1a: Onix|def|1
|-boost|p1a: Onix|spe|1
|move|p1a: Onix|Iron Head|p2a: Archen
|-supereffective|p2a: Archen
|-damage|p2a: Archen|0 fnt
|faint|p2a: Archen
|
|upkeep
|choice||switch 6
|
|switch|p2a: Chinchou|Chinchou, L5, M|24\/24
|turn|12
|choice|move earthquake|move scald
|
|move|p1a: Onix|Earthquake|p2a: Chinchou
|-supereffective|p2a: Chinchou
|-damage|p2a: Chinchou|0 fnt
|faint|p2a: Chinchou
|
|upkeep
|choice||switch 4
|
|switch|p2a: Scraggy|Scraggy, L5, M, shiny|21\/21
|turn|13
|choice|move explosion|move drainpunch
|
|move|p1a: Onix|Explosion|p2a: Scraggy
|-damage|p2a: Scraggy|0 fnt
|faint|p1a: Onix
|faint|p2a: Scraggy
|
|upkeep
|choice|switch 4|switch 5
|
|switch|p1a: Voltorb|Voltorb, L5|20\/20
|switch|p2a: Torchic|Torchic, L5, F, shiny|1\/21
|turn|14
|choice|move taunt|move protect
|
|move|p2a: Torchic|Protect|p2a: Torchic
|-singleturn|p2a: Torchic|Protect
|move|p1a: Voltorb|Taunt|p2a: Torchic
|-activate|p2a: Torchic|move: Protect
|
|-ability|p2a: Torchic|Speed Boost|boost
|-boost|p2a: Torchic|spe|1
|upkeep
|turn|15
|choice|move thunderbolt|move batonpass
|
|move|p2a: Torchic|Baton Pass|p2a: Torchic
|choice||switch 2
|
|switch|p2a: Spritzee|Spritzee, L5, M, shiny|27\/27
|move|p1a: Voltorb|Thunderbolt|p2a: Spritzee
|-damage|p2a: Spritzee|11\/27
|-enditem|p2a: Spritzee|Berry Juice
|-heal|p2a: Spritzee|27\/27|[from] item: Berry Juice
|-damage|p1a: Voltorb|18\/20|[from] item: Life Orb
|
|upkeep
|turn|16
|choice|move thunderbolt|move wish
|
|move|p1a: Voltorb|Thunderbolt|p2a: Spritzee
|-damage|p2a: Spritzee|14\/27
|-damage|p1a: Voltorb|16\/20|[from] item: Life Orb
|move|p2a: Spritzee|Wish|p2a: Spritzee
|
|upkeep
|turn|17
|choice|move taunt|move calmmind
|
|move|p1a: Voltorb|Taunt|p2a: Spritzee
|-activate|p2a: Spritzee|ability: Aroma Veil|[of] p2a: Spritzee
|move|p2a: Spritzee|Calm Mind|p2a: Spritzee
|-boost|p2a: Spritzee|spa|1
|-boost|p2a: Spritzee|spd|1
|
|-heal|p2a: Spritzee|27\/27|[from] move: Wish|[wisher] Spritzee
|upkeep
|turn|18
|choice|switch 3|move calmmind
|
|switch|p1a: Koffing|Koffing, L5, F|23\/23
|move|p2a: Spritzee|Calm Mind|p2a: Spritzee
|-boost|p2a: Spritzee|spa|1
|-boost|p2a: Spritzee|spd|1
|
|upkeep
|turn|19
|choice|move willowisp|move moonblast
|
|move|p2a: Spritzee|Moonblast|p1a: Koffing
|-resisted|p1a: Koffing
|-damage|p1a: Koffing|13\/23
|-unboost|p1a: Koffing|spa|1
|move|p1a: Koffing|Will-O-Wisp|p2a: Spritzee
|-status|p2a: Spritzee|brn
|
|-heal|p1a: Koffing|14\/23|[from] item: Leftovers
|-damage|p2a: Spritzee|24\/27 brn|[from] brn
|upkeep
|turn|20
|choice|move explosion|move moonblast
|
|move|p2a: Spritzee|Moonblast|p1a: Koffing
|-resisted|p1a: Koffing
|-damage|p1a: Koffing|3\/23
|move|p1a: Koffing|Explosion|p2a: Spritzee
|-damage|p2a: Spritzee|3\/27 brn
|faint|p1a: Koffing
|
|-damage|p2a: Spritzee|0 fnt|[from] brn
|upkeep
|faint|p2a: Spritzee
|choice|switch 3|switch 2
|
|switch|p1a: Voltorb|Voltorb, L5|16\/20
|switch|p2a: Torchic|Torchic, L5, F, shiny|1\/21
|turn|21
|c|★levy9999|gg
|choice|move thunderbolt|move batonpass
|
|move|p1a: Voltorb|Thunderbolt|p2a: Torchic
|-damage|p2a: Torchic|0 fnt
|-damage|p1a: Voltorb|14\/20|[from] item: Life Orb
|faint|p2a: Torchic
|
|win|josue97
|player|p1
|player|p2
|c|★josue97|gg!
|l|levy9999</script>
</div>
<div class="battle-log battle-log-inline"><div class="inner"><div class="battle-options"></div><div class="inner"><div class="chat"><small>josue97 joined.</small></div><div class="chat"><small>levy9999 joined.</small></div><div class=""><small>Format:</small> <br><strong>LC</strong></div><div class=""><small><em>Sleep Clause Mod:</em> Limit one foe put to sleep</small></div><div class=""><small><em>Species Clause:</em> Limit one of each Pokémon</small></div><div class=""><small><em>OHKO Clause:</em> OHKO moves are banned</small></div><div class=""><small><em>Moody Clause:</em> Moody is banned</small></div><div class=""><small><em>Evasion Moves Clause:</em> Evasion moves are banned</small></div><div class=""><small><em>Endless Battle Clause:</em> Forcing endless battles is banned</small></div><div class=""><small><em>HP Percentage Mod:</em> HP is shown in percentages</small></div><div class="chat battle-history"><strong>josue97's team:</strong> <em style="color:#445566;display:block;">Porygon / Onix / Koffing / Voltorb / Scraggy / Abra</em></div><div class="chat battle-history"><strong>levy9999's team:</strong> <em style="color:#445566;display:block;">Torchic / Spritzee / Axew / Scraggy / Archen / Chinchou</em></div><div class="spacer battle-history"><br></div><div class="battle-history">Battle started between josue97 and levy9999!<br></div><div class="spacer battle-history"><br></div><div class="battle-history">Go! <strong>Scraggy</strong>!<br></div><div class="spacer battle-history"><br></div><div class="battle-history">levy9999 sent out <strong>Torchic</strong>!<br></div><div class="spacer battle-history"><br></div><h2 class="battle-history">Turn 1</h2><div class="spacer battle-history"><br></div><div class="battle-history">The opposing Torchic used <strong>Swords Dance</strong>!<br></div><div class="battle-history"><small>The opposing Torchic's Attack rose sharply!</small><br></div><div class="spacer battle-history"><br></div><div class="battle-history">Scraggy used <strong>Dragon Dance</strong>!<br></div><div class="battle-history"><small>Scraggy's Attack rose!</small><br></div><div class="battle-history"><small>Scraggy's Speed rose!</small><br></div><div class="spacer battle-history"><br></div><div class="battle-history"><small>[The opposing Torchic's Speed Boost]</small><br></div><div class="battle-history"><small>The opposing Torchic's Speed rose!</small><br></div><div class="spacer battle-history"><br></div><h2 class="battle-history">Turn 2</h2><div class="spacer battle-history"><br></div><div class="battle-history">The opposing Torchic used <strong>Swords Dance</strong>!<br></div><div class="battle-history"><small>The opposing Torchic's Attack rose sharply!</small><br></div><div class="spacer battle-history"><br></div><div class="battle-history">Scraggy used <strong>Knock Off</strong>!<br></div><div class="battle-history"><small>The opposing Torchic hung on using its Focus Sash!</small><br></div><div class="battle-history"><small>(The opposing Torchic lost <abbr title="−20/21">95.2%</abbr> of its health!)</small><br></div><div class="spacer battle-history"><br></div><div class="battle-history"><small>[The opposing Torchic's Speed Boost]</small><br></div><div class="battle-history"><small>The opposing Torchic's Speed rose!</small><br></div><div class="spacer battle-history"><br></div><h2 class="battle-history">Turn 3</h2><div class="spacer battle-history"><br></div><div class="battle-history">The opposing Torchic used <strong>Protect</strong>!<br></div><div class="battle-history"><small>The opposing Torchic protected itself!</small><br></div><div class="spacer battle-history"><br></div><div class="battle-history">Scraggy used <strong>Knock Off</strong>!<br></div><div class="battle-history"><small>The opposing Torchic protected itself!</small><br></div><div class="spacer battle-history"><br></div><div class="battle-history"><small>[The opposing Torchic's Speed Boost]</small><br></div><div class="battle-history"><small>The opposing Torchic's Speed rose!</small><br></div><div class="spacer battle-history"><br></div><h2 class="battle-history">Turn 4</h2><div class="spacer battle-history"><br></div><div class="battle-history">The opposing Torchic used <strong>Baton Pass</strong>!<br></div><div class="spacer battle-history"><br></div><div class="battle-history">levy9999 sent out <strong>Axew</strong>!<br></div><div class="battle-history"><small>[The opposing Axew's Mold Breaker]</small><br><small>The opposing Axew breaks the mold!</small><br></div><div class="spacer battle-history"><br></div><div class="battle-history">Scraggy used <strong>Drain Punch</strong>!<br></div><div class="battle-history"><small>(The opposing Axew lost <abbr title="−13/22">59.1%</abbr> of its health!)</small><br></div><div class="spacer battle-history"><br></div><h2 class="battle-history">Turn 5</h2><div class="spacer battle-history"><br></div><div class="battle-history">The opposing Axew used <strong>Dragon Claw</strong>!<br></div><div class="battle-history"><small>(Scraggy lost <abbr title="−21/21">100%</abbr> of its health!)</small><br></div><div class="spacer battle-history"><br></div><div class="battle-history">Scraggy fainted!<br></div><div class="spacer battle-history"><br></div><div class="battle-history">Go! <strong>Abra</strong>!<br></div><div class="spacer battle-history"><br></div><h2 class="battle-history">Turn 6</h2><div class="spacer battle-history"><br></div><div class="battle-history">The opposing Axew used <strong>Night Slash</strong>!<br></div><div class="battle-history"><small>It's super effective!</small><br></div><div class="battle-history"><small>Abra hung on using its Focus Sash!</small><br></div><div class="battle-history"><small>(Abra lost <abbr title="−18/19">94.7%</abbr> of its health!)</small><br></div><div class="spacer battle-history"><br></div><div class="battle-history">Abra used <strong>Shadow Ball</strong>!<br></div><div class="battle-history"><small>(The opposing Axew lost <abbr title="−8/22">36.4%</abbr> of its health!)</small><br></div><div class="spacer battle-history"><br></div><h2 class="battle-history">Turn 7</h2><div class="spacer battle-history"><br></div><div class="battle-history">The opposing Axew used <strong>Dragon Claw</strong>!<br></div><div class="battle-history"><small>(Abra lost <abbr title="−1/19">5.3%</abbr> of its health!)</small><br></div><div class="spacer battle-history"><br></div><div class="battle-history">Abra fainted!<br></div><div class="spacer battle-history"><br></div><div class="battle-history">Go! <strong>Onix</strong>!<br></div><div class="spacer battle-history"><br></div><h2 class="battle-history">Turn 8</h2><div class="spacer battle-history"><br></div><div class="battle-history">The opposing Axew used <strong>Dig</strong>!<br></div><div class="battle-history">The opposing Axew burrowed its way under the ground!<br></div><div class="spacer battle-history"><br></div><div class="battle-history">Onix used <strong>Earthquake</strong>!<br></div><div class="battle-history"><small>(The opposing Axew lost <abbr title="−1/22">4.5%</abbr> of its health!)</small><br></div><div class="spacer battle-history"><br></div><div class="battle-history">The opposing Axew fainted!<br></div><div class="spacer battle-history"><br></div><div class="battle-history">levy9999 sent out <strong>Torchic</strong>!<br></div><div class="spacer battle-history"><br></div><h2 class="battle-history">Turn 9</h2><div class="spacer battle-history"><br></div><div class="battle-history">The opposing Torchic used <strong>Protect</strong>!<br></div><div class="battle-history"><small>The opposing Torchic protected itself!</small><br></div><div class="spacer battle-history"><br></div><div class="battle-history">Onix used <strong>Earthquake</strong>!<br></div><div class="battle-history"><small>The opposing Torchic protected itself!</small><br></div><div class="spacer battle-history"><br></div><div class="battle-history"><small>[The opposing Torchic's Speed Boost]</small><br></div><div class="battle-history"><small>The opposing Torchic's Speed rose!</small><br></div><div class="spacer battle-history"><br></div><h2 class="battle-history">Turn 10</h2><div class="spacer battle-history"><br></div><div class="battle-history">The opposing Torchic used <strong>Baton Pass</strong>!<br></div><div class="spacer battle-history"><br></div><div class="battle-history">levy9999 sent out <strong>Archen</strong>!<br></div><div class="spacer battle-history"><br></div><div class="battle-history">Onix used <strong>Rock Slide</strong>!<br></div><div class="battle-history"><small>It's super effective!</small><br></div><div class="battle-history"><small>(The opposing Archen lost <abbr title="−20/22">90.9%</abbr> of its health!)</small><br></div><div class="spacer battle-history"><br></div><h2 class="battle-history">Turn 11</h2><div class="spacer battle-history"><br></div><div class="battle-history">The opposing Archen used <strong>Earthquake</strong>!<br></div><div class="battle-history"><small>It's super effective!</small><br></div><div class="battle-history"><small>(Onix lost <abbr title="−12/20">60%</abbr> of its health!)</small><br></div><div class="battle-history"><small>[Onix's Weak Armor]</small><br></div><div class="battle-history"><small>Onix's Defense fell!</small><br></div><div class="battle-history"><small>Onix's Speed rose!</small><br></div><div class="spacer battle-history"><br></div><div class="battle-history">Onix used <strong>Iron Head</strong>!<br></div><div class="battle-history"><small>It's super effective!</small><br></div><div class="battle-history"><small>(The opposing Archen lost <abbr title="−2/22">9.1%</abbr> of its health!)</small><br></div><div class="spacer battle-history"><br></div><div class="battle-history">The opposing Archen fainted!<br></div><div class="spacer battle-history"><br></div><div class="battle-history">levy9999 sent out <strong>Chinchou</strong>!<br></div><div class="spacer battle-history"><br></div><h2 class="battle-history">Turn 12</h2><div class="spacer battle-history"><br></div><div class="battle-history">Onix used <strong>Earthquake</strong>!<br></div><div class="battle-history"><small>It's super effective!</small><br></div><div class="battle-history"><small>(The opposing Chinchou lost <abbr title="−24/24">100%</abbr> of its health!)</small><br></div><div class="spacer battle-history"><br></div><div class="battle-history">The opposing Chinchou fainted!<br></div><div class="spacer battle-history"><br></div><div class="battle-history">levy9999 sent out <strong>Scraggy</strong>!<br></div><div class="spacer battle-history"><br></div><h2 class="battle-history">Turn 13</h2><div class="spacer battle-history"><br></div><div class="battle-history">Onix used <strong>Explosion</strong>!<br></div><div class="battle-history"><small>(The opposing Scraggy lost <abbr title="−21/21">100%</abbr> of its health!)</small><br></div><div class="spacer battle-history"><br></div><div class="battle-history">Onix fainted!<br></div><div class="battle-history">The opposing Scraggy fainted!<br></div><div class="spacer battle-history"><br></div><div class="battle-history">Go! <strong>Voltorb</strong>!<br></div><div class="spacer battle-history"><br></div><div class="battle-history">levy9999 sent out <strong>Torchic</strong>!<br></div><div class="spacer battle-history"><br></div><h2 class="battle-history">Turn 14</h2><div class="spacer battle-history"><br></div><div class="battle-history">The opposing Torchic used <strong>Protect</strong>!<br></div><div class="battle-history"><small>The opposing Torchic protected itself!</small><br></div><div class="spacer battle-history"><br></div><div class="battle-history">Voltorb used <strong>Taunt</strong>!<br></div><div class="battle-history"><small>The opposing Torchic protected itself!</small><br></div><div class="spacer battle-history"><br></div><div class="battle-history"><small>[The opposing Torchic's Speed Boost]</small><br></div><div class="battle-history"><small>The opposing Torchic's Speed rose!</small><br></div><div class="spacer battle-history"><br></div><h2 class="battle-history">Turn 15</h2><div class="spacer battle-history"><br></div><div class="battle-history">The opposing Torchic used <strong>Baton Pass</strong>!<br></div><div class="spacer battle-history"><br></div><div class="battle-history">levy9999 sent out <strong>Spritzee</strong>!<br></div><div class="spacer battle-history"><br></div><div class="battle-history">Voltorb used <strong>Thunderbolt</strong>!<br></div><div class="battle-history"><small>(The opposing Spritzee lost <abbr title="−16/27">59.3%</abbr> of its health!)</small><br></div><div class="battle-history"><small>(The opposing Spritzee used its Berry Juice!)</small><br></div><div class="battle-history"><small>The opposing Spritzee restored HP using its Berry Juice!</small><br></div><div class="battle-history"><small>Voltorb lost some of its HP!</small><br></div><div class="spacer battle-history"><br></div><h2 class="battle-history">Turn 16</h2><div class="spacer battle-history"><br></div><div class="battle-history">Voltorb used <strong>Thunderbolt</strong>!<br></div><div class="battle-history"><small>(The opposing Spritzee lost <abbr title="−13/27">48.1%</abbr> of its health!)</small><br></div><div class="battle-history"><small>Voltorb lost some of its HP!</small><br></div><div class="spacer battle-history"><br></div><div class="battle-history">The opposing Spritzee used <strong>Wish</strong>!<br></div><div class="spacer battle-history"><br></div><h2 class="battle-history">Turn 17</h2><div class="spacer battle-history"><br></div><div class="battle-history">Voltorb used <strong>Taunt</strong>!<br></div><div class="battle-history"><small>[The opposing Spritzee's Aroma Veil]</small><br><small>The opposing Spritzee is protected by an aromatic veil!</small><br></div><div class="spacer battle-history"><br></div><div class="battle-history">The opposing Spritzee used <strong>Calm Mind</strong>!<br></div><div class="battle-history"><small>The opposing Spritzee's Special Attack rose!</small><br></div><div class="battle-history"><small>The opposing Spritzee's Special Defense rose!</small><br></div><div class="spacer battle-history"><br></div><div class="battle-history"><small>Spritzee's wish came true!</small><br></div><div class="spacer battle-history"><br></div><h2 class="battle-history">Turn 18</h2><div class="spacer battle-history"><br></div><div class="battle-history">Voltorb, come back!<br></div><div class="battle-history">Go! <strong>Koffing</strong>!<br></div><div class="spacer battle-history"><br></div><div class="battle-history">The opposing Spritzee used <strong>Calm Mind</strong>!<br></div><div class="battle-history"><small>The opposing Spritzee's Special Attack rose!</small><br></div><div class="battle-history"><small>The opposing Spritzee's Special Defense rose!</small><br></div><div class="spacer battle-history"><br></div><h2 class="battle-history">Turn 19</h2><div class="spacer battle-history"><br></div><div class="battle-history">The opposing Spritzee used <strong>Moonblast</strong>!<br></div><div class="battle-history"><small>It's not very effective...</small><br></div><div class="battle-history"><small>(Koffing lost <abbr title="−10/23">43.5%</abbr> of its health!)</small><br></div><div class="battle-history"><small>Koffing's Special Attack fell!</small><br></div><div class="spacer battle-history"><br></div><div class="battle-history">Koffing used <strong>Will-O-Wisp</strong>!<br></div><div class="battle-history"><small>The opposing Spritzee was burned!</small><br></div><div class="spacer battle-history"><br></div><div class="battle-history"><small>Koffing restored a little HP using its Leftovers!</small><br></div><div class="battle-history"><small>The opposing Spritzee was hurt by its burn!</small><br></div><div class="spacer battle-history"><br></div><h2 class="battle-history">Turn 20</h2><div class="spacer battle-history"><br></div><div class="battle-history">The opposing Spritzee used <strong>Moonblast</strong>!<br></div><div class="battle-history"><small>It's not very effective...</small><br></div><div class="battle-history"><small>(Koffing lost <abbr title="−11/23">47.8%</abbr> of its health!)</small><br></div><div class="spacer battle-history"><br></div><div class="battle-history">Koffing used <strong>Explosion</strong>!<br></div><div class="battle-history"><small>(The opposing Spritzee lost <abbr title="−21/27">77.8%</abbr> of its health!)</small><br></div><div class="spacer battle-history"><br></div><div class="battle-history">Koffing fainted!<br></div><div class="spacer battle-history"><br></div><div class="battle-history"><small>The opposing Spritzee was hurt by its burn!</small><br></div><div class="spacer battle-history"><br></div><div class="battle-history">The opposing Spritzee fainted!<br></div><div class="spacer battle-history"><br></div><div class="battle-history">Go! <strong>Voltorb</strong>!<br></div><div class="spacer battle-history"><br></div><div class="battle-history">levy9999 sent out <strong>Torchic</strong>!<br></div><div class="spacer battle-history"><br></div><h2 class="battle-history">Turn 21</h2><div class="chat chatmessage-levy9999"><strong style="color:hsl(153,85%,34.62865144009569%)"><small>★</small><span class="username" data-name="levy9999">levy9999</span>:</strong> <em>gg</em></div><div class="spacer battle-history"><br></div><div class="battle-history">Voltorb used <strong>Thunderbolt</strong>!<br></div><div class="battle-history"><small>(The opposing Torchic lost <abbr title="−1/21">4.8%</abbr> of its health!)</small><br></div><div class="battle-history"><small>Voltorb lost some of its HP!</small><br></div><div class="spacer battle-history"><br></div><div class="battle-history">The opposing Torchic fainted!<br></div><div class="spacer battle-history"><br></div><div class="battle-history"><strong>josue97</strong> won the battle!<br></div><div class="chat chatmessage-josue97"><strong style="color:hsl(176,43%,47.666666666666664%)"><small>★</small><span class="username" data-name="josue97">josue97</span>:</strong> <em>gg!</em></div><div class="chat"><small>levy9999 left.</small></div></div><div class="inner-preempt"></div></div></div>
</div>
<script>
let daily = Math.floor(Date.now()/1000/60/60/24);document.write('<script src="https://play.pokemonshowdown.com/js/replay-embed.js?version'+daily+'"></'+'script>');
</script>
