<!DOCTYPE html>
<meta charset="utf-8" />
<!-- version 1 -->
<title>LC replay: skurleton vs. PugiPugiPugi43</title>
<style>
html,body {font-family:Verdana, sans-serif;font-size:10pt;margin:0;padding:0;}body{padding:12px 0;} .battle-log {font-family:Verdana, sans-serif;font-size:10pt;} .battle-log-inline {border:1px solid #AAAAAA;background:#EEF2F5;color:black;max-width:640px;margin:0 auto 80px;padding-bottom:5px;} .battle-log .inner {padding:4px 8px 0px 8px;} .battle-log .inner-preempt {padding:0 8px 4px 8px;} .battle-log .inner-after {margin-top:0.5em;} .battle-log h2 {margin:0.5em -8px;padding:4px 8px;border:1px solid #AAAAAA;background:#E0E7EA;border-left:0;border-right:0;font-family:Verdana, sans-serif;font-size:13pt;} .battle-log .chat {vertical-align:middle;padding:3px 0 3px 0;font-size:8pt;} .battle-log .chat strong {color:#40576A;} .battle-log .chat em {padding:1px 4px 1px 3px;color:#000000;font-style:normal;} .chat.mine {background:rgba(0,0,0,0.05);margin-left:-8px;margin-right:-8px;padding-left:8px;padding-right:8px;} .spoiler {color:#BBBBBB;background:#BBBBBB;padding:0px 3px;} .spoiler:hover, .spoiler:active, .spoiler-shown {color:#000000;background:#E2E2E2;padding:0px 3px;} .spoiler a {color:#BBBBBB;} .spoiler:hover a, .spoiler:active a, .spoiler-shown a {color:#2288CC;} .chat code, .chat .spoiler:hover code, .chat .spoiler:active code, .chat .spoiler-shown code {border:1px solid #C0C0C0;background:#EEEEEE;color:black;padding:0 2px;} .chat .spoiler code {border:1px solid #CCCCCC;background:#CCCCCC;color:#CCCCCC;} .battle-log .rated {padding:3px 4px;} .battle-log .rated strong {color:white;background:#89A;padding:1px 4px;border-radius:4px;} .spacer {margin-top:0.5em;} .message-announce {background:#6688AA;color:white;padding:1px 4px 2px;} .message-announce a, .broadcast-green a, .broadcast-blue a, .broadcast-red a {color:#DDEEFF;} .broadcast-green {background-color:#559955;color:white;padding:2px 4px;} .broadcast-blue {background-color:#6688AA;color:white;padding:2px 4px;} .infobox {border:1px solid #6688AA;padding:2px 4px;} .infobox-limited {max-height:200px;overflow:auto;overflow-x:hidden;} .broadcast-red {background-color:#AA5544;color:white;padding:2px 4px;} .message-learn-canlearn {font-weight:bold;color:#228822;text-decoration:underline;} .message-learn-cannotlearn {font-weight:bold;color:#CC2222;text-decoration:underline;} .message-effect-weak {font-weight:bold;color:#CC2222;} .message-effect-resist {font-weight:bold;color:#6688AA;} .message-effect-immune {font-weight:bold;color:#666666;} .message-learn-list {margin-top:0;margin-bottom:0;} .message-throttle-notice, .message-error {color:#992222;} .message-overflow, .chat small.message-overflow {font-size:0pt;} .message-overflow::before {font-size:9pt;content:'...';} .subtle {color:#3A4A66;}
</style>
<div class="wrapper replay-wrapper" style="max-width:1180px;margin:0 auto">
<input type="hidden" name="replayid" value="lc-487584674" />
<div class="battle"></div><div class="battle-log"></div><div class="replay-controls"></div><div class="replay-controls-2"></div>
<h1 style="font-weight:normal;text-align:center"><strong>LC</strong><br /><a href="http://pokemonshowdown.com/users/skurleton" class="subtle" target="_blank">skurleton</a> vs. <a href="http://pokemonshowdown.com/users/pugipugipugi43" class="subtle" target="_blank">PugiPugiPugi43</a></h1>
<script type="text/plain" class="battle-log-data">|j|skurleton
|j|PugiPugiPugi43
|player|p1|skurleton|291
|player|p2|PugiPugiPugi43|165
|gametype|singles
|gen|6
|tier|LC
|seed|56838,60949,1622,62695
|clearpoke
|poke|p1|Abra, L5, F|item
|poke|p1|Carvanha, L5, M|item
|poke|p1|Timburr, L5, M|item
|poke|p1|Koffing, L5, F|item
|poke|p1|Numel, L5, M|item
|poke|p1|Turtwig, L5, M|item
|poke|p2|Bagon, L5, M|item
|poke|p2|Onix, L5, F|item
|poke|p2|Gastly, L5, F|item
|poke|p2|Doduo, L5, M|item
|poke|p2|Magby, L5, M|item
|poke|p2|Lickitung, L5, F|item
|rule|Sleep Clause Mod: Limit one foe put to sleep
|rule|Species Clause: Limit one of each Pokémon
|rule|OHKO Clause: OHKO moves are banned
|rule|Moody Clause: Moody is banned
|rule|Evasion Moves Clause: Evasion moves are banned
|rule|Endless Battle Clause: Forcing endless battles is banned
|rule|HP Percentage Mod: HP is shown in percentages
|teampreview
|choice|team 6, team 2, team 3, team 4, team 5, team 1|team 2, team 1, team 3, team 4, team 5, team 6
|
|start
|switch|p1a: Turtwig|Turtwig, L5, M|22\/22
|switch|p2a: Onix|Onix, L5, F|21\/21
|turn|1
|choice|move stealthrock|move taunt
|
|move|p2a: Onix|Taunt|p1a: Turtwig
|-start|p1a: Turtwig|move: Taunt
|cant|p1a: Turtwig|move: Taunt|Stealth Rock
|
|turn|2
|choice|move seedbomb|move stealthrock
|
|move|p2a: Onix|Stealth Rock|p1a: Turtwig
|-sidestart|p1: skurleton|move: Stealth Rock
|move|p1a: Turtwig|Seed Bomb|p2a: Onix
|-supereffective|p2a: Onix
|-ability|p2a: Onix|Sturdy
|-damage|p2a: Onix|1\/21
|-enditem|p2a: Onix|Berry Juice
|-heal|p2a: Onix|21\/21|[from] item: Berry Juice
|
|turn|3
|choice|move seedbomb|switch 5
|
|switch|p2a: Magby|Magby, L5, M|21\/21
|move|p1a: Turtwig|Seed Bomb|p2a: Magby
|-resisted|p2a: Magby
|-damage|p2a: Magby|15\/21
|
|-end|p1a: Turtwig|move: Taunt
|turn|4
|choice|move stealthrock|move bellydrum
|
|move|p2a: Magby|Belly Drum|p2a: Magby
|-damage|p2a: Magby|5\/21
|-setboost|p2a: Magby|atk|6|[from] move: Belly Drum
|-enditem|p2a: Magby|Berry Juice
|-heal|p2a: Magby|21\/21|[from] item: Berry Juice
|move|p1a: Turtwig|Stealth Rock|p2a: Magby
|-sidestart|p2: PugiPugiPugi43|move: Stealth Rock
|
|turn|5
|choice|move reflect|move firepunch
|
|move|p2a: Magby|Fire Punch|p1a: Turtwig
|-supereffective|p1a: Turtwig
|-damage|p1a: Turtwig|0 fnt
|faint|p1a: Turtwig
|
|choice|switch 2|
|
|switch|p1a: Carvanha|Carvanha, L5, M|21\/21
|-damage|p1a: Carvanha|19\/21|[from] Stealth Rock
|turn|6
|choice|move protect|move machpunch
|
|move|p1a: Carvanha|Protect|p1a: Carvanha
|-singleturn|p1a: Carvanha|Protect
|move|p2a: Magby|Mach Punch|p1a: Carvanha
|-activate|p1a: Carvanha|move: Protect
|
|-ability|p1a: Carvanha|Speed Boost|boost
|-boost|p1a: Carvanha|spe|1
|turn|7
|choice|switch 4|move machpunch
|
|switch|p1a: Koffing|Koffing, L5, F|23\/23
|-damage|p1a: Koffing|21\/23|[from] Stealth Rock
|move|p2a: Magby|Mach Punch|p1a: Koffing
|-resisted|p1a: Koffing
|-damage|p1a: Koffing|16\/23
|
|turn|8
|choice|move clearsmog|move firepunch
|
|move|p2a: Magby|Fire Punch|p1a: Koffing
|-damage|p1a: Koffing|0 fnt
|faint|p1a: Koffing
|
|choice|switch 6|
|
|switch|p1a: Abra|Abra, L5, F|19\/19
|-damage|p1a: Abra|17\/19|[from] Stealth Rock
|turn|9
|choice|move psychic|move return
|
|move|p1a: Abra|Psychic|p2a: Magby
|-damage|p2a: Magby|2\/21
|move|p2a: Magby|Return|p1a: Abra
|-damage|p1a: Abra|0 fnt
|faint|p1a: Abra
|
|c|★skurleton|damn, i got fucked
|choice|switch 4|
|
|switch|p1a: Carvanha|Carvanha, L5, M|19\/21
|-damage|p1a: Carvanha|17\/21|[from] Stealth Rock
|turn|10
|c|★skurleton|NO FUCK
|c|★skurleton|I MISCLICKED
|choice|move waterfall|move machpunch
|
|move|p2a: Magby|Mach Punch|p1a: Carvanha
|-supereffective|p1a: Carvanha
|-damage|p1a: Carvanha|0 fnt
|faint|p1a: Carvanha
|
|choice|switch 3|
|
|switch|p1a: Timburr|Timburr, L5, M|24\/24
|-damage|p1a: Timburr|23\/24|[from] Stealth Rock
|turn|11
|choice|move knockoff|move firepunch
|
|move|p2a: Magby|Fire Punch|p1a: Timburr
|-damage|p1a: Timburr|0 fnt
|faint|p1a: Timburr
|
|c|★skurleton|gg
|choice|switch 5|
|
|switch|p1a: Numel|Numel, L5, M|22\/22
|-damage|p1a: Numel|20\/22|[from] Stealth Rock
|turn|12
|c|★skurleton|you outread me
|choice|move earthpower|move return
|
|move|p2a: Magby|Return|p1a: Numel
|-damage|p1a: Numel|0 fnt
|faint|p1a: Numel
|
|win|PugiPugiPugi43
|player|p1
|player|p2
|l|skurleton
|c|★PugiPugiPugi43|GG
|c|★PugiPugiPugi43|I'll send the video on Reddit for proof</script>
</div>
<div class="battle-log battle-log-inline"><div class="inner"><div class="battle-options"></div><div class="inner"><div class="chat"><small>skurleton joined.</small></div><div class="chat"><small>PugiPugiPugi43 joined.</small></div><div class=""><small>Format:</small> <br><strong>LC</strong></div><div class=""><small><em>Sleep Clause Mod:</em> Limit one foe put to sleep</small></div><div class=""><small><em>Species Clause:</em> Limit one of each Pokémon</small></div><div class=""><small><em>OHKO Clause:</em> OHKO moves are banned</small></div><div class=""><small><em>Moody Clause:</em> Moody is banned</small></div><div class=""><small><em>Evasion Moves Clause:</em> Evasion moves are banned</small></div><div class=""><small><em>Endless Battle Clause:</em> Forcing endless battles is banned</small></div><div class=""><small><em>HP Percentage Mod:</em> HP is shown in percentages</small></div><div class="chat battle-history"><strong>skurleton's team:</strong> <em style="color:#445566;display:block;">Abra / Carvanha / Timburr / Koffing / Numel / Turtwig</em></div><div class="chat battle-history"><strong>PugiPugiPugi43's team:</strong> <em style="color:#445566;display:block;">Bagon / Onix / Gastly / Doduo / Magby / Lickitung</em></div><div class="spacer battle-history"><br></div><div class="battle-history">Battle started between skurleton and PugiPugiPugi43!<br></div><div class="spacer battle-history"><br></div><div class="battle-history">Go! <strong>Turtwig</strong>!<br></div><div class="spacer battle-history"><br></div><div class="battle-history">PugiPugiPugi43 sent out <strong>Onix</strong>!<br></div><div class="spacer battle-history"><br></div><h2 class="battle-history">Turn 1</h2><div class="spacer battle-history"><br></div><div class="battle-history">The opposing Onix used <strong>Taunt</strong>!<br></div><div class="battle-history"><small>Turtwig fell for the taunt!</small><br></div><div class="spacer battle-history"><br></div><div class="battle-history">Turtwig can't use Stealth Rock after the taunt!<br></div><div class="spacer battle-history"><br></div><h2 class="battle-history">Turn 2</h2><div class="spacer battle-history"><br></div><div class="battle-history">The opposing Onix used <strong>Stealth Rock</strong>!<br></div><div class="battle-history"><small>Pointed stones float in the air around your team!</small><br></div><div class="spacer battle-history"><br></div><div class="battle-history">Turtwig used <strong>Seed Bomb</strong>!<br></div><div class="battle-history"><small>It's super effective!</small><br></div><div class="battle-history"><small>[The opposing Onix's Sturdy]</small><br><small>The opposing Onix endured the hit!</small><br></div><div class="battle-history"><small>(The opposing Onix lost <abbr title="−20/21">95.2%</abbr> of its health!)</small><br></div><div class="battle-history"><small>(The opposing Onix used its Berry Juice!)</small><br></div><div class="battle-history"><small>The opposing Onix restored HP using its Berry Juice!</small><br></div><div class="spacer battle-history"><br></div><h2 class="battle-history">Turn 3</h2><div class="spacer battle-history"><br></div><div class="battle-history">PugiPugiPugi43 withdrew Onix!<br></div><div class="battle-history">PugiPugiPugi43 sent out <strong>Magby</strong>!<br></div><div class="spacer battle-history"><br></div><div class="battle-history">Turtwig used <strong>Seed Bomb</strong>!<br></div><div class="battle-history"><small>It's not very effective...</small><br></div><div class="battle-history"><small>(The opposing Magby lost <abbr title="−6/21">28.6%</abbr> of its health!)</small><br></div><div class="spacer battle-history"><br></div><div class="battle-history"><small>Turtwig's taunt wore off!</small><br></div><div class="spacer battle-history"><br></div><h2 class="battle-history">Turn 4</h2><div class="spacer battle-history"><br></div><div class="battle-history">The opposing Magby used <strong>Belly Drum</strong>!<br></div><div class="battle-history"><small>(The opposing Magby lost <abbr title="−10/21">47.6%</abbr> of its health!)</small><br></div><div class="battle-history"><small>The opposing Magby cut its own HP and maximized its Attack!</small><br></div><div class="battle-history"><small>(The opposing Magby used its Berry Juice!)</small><br></div><div class="battle-history"><small>The opposing Magby restored HP using its Berry Juice!</small><br></div><div class="spacer battle-history"><br></div><div class="battle-history">Turtwig used <strong>Stealth Rock</strong>!<br></div><div class="battle-history"><small>Pointed stones float in the air around the opposing team!</small><br></div><div class="spacer battle-history"><br></div><h2 class="battle-history">Turn 5</h2><div class="spacer battle-history"><br></div><div class="battle-history">The opposing Magby used <strong>Fire Punch</strong>!<br></div><div class="battle-history"><small>It's super effective!</small><br></div><div class="battle-history"><small>(Turtwig lost <abbr title="−22/22">100%</abbr> of its health!)</small><br></div><div class="spacer battle-history"><br></div><div class="battle-history">Turtwig fainted!<br></div><div class="spacer battle-history"><br></div><div class="battle-history">Go! <strong>Carvanha</strong>!<br></div><div class="battle-history"><small>Pointed stones dug into Carvanha!</small><br></div><div class="spacer battle-history"><br></div><h2 class="battle-history">Turn 6</h2><div class="spacer battle-history"><br></div><div class="battle-history">Carvanha used <strong>Protect</strong>!<br></div><div class="battle-history"><small>Carvanha protected itself!</small><br></div><div class="spacer battle-history"><br></div><div class="battle-history">The opposing Magby used <strong>Mach Punch</strong>!<br></div><div class="battle-history"><small>Carvanha protected itself!</small><br></div><div class="spacer battle-history"><br></div><div class="battle-history"><small>[Carvanha's Speed Boost]</small><br></div><div class="battle-history"><small>Carvanha's Speed rose!</small><br></div><div class="spacer battle-history"><br></div><h2 class="battle-history">Turn 7</h2><div class="spacer battle-history"><br></div><div class="battle-history">Carvanha, come back!<br></div><div class="battle-history">Go! <strong>Koffing</strong>!<br></div><div class="battle-history"><small>Pointed stones dug into Koffing!</small><br></div><div class="spacer battle-history"><br></div><div class="battle-history">The opposing Magby used <strong>Mach Punch</strong>!<br></div><div class="battle-history"><small>It's not very effective...</small><br></div><div class="battle-history"><small>(Koffing lost <abbr title="−5/23">21.7%</abbr> of its health!)</small><br></div><div class="spacer battle-history"><br></div><h2 class="battle-history">Turn 8</h2><div class="spacer battle-history"><br></div><div class="battle-history">The opposing Magby used <strong>Fire Punch</strong>!<br></div><div class="battle-history"><small>(Koffing lost <abbr title="−16/23">69.6%</abbr> of its health!)</small><br></div><div class="spacer battle-history"><br></div><div class="battle-history">Koffing fainted!<br></div><div class="spacer battle-history"><br></div><div class="battle-history">Go! <strong>Abra</strong>!<br></div><div class="battle-history"><small>Pointed stones dug into Abra!</small><br></div><div class="spacer battle-history"><br></div><h2 class="battle-history">Turn 9</h2><div class="spacer battle-history"><br></div><div class="battle-history">Abra used <strong>Psychic</strong>!<br></div><div class="battle-history"><small>(The opposing Magby lost <abbr title="−19/21">90.5%</abbr> of its health!)</small><br></div><div class="spacer battle-history"><br></div><div class="battle-history">The opposing Magby used <strong>Return</strong>!<br></div><div class="battle-history"><small>(Abra lost <abbr title="−17/19">89.5%</abbr> of its health!)</small><br></div><div class="spacer battle-history"><br></div><div class="battle-history">Abra fainted!<br></div><div class="chat chatmessage-skurleton"><strong style="color:hsl(210,89%,47.218462608588794%)"><small>★</small><span class="username" data-name="skurleton">skurleton</span>:</strong> <em>damn, i got fucked</em></div><div class="spacer battle-history"><br></div><div class="battle-history">Go! <strong>Carvanha</strong>!<br></div><div class="battle-history"><small>Pointed stones dug into Carvanha!</small><br></div><div class="spacer battle-history"><br></div><h2 class="battle-history">Turn 10</h2><div class="chat chatmessage-skurleton"><strong style="color:hsl(210,89%,47.218462608588794%)"><small>★</small><span class="username" data-name="skurleton">skurleton</span>:</strong> <em>NO FUCK</em></div><div class="chat chatmessage-skurleton"><strong style="color:hsl(210,89%,47.218462608588794%)"><small>★</small><span class="username" data-name="skurleton">skurleton</span>:</strong> <em>I MISCLICKED</em></div><div class="spacer battle-history"><br></div><div class="battle-history">The opposing Magby used <strong>Mach Punch</strong>!<br></div><div class="battle-history"><small>It's super effective!</small><br></div><div class="battle-history"><small>(Carvanha lost <abbr title="−17/21">81.0%</abbr> of its health!)</small><br></div><div class="spacer battle-history"><br></div><div class="battle-history">Carvanha fainted!<br></div><div class="spacer battle-history"><br></div><div class="battle-history">Go! <strong>Timburr</strong>!<br></div><div class="battle-history"><small>Pointed stones dug into Timburr!</small><br></div><div class="spacer battle-history"><br></div><h2 class="battle-history">Turn 11</h2><div class="spacer battle-history"><br></div><div class="battle-history">The opposing Magby used <strong>Fire Punch</strong>!<br></div><div class="battle-history"><small>(Timburr lost <abbr title="−23/24">95.8%</abbr> of its health!)</small><br></div><div class="spacer battle-history"><br></div><div class="battle-history">Timburr fainted!<br></div><div class="chat chatmessage-skurleton"><strong style="color:hsl(210,89%,47.218462608588794%)"><small>★</small><span class="username" data-name="skurleton">skurleton</span>:</strong> <em>gg</em></div><div class="spacer battle-history"><br></div><div class="battle-history">Go! <strong>Numel</strong>!<br></div><div class="battle-history"><small>Pointed stones dug into Numel!</small><br></div><div class="spacer battle-history"><br></div><h2 class="battle-history">Turn 12</h2><div class="chat chatmessage-skurleton"><strong style="color:hsl(210,89%,47.218462608588794%)"><small>★</small><span class="username" data-name="skurleton">skurleton</span>:</strong> <em>you outread me</em></div><div class="spacer battle-history"><br></div><div class="battle-history">The opposing Magby used <strong>Return</strong>!<br></div><div class="battle-history"><small>(Numel lost <abbr title="−20/22">90.9%</abbr> of its health!)</small><br></div><div class="spacer battle-history"><br></div><div class="battle-history">Numel fainted!<br></div><div class="spacer battle-history"><br></div><div class="battle-history"><strong>PugiPugiPugi43</strong> won the battle!<br></div><div class="chat"><small>skurleton left.</small></div><div class="chat chatmessage-pugipugipugi43"><strong style="color:hsl(108,73%,33%)"><small>★</small><span class="username" data-name="PugiPugiPugi43">PugiPugiPugi43</span>:</strong> <em>GG</em></div><div class="chat chatmessage-pugipugipugi43"><strong style="color:hsl(108,73%,33%)"><small>★</small><span class="username" data-name="PugiPugiPugi43">PugiPugiPugi43</span>:</strong> <em>I'll send the video on Reddit for proof</em></div></div><div class="inner-preempt"></div></div></div>
</div>
<script>
let daily = Math.floor(Date.now()/1000/60/60/24);document.write('<script src="https://play.pokemonshowdown.com/js/replay-embed.js?version'+daily+'"></'+'script>');
</script>
