<!DOCTYPE html>
<meta charset="utf-8" />
<!-- version 1 -->
<title>LC replay: Gambit0 vs. drack master</title>
<style>
html,body {font-family:Verdana, sans-serif;font-size:10pt;margin:0;padding:0;}body{padding:12px 0;} .battle-log {font-family:Verdana, sans-serif;font-size:10pt;} .battle-log-inline {border:1px solid #AAAAAA;background:#EEF2F5;color:black;max-width:640px;margin:0 auto 80px;padding-bottom:5px;} .battle-log .inner {padding:4px 8px 0px 8px;} .battle-log .inner-preempt {padding:0 8px 4px 8px;} .battle-log .inner-after {margin-top:0.5em;} .battle-log h2 {margin:0.5em -8px;padding:4px 8px;border:1px solid #AAAAAA;background:#E0E7EA;border-left:0;border-right:0;font-family:Verdana, sans-serif;font-size:13pt;} .battle-log .chat {vertical-align:middle;padding:3px 0 3px 0;font-size:8pt;} .battle-log .chat strong {color:#40576A;} .battle-log .chat em {padding:1px 4px 1px 3px;color:#000000;font-style:normal;} .chat.mine {background:rgba(0,0,0,0.05);margin-left:-8px;margin-right:-8px;padding-left:8px;padding-right:8px;} .spoiler {color:#BBBBBB;background:#BBBBBB;padding:0px 3px;} .spoiler:hover, .spoiler:active, .spoiler-shown {color:#000000;background:#E2E2E2;padding:0px 3px;} .spoiler a {color:#BBBBBB;} .spoiler:hover a, .spoiler:active a, .spoiler-shown a {color:#2288CC;} .chat code, .chat .spoiler:hover code, .chat .spoiler:active code, .chat .spoiler-shown code {border:1px solid #C0C0C0;background:#EEEEEE;color:black;padding:0 2px;} .chat .spoiler code {border:1px solid #CCCCCC;background:#CCCCCC;color:#CCCCCC;} .battle-log .rated {padding:3px 4px;} .battle-log .rated strong {color:white;background:#89A;padding:1px 4px;border-radius:4px;} .spacer {margin-top:0.5em;} .message-announce {background:#6688AA;color:white;padding:1px 4px 2px;} .message-announce a, .broadcast-green a, .broadcast-blue a, .broadcast-red a {color:#DDEEFF;} .broadcast-green {background-color:#559955;color:white;padding:2px 4px;} .broadcast-blue {background-color:#6688AA;color:white;padding:2px 4px;} .infobox {border:1px solid #6688AA;padding:2px 4px;} .infobox-limited {max-height:200px;overflow:auto;overflow-x:hidden;} .broadcast-red {background-color:#AA5544;color:white;padding:2px 4px;} .message-learn-canlearn {font-weight:bold;color:#228822;text-decoration:underline;} .message-learn-cannotlearn {font-weight:bold;color:#CC2222;text-decoration:underline;} .message-effect-weak {font-weight:bold;color:#CC2222;} .message-effect-resist {font-weight:bold;color:#6688AA;} .message-effect-immune {font-weight:bold;color:#666666;} .message-learn-list {margin-top:0;margin-bottom:0;} .message-throttle-notice, .message-error {color:#992222;} .message-overflow, .chat small.message-overflow {font-size:0pt;} .message-overflow::before {font-size:9pt;content:'...';} .subtle {color:#3A4A66;}
</style>
<div class="wrapper replay-wrapper" style="max-width:1180px;margin:0 auto">
<input type="hidden" name="replayid" value="destiny-lc-25331" />
<div class="battle"></div><div class="battle-log"></div><div class="replay-controls"></div><div class="replay-controls-2"></div>
<h1 style="font-weight:normal;text-align:center"><strong>LC</strong><br /><a href="http://pokemonshowdown.com/users/gambit0" class="subtle" target="_blank">Gambit0</a> vs. <a href="http://pokemonshowdown.com/users/drackmaster" class="subtle" target="_blank">drack master</a></h1>
<script type="text/plain" class="battle-log-data">|j|Gambit0
|j|drack master
|unlink|||tour
|player|p1|Gambit0|52
|player|p2|drack master|161
|gametype|singles
|gen|7
|tier|LC
|seed|43993,16986,6892,4287
|rule|Cláusula de Contoneo: se prohibe el uso de Contoneo
|clearpoke
|poke|p1|Aipom, L5, F|item
|poke|p1|Paras, L5, F|item
|poke|p2|Eevee, L5, M, shiny|item
|poke|p2|Igglybuff, L5, F|item
|rule|Cláusula-Mod de Dormir: solo puedes dormir a uno de tus oponentes a la vez.
|rule|Cláusula de Especie: Hasta un Pokémon de cada especie
|rule|Cláusula de Golpe Fulminante: los movimientos fulminantes (OHKO) estan prohibidos
|rule|Cláusula de Moody: la habilidad Moody está prohibida
|rule|Cláusula de Movimientos Evasivos: los movimientos de evasion estan prohibidos
|rule|Cláusula de Batallas Eternas: forzar batallas eternas está prohibido
|teampreview
|c|★Gambit0|XD
|c|★Gambit0|hola bbrooooooooo
|choice|*|*team 12
|c|★Gambit0|jaja
|c|★Gambit0|jajaja
|c|★Gambit0|jajaja
|c|★drack master|hola bro
|c|★Gambit0|muajajja
|c|★Gambit0|eres pedro
|c|★Gambit0|verdad?
|c|★drack master|si
|choice|*team 21|*
|choice|team 2, team 1|team 1, team 2
|
|start
|switch|p1a: Paras|Paras, L5, F|20\/20
|switch|p2a: Eevee|Eevee, L5, M, shiny|25\/25
|turn|1
|choice|*move 1|*
|choice|*|*move 4
|choice|move spore|move return
|
|move|p2a: Eevee|Return|p1a: Paras
|-enditem|p1a: Paras|Focus Sash
|-damage|p1a: Paras|1\/20
|-damage|p2a: Eevee|23\/25|[from] item: Life Orb
|move|p1a: Paras|Spore|p2a: Eevee
|-status|p2a: Eevee|slp
|
|upkeep
|turn|2
|choice|*move 4|*
|c|★drack master|odio eso :v
|choice|*|*switch 2
|choice|move growth|switch 2
|
|switch|p2a: Igglybuff|Igglybuff, L5, F|28\/28
|move|p1a: Paras|Growth|p1a: Paras
|-boost|p1a: Paras|atk|1
|-boost|p1a: Paras|spa|1
|
|upkeep
|turn|3
|choice|*|*move 2
|choice|*move 2|*
|choice|move leechlife|move flamethrower
|
|move|p1a: Paras|Leech Life|p2a: Igglybuff
|-resisted|p2a: Igglybuff
|-damage|p2a: Igglybuff|18\/28
|-heal|p1a: Paras|6\/20|[from] drain|[of] p2a: Igglybuff
|move|p2a: Igglybuff|Flamethrower|p1a: Paras
|-supereffective|p1a: Paras
|-damage|p1a: Paras|0 fnt
|faint|p1a: Paras
|
|upkeep
|choice|*switch 2|*
|choice|switch 2|
|
|switch|p1a: Aipom|Aipom, L5, F|22\/22
|turn|4
|choice|*move 1|*
|choice|*|*move 1
|choice|move furyswipes|move sing
|
|move|p1a: Aipom|Fury Swipes|p2a: Igglybuff
|-damage|p2a: Igglybuff|14\/28
|-damage|p2a: Igglybuff|10\/28
|-crit|p2a: Igglybuff
|-damage|p2a: Igglybuff|3\/28
|-damage|p2a: Igglybuff|0 fnt
|-hitcount|p2a: Igglybuff|4
|faint|p2a: Igglybuff
|
|upkeep
|choice|*|*switch 2
|choice||switch 2
|
|switch|p2a: Eevee|Eevee, L5, M, shiny|23\/25 slp
|turn|5
|choice|*move 4|*
|c|★drack master|despietate :´v
|choice|*|*move 4
|choice|move screech|move return
|
|move|p1a: Aipom|Screech|p2a: Eevee
|-unboost|p2a: Eevee|def|2
|cant|p2a: Eevee|slp
|
|upkeep
|turn|6
|c|★Gambit0|15.000 :3
|choice|*move 1|*
|c|★drack master|mi momento ha llegado
|c|★Gambit0|gg
|choice|*|*move 4
|choice|move furyswipes|move return
|
|move|p1a: Aipom|Fury Swipes|p2a: Eevee|[miss]
|-miss|p1a: Aipom|p2a: Eevee
|cant|p2a: Eevee|slp
|
|upkeep
|turn|7
|choice|*|*move 4
|c|★Gambit0|puta vida
|choice|*move 1|*
|choice|move furyswipes|move return
|
|move|p1a: Aipom|Fury Swipes|p2a: Eevee
|-damage|p2a: Eevee|16\/25 slp
|-damage|p2a: Eevee|9\/25 slp
|-damage|p2a: Eevee|2\/25 slp
|-damage|p2a: Eevee|0 fnt
|-hitcount|p2a: Eevee|4
|faint|p2a: Eevee
|
|win|Gambit0
|player|p1
|player|p2
|c|★drack master|xd</script>
</div>
<div class="battle-log battle-log-inline"><div class="inner"><div class="battle-options"></div><div class="inner"><div class="chat"><small>Gambit0 joined.</small></div><div class="chat"><small>drack master joined.</small></div><div class=""><small>Format:</small> <br><strong>LC</strong></div><div class=""><small><em>Cláusula de Contoneo:</em> se prohibe el uso de Contoneo</small></div><div class=""><small><em>Cláusula-Mod de Dormir:</em> solo puedes dormir a uno de tus oponentes a la vez.</small></div><div class=""><small><em>Cláusula de Especie:</em> Hasta un Pokémon de cada especie</small></div><div class=""><small><em>Cláusula de Golpe Fulminante:</em> los movimientos fulminantes (OHKO) estan prohibidos</small></div><div class=""><small><em>Cláusula de Moody:</em> la habilidad Moody está prohibida</small></div><div class=""><small><em>Cláusula de Movimientos Evasivos:</em> los movimientos de evasion estan prohibidos</small></div><div class=""><small><em>Cláusula de Batallas Eternas:</em> forzar batallas eternas está prohibido</small></div><div class="chat battle-history"><strong>Gambit0's team:</strong> <em style="color:#445566;display:block;">Aipom / Paras</em></div><div class="chat battle-history"><strong>drack master's team:</strong> <em style="color:#445566;display:block;">Eevee / Igglybuff</em></div><div class="chat chatmessage-gambit0"><strong style="color:hsl(103,83%,32.88623053154524%)"><small>★</small><span class="username" data-name="Gambit0">Gambit0</span>:</strong> <em>XD</em></div><div class="chat chatmessage-gambit0"><strong style="color:hsl(103,83%,32.88623053154524%)"><small>★</small><span class="username" data-name="Gambit0">Gambit0</span>:</strong> <em>hola bbrooooooooo</em></div><div class="chat chatmessage-gambit0"><strong style="color:hsl(103,83%,32.88623053154524%)"><small>★</small><span class="username" data-name="Gambit0">Gambit0</span>:</strong> <em>jaja</em></div><div class="chat chatmessage-gambit0"><strong style="color:hsl(103,83%,32.88623053154524%)"><small>★</small><span class="username" data-name="Gambit0">Gambit0</span>:</strong> <em>jajaja</em></div><div class="chat chatmessage-gambit0"><strong style="color:hsl(103,83%,32.88623053154524%)"><small>★</small><span class="username" data-name="Gambit0">Gambit0</span>:</strong> <em>jajaja</em></div><div class="chat chatmessage-drackmaster"><strong style="color:hsl(57,65%,36.954566281338884%)"><small>★</small><span class="username" data-name="drack master">drack master</span>:</strong> <em>hola bro</em></div><div class="chat chatmessage-gambit0"><strong style="color:hsl(103,83%,32.88623053154524%)"><small>★</small><span class="username" data-name="Gambit0">Gambit0</span>:</strong> <em>muajajja</em></div><div class="chat chatmessage-gambit0"><strong style="color:hsl(103,83%,32.88623053154524%)"><small>★</small><span class="username" data-name="Gambit0">Gambit0</span>:</strong> <em>eres pedro</em></div><div class="chat chatmessage-gambit0"><strong style="color:hsl(103,83%,32.88623053154524%)"><small>★</small><span class="username" data-name="Gambit0">Gambit0</span>:</strong> <em>verdad?</em></div><div class="chat chatmessage-drackmaster"><strong style="color:hsl(57,65%,36.954566281338884%)"><small>★</small><span class="username" data-name="drack master">drack master</span>:</strong> <em>si</em></div><div class="spacer battle-history"><br></div><div class="battle-history">Battle started between Gambit0 and drack master!<br></div><div class="spacer battle-history"><br></div><div class="battle-history">Go! <strong>Paras</strong>!<br></div><div class="spacer battle-history"><br></div><div class="battle-history">drack master sent out <strong>Eevee</strong>!<br></div><div class="spacer battle-history"><br></div><h2 class="battle-history">Turn 1</h2><div class="spacer battle-history"><br></div><div class="battle-history">The opposing Eevee used <strong>Return</strong>!<br></div><div class="battle-history"><small>Paras hung on using its Focus Sash!</small><br></div><div class="battle-history"><small>(Paras lost <abbr title="−19/20">95%</abbr> of its health!)</small><br></div><div class="battle-history"><small>The opposing Eevee lost some of its HP!</small><br></div><div class="spacer battle-history"><br></div><div class="battle-history">Paras used <strong>Spore</strong>!<br></div><div class="battle-history"><small>The opposing Eevee fell asleep!</small><br></div><div class="spacer battle-history"><br></div><h2 class="battle-history">Turn 2</h2><div class="chat chatmessage-drackmaster"><strong style="color:hsl(57,65%,36.954566281338884%)"><small>★</small><span class="username" data-name="drack master">drack master</span>:</strong> <em>odio eso :v</em></div><div class="spacer battle-history"><br></div><div class="battle-history">drack master withdrew Eevee!<br></div><div class="battle-history">drack master sent out <strong>Igglybuff</strong>!<br></div><div class="spacer battle-history"><br></div><div class="battle-history">Paras used <strong>Growth</strong>!<br></div><div class="battle-history"><small>Paras's Attack rose!</small><br></div><div class="battle-history"><small>Paras's Special Attack rose!</small><br></div><div class="spacer battle-history"><br></div><h2 class="battle-history">Turn 3</h2><div class="spacer battle-history"><br></div><div class="battle-history">Paras used <strong>Leech Life</strong>!<br></div><div class="battle-history"><small>It's not very effective...</small><br></div><div class="battle-history"><small>(The opposing Igglybuff lost <abbr title="−10/28">35.7%</abbr> of its health!)</small><br></div><div class="battle-history"><small>The opposing Igglybuff had its energy drained!</small><br></div><div class="spacer battle-history"><br></div><div class="battle-history">The opposing Igglybuff used <strong>Flamethrower</strong>!<br></div><div class="battle-history"><small>It's super effective!</small><br></div><div class="battle-history"><small>(Paras lost <abbr title="−6/20">30%</abbr> of its health!)</small><br></div><div class="spacer battle-history"><br></div><div class="battle-history">Paras fainted!<br></div><div class="spacer battle-history"><br></div><div class="battle-history">Go! <strong>Aipom</strong>!<br></div><div class="spacer battle-history"><br></div><h2 class="battle-history">Turn 4</h2><div class="spacer battle-history"><br></div><div class="battle-history">Aipom used <strong>Fury Swipes</strong>!<br></div><div class="battle-history"><small>(The opposing Igglybuff lost <abbr title="−4/28">14.3%</abbr> of its health!)</small><br></div><div class="battle-history"><small>(The opposing Igglybuff lost <abbr title="−4/28">14.3%</abbr> of its health!)</small><br></div><div class="battle-history"><small>A critical hit!</small><br></div><div class="battle-history"><small>(The opposing Igglybuff lost <abbr title="−7/28">25%</abbr> of its health!)</small><br></div><div class="battle-history"><small>(The opposing Igglybuff lost <abbr title="−3/28">10.7%</abbr> of its health!)</small><br></div><div class="battle-history"><small>Hit 4 times!</small><br></div><div class="spacer battle-history"><br></div><div class="battle-history">The opposing Igglybuff fainted!<br></div><div class="spacer battle-history"><br></div><div class="battle-history">drack master sent out <strong>Eevee</strong>!<br></div><div class="spacer battle-history"><br></div><h2 class="battle-history">Turn 5</h2><div class="chat chatmessage-drackmaster"><strong style="color:hsl(57,65%,36.954566281338884%)"><small>★</small><span class="username" data-name="drack master">drack master</span>:</strong> <em>despietate :´v</em></div><div class="spacer battle-history"><br></div><div class="battle-history">Aipom used <strong>Screech</strong>!<br></div><div class="battle-history"><small>The opposing Eevee's Defense fell harshly!</small><br></div><div class="spacer battle-history"><br></div><div class="battle-history">The opposing Eevee is fast asleep.<br></div><div class="spacer battle-history"><br></div><h2 class="battle-history">Turn 6</h2><div class="chat chatmessage-gambit0"><strong style="color:hsl(103,83%,32.88623053154524%)"><small>★</small><span class="username" data-name="Gambit0">Gambit0</span>:</strong> <em>15.000 :3</em></div><div class="chat chatmessage-drackmaster"><strong style="color:hsl(57,65%,36.954566281338884%)"><small>★</small><span class="username" data-name="drack master">drack master</span>:</strong> <em>mi momento ha llegado</em></div><div class="chat chatmessage-gambit0"><strong style="color:hsl(103,83%,32.88623053154524%)"><small>★</small><span class="username" data-name="Gambit0">Gambit0</span>:</strong> <em>gg</em></div><div class="spacer battle-history"><br></div><div class="battle-history">Aipom used <strong>Fury Swipes</strong>!<br></div><div class="battle-history"><small>The opposing Eevee avoided the attack!</small><br></div><div class="spacer battle-history"><br></div><div class="battle-history">The opposing Eevee is fast asleep.<br></div><div class="spacer battle-history"><br></div><h2 class="battle-history">Turn 7</h2><div class="chat chatmessage-gambit0"><strong style="color:hsl(103,83%,32.88623053154524%)"><small>★</small><span class="username" data-name="Gambit0">Gambit0</span>:</strong> <em>puta vida</em></div><div class="spacer battle-history"><br></div><div class="battle-history">Aipom used <strong>Fury Swipes</strong>!<br></div><div class="battle-history"><small>(The opposing Eevee lost <abbr title="−7/25">28.0%</abbr> of its health!)</small><br></div><div class="battle-history"><small>(The opposing Eevee lost <abbr title="−7/25">28.0%</abbr> of its health!)</small><br></div><div class="battle-history"><small>(The opposing Eevee lost <abbr title="−7/25">28.0%</abbr> of its health!)</small><br></div><div class="battle-history"><small>(The opposing Eevee lost <abbr title="−2/25">8%</abbr> of its health!)</small><br></div><div class="battle-history"><small>Hit 4 times!</small><br></div><div class="spacer battle-history"><br></div><div class="battle-history">The opposing Eevee fainted!<br></div><div class="spacer battle-history"><br></div><div class="battle-history"><strong>Gambit0</strong> won the battle!<br></div><div class="chat chatmessage-drackmaster"><strong style="color:hsl(57,65%,36.954566281338884%)"><small>★</small><span class="username" data-name="drack master">drack master</span>:</strong> <em>xd</em></div></div><div class="inner-preempt"></div></div></div>
</div>
<script>
let daily = Math.floor(Date.now()/1000/60/60/24);document.write('<script src="https://play.pokemonshowdown.com/js/replay-embed.js?version'+daily+'"></'+'script>');
</script>
