<!DOCTYPE html>
<meta charset="utf-8" />
<!-- version 1 -->
<title>LC replay: missbiancadelrio vs. UltJan</title>
<style>
html,body {font-family:Verdana, sans-serif;font-size:10pt;margin:0;padding:0;}body{padding:12px 0;} .battle-log {font-family:Verdana, sans-serif;font-size:10pt;} .battle-log-inline {border:1px solid #AAAAAA;background:#EEF2F5;color:black;max-width:640px;margin:0 auto 80px;padding-bottom:5px;} .battle-log .inner {padding:4px 8px 0px 8px;} .battle-log .inner-preempt {padding:0 8px 4px 8px;} .battle-log .inner-after {margin-top:0.5em;} .battle-log h2 {margin:0.5em -8px;padding:4px 8px;border:1px solid #AAAAAA;background:#E0E7EA;border-left:0;border-right:0;font-family:Verdana, sans-serif;font-size:13pt;} .battle-log .chat {vertical-align:middle;padding:3px 0 3px 0;font-size:8pt;} .battle-log .chat strong {color:#40576A;} .battle-log .chat em {padding:1px 4px 1px 3px;color:#000000;font-style:normal;} .chat.mine {background:rgba(0,0,0,0.05);margin-left:-8px;margin-right:-8px;padding-left:8px;padding-right:8px;} .spoiler {color:#BBBBBB;background:#BBBBBB;padding:0px 3px;} .spoiler:hover, .spoiler:active, .spoiler-shown {color:#000000;background:#E2E2E2;padding:0px 3px;} .spoiler a {color:#BBBBBB;} .spoiler:hover a, .spoiler:active a, .spoiler-shown a {color:#2288CC;} .chat code, .chat .spoiler:hover code, .chat .spoiler:active code, .chat .spoiler-shown code {border:1px solid #C0C0C0;background:#EEEEEE;color:black;padding:0 2px;} .chat .spoiler code {border:1px solid #CCCCCC;background:#CCCCCC;color:#CCCCCC;} .battle-log .rated {padding:3px 4px;} .battle-log .rated strong {color:white;background:#89A;padding:1px 4px;border-radius:4px;} .spacer {margin-top:0.5em;} .message-announce {background:#6688AA;color:white;padding:1px 4px 2px;} .message-announce a, .broadcast-green a, .broadcast-blue a, .broadcast-red a {color:#DDEEFF;} .broadcast-green {background-color:#559955;color:white;padding:2px 4px;} .broadcast-blue {background-color:#6688AA;color:white;padding:2px 4px;} .infobox {border:1px solid #6688AA;padding:2px 4px;} .infobox-limited {max-height:200px;overflow:auto;overflow-x:hidden;} .broadcast-red {background-color:#AA5544;color:white;padding:2px 4px;} .message-learn-canlearn {font-weight:bold;color:#228822;text-decoration:underline;} .message-learn-cannotlearn {font-weight:bold;color:#CC2222;text-decoration:underline;} .message-effect-weak {font-weight:bold;color:#CC2222;} .message-effect-resist {font-weight:bold;color:#6688AA;} .message-effect-immune {font-weight:bold;color:#666666;} .message-learn-list {margin-top:0;margin-bottom:0;} .message-throttle-notice, .message-error {color:#992222;} .message-overflow, .chat small.message-overflow {font-size:0pt;} .message-overflow::before {font-size:9pt;content:'...';} .subtle {color:#3A4A66;}
</style>
<div class="wrapper replay-wrapper" style="max-width:1180px;margin:0 auto">
<input type="hidden" name="replayid" value="lc-481126091" />
<div class="battle"></div><div class="battle-log"></div><div class="replay-controls"></div><div class="replay-controls-2"></div>
<h1 style="font-weight:normal;text-align:center"><strong>LC</strong><br /><a href="http://pokemonshowdown.com/users/missbiancadelrio" class="subtle" target="_blank">missbiancadelrio</a> vs. <a href="http://pokemonshowdown.com/users/ultjan" class="subtle" target="_blank">UltJan</a></h1>
<script type="text/plain" class="battle-log-data">|j|missbiancadelrio
|j|UltJan
|player|p1|missbiancadelrio|2
|player|p2|UltJan|23
|gametype|singles
|gen|6
|tier|LC
|rated
|seed|5651,31434,32319,39953
|clearpoke
|poke|p1|Glameow, L5, F|item
|poke|p1|Meowth, L5, F|item
|poke|p1|Purrloin, L5, F|item
|poke|p1|Shinx, L5, F|item
|poke|p1|Skitty, L5, F|item
|poke|p1|Litleo, L5, F|item
|poke|p2|Sandile, L5, M|item
|poke|p2|Honedge, L5, M|item
|poke|p2|Hoppip, L5, M|item
|poke|p2|Shinx, L5, F|item
|poke|p2|Amaura, L5, M|item
|poke|p2|Wooper, L5, M|item
|rule|Sleep Clause Mod: Limit one foe put to sleep
|rule|Species Clause: Limit one of each Pokémon
|rule|OHKO Clause: OHKO moves are banned
|rule|Moody Clause: Moody is banned
|rule|Evasion Moves Clause: Evasion moves are banned
|rule|Endless Battle Clause: Forcing endless battles is banned
|rule|HP Percentage Mod: HP is shown in percentages
|teampreview
|choice|team 5, team 2, team 3, team 4, team 1, team 6|team 1, team 2, team 3, team 4, team 5, team 6
|
|start
|switch|p1a: Skitty|Skitty, L5, F|22\/22
|switch|p2a: Sandile|Sandile, L5, M|21\/21
|-ability|p2a: Sandile|Intimidate|boost
|-unboost|p1a: Skitty|atk|1
|turn|1
|choice|move cosmicpower|move earthquake
|
|move|p2a: Sandile|Earthquake|p1a: Skitty
|-damage|p1a: Skitty|9\/22
|-enditem|p1a: Skitty|Berry Juice
|-heal|p1a: Skitty|22\/22|[from] item: Berry Juice
|move|p1a: Skitty|Cosmic Power|p1a: Skitty
|-boost|p1a: Skitty|def|1
|-boost|p1a: Skitty|spd|1
|
|turn|2
|choice|move cosmicpower|move earthquake
|
|move|p2a: Sandile|Earthquake|p1a: Skitty
|-damage|p1a: Skitty|13\/22
|move|p1a: Skitty|Cosmic Power|p1a: Skitty
|-boost|p1a: Skitty|def|1
|-boost|p1a: Skitty|spd|1
|
|turn|3
|choice|move cosmicpower|move earthquake
|
|move|p2a: Sandile|Earthquake|p1a: Skitty
|-damage|p1a: Skitty|6\/22
|move|p1a: Skitty|Cosmic Power|p1a: Skitty
|-boost|p1a: Skitty|def|1
|-boost|p1a: Skitty|spd|1
|
|turn|4
|choice|move wish|move pursuit
|
|move|p2a: Sandile|Pursuit|p1a: Skitty
|-damage|p1a: Skitty|3\/22
|move|p1a: Skitty|Wish|p1a: Skitty
|
|turn|5
|choice|move protect|move pursuit
|
|move|p1a: Skitty|Protect|p1a: Skitty
|-singleturn|p1a: Skitty|Protect
|move|p2a: Sandile|Pursuit|p1a: Skitty
|-activate|p1a: Skitty|move: Protect
|
|-heal|p1a: Skitty|14\/22|[from] move: Wish|[wisher] Skitty
|turn|6
|choice|move cosmicpower|move earthquake
|
|move|p2a: Sandile|Earthquake|p1a: Skitty
|-damage|p1a: Skitty|8\/22
|move|p1a: Skitty|Cosmic Power|p1a: Skitty
|-boost|p1a: Skitty|def|1
|-boost|p1a: Skitty|spd|1
|
|turn|7
|choice|move wish|move earthquake
|
|move|p2a: Sandile|Earthquake|p1a: Skitty
|-damage|p1a: Skitty|4\/22
|move|p1a: Skitty|Wish|p1a: Skitty
|
|turn|8
|choice|move protect|move earthquake
|
|move|p1a: Skitty|Protect|p1a: Skitty
|-singleturn|p1a: Skitty|Protect
|move|p2a: Sandile|Earthquake|p1a: Skitty
|-activate|p1a: Skitty|move: Protect
|
|-heal|p1a: Skitty|15\/22|[from] move: Wish|[wisher] Skitty
|turn|9
|choice|move cosmicpower|move earthquake
|
|move|p2a: Sandile|Earthquake|p1a: Skitty
|-damage|p1a: Skitty|11\/22
|move|p1a: Skitty|Cosmic Power|p1a: Skitty
|-boost|p1a: Skitty|def|1
|-boost|p1a: Skitty|spd|1
|
|turn|10
|choice|move batonpass|move earthquake
|
|move|p2a: Sandile|Earthquake|p1a: Skitty
|-damage|p1a: Skitty|7\/22
|move|p1a: Skitty|Baton Pass|p1a: Skitty
|choice|switch 2|
|
|switch|p1a: Meowth|Meowth, L5, F|20\/20
|
|turn|11
|choice|move fakeout|move earthquake
|
|move|p1a: Meowth|Fake Out|p2a: Sandile
|-damage|p2a: Sandile|16\/21
|-damage|p1a: Meowth|18\/20|[from] item: Life Orb
|cant|p2a: Sandile|flinch
|
|turn|12
|choice|move waterpulse|move earthquake
|
|move|p1a: Meowth|Water Pulse|p2a: Sandile
|-supereffective|p2a: Sandile
|-damage|p2a: Sandile|0 fnt
|-damage|p1a: Meowth|16\/20|[from] item: Life Orb
|faint|p2a: Sandile
|
|choice||switch 4
|
|switch|p2a: Shinx|Shinx, L5, F|23\/23
|-ability|p2a: Shinx|Intimidate|boost
|-unboost|p1a: Meowth|atk|1
|turn|13
|choice|move waterpulse|move wildcharge
|
|move|p1a: Meowth|Water Pulse|p2a: Shinx
|-damage|p2a: Shinx|14\/23
|-start|p2a: Shinx|confusion
|-damage|p1a: Meowth|14\/20|[from] item: Life Orb
|-activate|p2a: Shinx|confusion
|-damage|p2a: Shinx|10\/23|[from] confusion
|-enditem|p2a: Shinx|Berry Juice
|-heal|p2a: Shinx|23\/23|[from] item: Berry Juice
|
|turn|14
|-message|UltJan forfeited.
|
|win|missbiancadelrio
|player|p1
|player|p2
|l|UltJan</script>
</div>
<div class="battle-log battle-log-inline"><div class="inner"><div class="battle-options"></div><div class="inner"><div class="chat"><small>missbiancadelrio joined.</small></div><div class="chat"><small>UltJan joined.</small></div><div class=""><small>Format:</small> <br><strong>LC</strong></div><div class="rated"><strong>Rated battle</strong></div><div class=""><small><em>Sleep Clause Mod:</em> Limit one foe put to sleep</small></div><div class=""><small><em>Species Clause:</em> Limit one of each Pokémon</small></div><div class=""><small><em>OHKO Clause:</em> OHKO moves are banned</small></div><div class=""><small><em>Moody Clause:</em> Moody is banned</small></div><div class=""><small><em>Evasion Moves Clause:</em> Evasion moves are banned</small></div><div class=""><small><em>Endless Battle Clause:</em> Forcing endless battles is banned</small></div><div class=""><small><em>HP Percentage Mod:</em> HP is shown in percentages</small></div><div class="chat battle-history"><strong>missbiancadelrio's team:</strong> <em style="color:#445566;display:block;">Glameow / Meowth / Purrloin / Shinx / Skitty / Litleo</em></div><div class="chat battle-history"><strong>UltJan's team:</strong> <em style="color:#445566;display:block;">Sandile / Honedge / Hoppip / Shinx / Amaura / Wooper</em></div><div class="spacer battle-history"><br></div><div class="battle-history">Battle started between missbiancadelrio and UltJan!<br></div><div class="spacer battle-history"><br></div><div class="battle-history">Go! <strong>Skitty</strong>!<br></div><div class="spacer battle-history"><br></div><div class="battle-history">UltJan sent out <strong>Sandile</strong>!<br></div><div class="battle-history"><small>[The opposing Sandile's Intimidate]</small><br></div><div class="battle-history"><small>Skitty's Attack fell!</small><br></div><div class="spacer battle-history"><br></div><h2 class="battle-history">Turn 1</h2><div class="spacer battle-history"><br></div><div class="battle-history">The opposing Sandile used <strong>Earthquake</strong>!<br></div><div class="battle-history"><small>(Skitty lost <abbr title="−13/22">59.1%</abbr> of its health!)</small><br></div><div class="battle-history"><small>(Skitty used its Berry Juice!)</small><br></div><div class="battle-history"><small>Skitty restored HP using its Berry Juice!</small><br></div><div class="spacer battle-history"><br></div><div class="battle-history">Skitty used <strong>Cosmic Power</strong>!<br></div><div class="battle-history"><small>Skitty's Defense rose!</small><br></div><div class="battle-history"><small>Skitty's Special Defense rose!</small><br></div><div class="spacer battle-history"><br></div><h2 class="battle-history">Turn 2</h2><div class="spacer battle-history"><br></div><div class="battle-history">The opposing Sandile used <strong>Earthquake</strong>!<br></div><div class="battle-history"><small>(Skitty lost <abbr title="−9/22">40.9%</abbr> of its health!)</small><br></div><div class="spacer battle-history"><br></div><div class="battle-history">Skitty used <strong>Cosmic Power</strong>!<br></div><div class="battle-history"><small>Skitty's Defense rose!</small><br></div><div class="battle-history"><small>Skitty's Special Defense rose!</small><br></div><div class="spacer battle-history"><br></div><h2 class="battle-history">Turn 3</h2><div class="spacer battle-history"><br></div><div class="battle-history">The opposing Sandile used <strong>Earthquake</strong>!<br></div><div class="battle-history"><small>(Skitty lost <abbr title="−7/22">31.8%</abbr> of its health!)</small><br></div><div class="spacer battle-history"><br></div><div class="battle-history">Skitty used <strong>Cosmic Power</strong>!<br></div><div class="battle-history"><small>Skitty's Defense rose!</small><br></div><div class="battle-history"><small>Skitty's Special Defense rose!</small><br></div><div class="spacer battle-history"><br></div><h2 class="battle-history">Turn 4</h2><div class="spacer battle-history"><br></div><div class="battle-history">The opposing Sandile used <strong>Pursuit</strong>!<br></div><div class="battle-history"><small>(Skitty lost <abbr title="−3/22">13.6%</abbr> of its health!)</small><br></div><div class="spacer battle-history"><br></div><div class="battle-history">Skitty used <strong>Wish</strong>!<br></div><div class="spacer battle-history"><br></div><h2 class="battle-history">Turn 5</h2><div class="spacer battle-history"><br></div><div class="battle-history">Skitty used <strong>Protect</strong>!<br></div><div class="battle-history"><small>Skitty protected itself!</small><br></div><div class="spacer battle-history"><br></div><div class="battle-history">The opposing Sandile used <strong>Pursuit</strong>!<br></div><div class="battle-history"><small>Skitty protected itself!</small><br></div><div class="spacer battle-history"><br></div><div class="battle-history"><small>Skitty's wish came true!</small><br></div><div class="spacer battle-history"><br></div><h2 class="battle-history">Turn 6</h2><div class="spacer battle-history"><br></div><div class="battle-history">The opposing Sandile used <strong>Earthquake</strong>!<br></div><div class="battle-history"><small>(Skitty lost <abbr title="−6/22">27.3%</abbr> of its health!)</small><br></div><div class="spacer battle-history"><br></div><div class="battle-history">Skitty used <strong>Cosmic Power</strong>!<br></div><div class="battle-history"><small>Skitty's Defense rose!</small><br></div><div class="battle-history"><small>Skitty's Special Defense rose!</small><br></div><div class="spacer battle-history"><br></div><h2 class="battle-history">Turn 7</h2><div class="spacer battle-history"><br></div><div class="battle-history">The opposing Sandile used <strong>Earthquake</strong>!<br></div><div class="battle-history"><small>(Skitty lost <abbr title="−4/22">18.2%</abbr> of its health!)</small><br></div><div class="spacer battle-history"><br></div><div class="battle-history">Skitty used <strong>Wish</strong>!<br></div><div class="spacer battle-history"><br></div><h2 class="battle-history">Turn 8</h2><div class="spacer battle-history"><br></div><div class="battle-history">Skitty used <strong>Protect</strong>!<br></div><div class="battle-history"><small>Skitty protected itself!</small><br></div><div class="spacer battle-history"><br></div><div class="battle-history">The opposing Sandile used <strong>Earthquake</strong>!<br></div><div class="battle-history"><small>Skitty protected itself!</small><br></div><div class="spacer battle-history"><br></div><div class="battle-history"><small>Skitty's wish came true!</small><br></div><div class="spacer battle-history"><br></div><h2 class="battle-history">Turn 9</h2><div class="spacer battle-history"><br></div><div class="battle-history">The opposing Sandile used <strong>Earthquake</strong>!<br></div><div class="battle-history"><small>(Skitty lost <abbr title="−4/22">18.2%</abbr> of its health!)</small><br></div><div class="spacer battle-history"><br></div><div class="battle-history">Skitty used <strong>Cosmic Power</strong>!<br></div><div class="battle-history"><small>Skitty's Defense rose!</small><br></div><div class="battle-history"><small>Skitty's Special Defense rose!</small><br></div><div class="spacer battle-history"><br></div><h2 class="battle-history">Turn 10</h2><div class="spacer battle-history"><br></div><div class="battle-history">The opposing Sandile used <strong>Earthquake</strong>!<br></div><div class="battle-history"><small>(Skitty lost <abbr title="−4/22">18.2%</abbr> of its health!)</small><br></div><div class="spacer battle-history"><br></div><div class="battle-history">Skitty used <strong>Baton Pass</strong>!<br></div><div class="spacer battle-history"><br></div><div class="battle-history">Go! <strong>Meowth</strong>!<br></div><div class="spacer battle-history"><br></div><h2 class="battle-history">Turn 11</h2><div class="spacer battle-history"><br></div><div class="battle-history">Meowth used <strong>Fake Out</strong>!<br></div><div class="battle-history"><small>(The opposing Sandile lost <abbr title="−5/21">23.8%</abbr> of its health!)</small><br></div><div class="battle-history"><small>Meowth lost some of its HP!</small><br></div><div class="spacer battle-history"><br></div><div class="battle-history">The opposing Sandile flinched and couldn't move!<br></div><div class="spacer battle-history"><br></div><h2 class="battle-history">Turn 12</h2><div class="spacer battle-history"><br></div><div class="battle-history">Meowth used <strong>Water Pulse</strong>!<br></div><div class="battle-history"><small>It's super effective!</small><br></div><div class="battle-history"><small>(The opposing Sandile lost <abbr title="−16/21">76.2%</abbr> of its health!)</small><br></div><div class="battle-history"><small>Meowth lost some of its HP!</small><br></div><div class="spacer battle-history"><br></div><div class="battle-history">The opposing Sandile fainted!<br></div><div class="spacer battle-history"><br></div><div class="battle-history">UltJan sent out <strong>Shinx</strong>!<br></div><div class="battle-history"><small>[The opposing Shinx's Intimidate]</small><br></div><div class="battle-history"><small>Meowth's Attack fell!</small><br></div><div class="spacer battle-history"><br></div><h2 class="battle-history">Turn 13</h2><div class="spacer battle-history"><br></div><div class="battle-history">Meowth used <strong>Water Pulse</strong>!<br></div><div class="battle-history"><small>(The opposing Shinx lost <abbr title="−9/23">39.1%</abbr> of its health!)</small><br></div><div class="battle-history"><small>The opposing Shinx became confused!</small><br></div><div class="battle-history"><small>Meowth lost some of its HP!</small><br></div><div class="spacer battle-history"><br></div><div class="battle-history"><small>The opposing Shinx is confused!</small><br></div><div class="battle-history">It hurt itself in its confusion!<br></div><div class="battle-history"><small>(The opposing Shinx used its Berry Juice!)</small><br></div><div class="battle-history"><small>The opposing Shinx restored HP using its Berry Juice!</small><br></div><div class="spacer battle-history"><br></div><h2 class="battle-history">Turn 14</h2><div class="spacer battle-history"><br></div><div class="battle-history"><small>UltJan forfeited.</small><br></div><div class="spacer battle-history"><br></div><div class="battle-history"><strong>missbiancadelrio</strong> won the battle!<br></div><div class="chat"><small>UltJan left.</small></div></div><div class="inner-preempt"></div></div></div>
</div>
<script>
let daily = Math.floor(Date.now()/1000/60/60/24);document.write('<script src="https://play.pokemonshowdown.com/js/replay-embed.js?version'+daily+'"></'+'script>');
</script>
