<!DOCTYPE html>
<meta charset="utf-8" />
<!-- version 1 -->
<title>LC replay: Altaria Motives ® vs. Keestar</title>
<style>
html,body {font-family:Verdana, sans-serif;font-size:10pt;margin:0;padding:0;}body{padding:12px 0;} .battle-log {font-family:Verdana, sans-serif;font-size:10pt;} .battle-log-inline {border:1px solid #AAAAAA;background:#EEF2F5;color:black;max-width:640px;margin:0 auto 80px;padding-bottom:5px;} .battle-log .inner {padding:4px 8px 0px 8px;} .battle-log .inner-preempt {padding:0 8px 4px 8px;} .battle-log .inner-after {margin-top:0.5em;} .battle-log h2 {margin:0.5em -8px;padding:4px 8px;border:1px solid #AAAAAA;background:#E0E7EA;border-left:0;border-right:0;font-family:Verdana, sans-serif;font-size:13pt;} .battle-log .chat {vertical-align:middle;padding:3px 0 3px 0;font-size:8pt;} .battle-log .chat strong {color:#40576A;} .battle-log .chat em {padding:1px 4px 1px 3px;color:#000000;font-style:normal;} .chat.mine {background:rgba(0,0,0,0.05);margin-left:-8px;margin-right:-8px;padding-left:8px;padding-right:8px;} .spoiler {color:#BBBBBB;background:#BBBBBB;padding:0px 3px;} .spoiler:hover, .spoiler:active, .spoiler-shown {color:#000000;background:#E2E2E2;padding:0px 3px;} .spoiler a {color:#BBBBBB;} .spoiler:hover a, .spoiler:active a, .spoiler-shown a {color:#2288CC;} .chat code, .chat .spoiler:hover code, .chat .spoiler:active code, .chat .spoiler-shown code {border:1px solid #C0C0C0;background:#EEEEEE;color:black;padding:0 2px;} .chat .spoiler code {border:1px solid #CCCCCC;background:#CCCCCC;color:#CCCCCC;} .battle-log .rated {padding:3px 4px;} .battle-log .rated strong {color:white;background:#89A;padding:1px 4px;border-radius:4px;} .spacer {margin-top:0.5em;} .message-announce {background:#6688AA;color:white;padding:1px 4px 2px;} .message-announce a, .broadcast-green a, .broadcast-blue a, .broadcast-red a {color:#DDEEFF;} .broadcast-green {background-color:#559955;color:white;padding:2px 4px;} .broadcast-blue {background-color:#6688AA;color:white;padding:2px 4px;} .infobox {border:1px solid #6688AA;padding:2px 4px;} .infobox-limited {max-height:200px;overflow:auto;overflow-x:hidden;} .broadcast-red {background-color:#AA5544;color:white;padding:2px 4px;} .message-learn-canlearn {font-weight:bold;color:#228822;text-decoration:underline;} .message-learn-cannotlearn {font-weight:bold;color:#CC2222;text-decoration:underline;} .message-effect-weak {font-weight:bold;color:#CC2222;} .message-effect-resist {font-weight:bold;color:#6688AA;} .message-effect-immune {font-weight:bold;color:#666666;} .message-learn-list {margin-top:0;margin-bottom:0;} .message-throttle-notice, .message-error {color:#992222;} .message-overflow, .chat small.message-overflow {font-size:0pt;} .message-overflow::before {font-size:9pt;content:'...';} .subtle {color:#3A4A66;}
</style>
<div class="wrapper replay-wrapper" style="max-width:1180px;margin:0 auto">
<input type="hidden" name="replayid" value="lc-501675793" />
<div class="battle"></div><div class="battle-log"></div><div class="replay-controls"></div><div class="replay-controls-2"></div>
<h1 style="font-weight:normal;text-align:center"><strong>LC</strong><br /><a href="http://pokemonshowdown.com/users/altariamotives" class="subtle" target="_blank">Altaria Motives ®</a> vs. <a href="http://pokemonshowdown.com/users/keestar" class="subtle" target="_blank">Keestar</a></h1>
<script type="text/plain" class="battle-log-data">|j|Altaria Motives ®
|j|Keestar
|player|p1|Altaria Motives ®|153
|player|p2|Keestar|91
|gametype|singles
|gen|6
|tier|LC
|seed|32149,39330,53721,4923
|clearpoke
|poke|p1|Scraggy, L5, F, shiny|item
|poke|p1|Chinchou, L5, M|item
|poke|p1|Lileep, L5, M|item
|poke|p1|Tyrunt, L5, F, shiny|item
|poke|p1|Cyndaquil, L5, F|item
|poke|p1|Foongus, L5, M, shiny|item
|poke|p2|Trapinch, L5, M|item
|poke|p2|Woobat, L5, M|item
|poke|p2|Gothita, L5, F|item
|poke|p2|Anorith, L5, M|item
|poke|p2|Numel, L5, F|item
|poke|p2|Honedge, L5, M|item
|rule|Sleep Clause Mod: Limit one foe put to sleep
|rule|Species Clause: Limit one of each Pokémon
|rule|OHKO Clause: OHKO moves are banned
|rule|Moody Clause: Moody is banned
|rule|Evasion Moves Clause: Evasion moves are banned
|rule|Endless Battle Clause: Forcing endless battles is banned
|rule|HP Percentage Mod: HP is shown in percentages
|teampreview
|c|★Keestar|my team is so weak to dark
|c|★Altaria Motives ®|mhmm
|choice|team 5, team 2, team 3, team 4, team 1, team 6|team 2, team 1, team 3, team 4, team 5, team 6
|
|start
|switch|p1a: Cyndaquil|Cyndaquil, L5, F|21\/21
|switch|p2a: Woobat|Woobat, L5, M|25\/25
|turn|1
|choice|move eruption|move lightscreen
|
|move|p1a: Cyndaquil|Eruption|p2a: Woobat
|-damage|p2a: Woobat|0 fnt
|faint|p2a: Woobat
|
|upkeep
|choice||switch 4
|
|switch|p2a: Anorith|Anorith, L5, M|21\/21
|turn|2
|choice|switch 6|move aquajet
|
|switch|p1a: Foongus|Foongus, L5, M, shiny|25\/25
|move|p2a: Anorith|Aqua Jet|p1a: Foongus
|-resisted|p1a: Foongus
|-damage|p1a: Foongus|23\/25
|
|upkeep
|turn|3
|choice|move spore|move xscissor
|
|move|p2a: Anorith|X-Scissor|p1a: Foongus
|-damage|p1a: Foongus|11\/25
|move|p1a: Foongus|Spore|p2a: Anorith
|-status|p2a: Anorith|slp
|
|upkeep
|turn|4
|choice|switch 4|switch 3
|
|switch|p2a: Gothita|Gothita, L5, F|24\/24
|switch|p1a: Tyrunt|Tyrunt, L5, F, shiny|22\/22
|
|upkeep
|turn|5
|choice|move dragondance|move thunderwave
|
|move|p1a: Tyrunt|Dragon Dance|p1a: Tyrunt
|-boost|p1a: Tyrunt|atk|1
|-boost|p1a: Tyrunt|spe|1
|move|p2a: Gothita|Thunder Wave|p1a: Tyrunt
|-status|p1a: Tyrunt|par
|
|upkeep
|turn|6
|choice|move dragondance|switch 2
|
|switch|p2a: Trapinch|Trapinch, L5, M|21\/21
|move|p1a: Tyrunt|Dragon Dance|p1a: Tyrunt
|-boost|p1a: Tyrunt|atk|1
|-boost|p1a: Tyrunt|spe|1
|
|upkeep
|turn|7
|choice|move earthquake|move earthquake
|
|move|p2a: Trapinch|Earthquake|p1a: Tyrunt
|-supereffective|p1a: Tyrunt
|-ability|p1a: Tyrunt|Sturdy
|-damage|p1a: Tyrunt|1\/22 par
|-enditem|p1a: Tyrunt|Berry Juice
|-heal|p1a: Tyrunt|21\/22 par|[from] item: Berry Juice
|-damage|p2a: Trapinch|19\/21|[from] item: Life Orb
|move|p1a: Tyrunt|Earthquake|p2a: Trapinch
|-damage|p2a: Trapinch|0 fnt
|faint|p2a: Trapinch
|
|upkeep
|c|★Keestar|it gets sturdy?
|c|★Keestar|i hate lc
|c|★Altaria Motives ®|yeap
|c|★Altaria Motives ®|xD
|c|★Altaria Motives ®|same
|choice||switch 6
|
|switch|p2a: Honedge|Honedge, L5, M|21\/21
|turn|8
|choice|move earthquake|move ironhead
|
|move|p2a: Honedge|Iron Head|p1a: Tyrunt
|-supereffective|p1a: Tyrunt
|-damage|p1a: Tyrunt|0 fnt
|faint|p1a: Tyrunt
|
|upkeep
|choice|switch 6|
|
|switch|p1a: Cyndaquil|Cyndaquil, L5, F|21\/21
|turn|9
|choice|move eruption|switch 3
|
|switch|p2a: Anorith|Anorith, L5, M|21\/21 slp
|move|p1a: Cyndaquil|Eruption|p2a: Anorith
|-damage|p2a: Anorith|6\/21 slp
|
|upkeep
|turn|10
|choice|move eruption|move aquajet
|
|cant|p2a: Anorith|slp
|move|p1a: Cyndaquil|Eruption|p2a: Anorith
|-damage|p2a: Anorith|0 fnt
|faint|p2a: Anorith
|
|upkeep
|choice||switch 5
|
|switch|p2a: Numel|Numel, L5, F|24\/24
|turn|11
|choice|switch 2|move amnesia
|
|switch|p1a: Chinchou|Chinchou, L5, M|25\/25
|move|p2a: Numel|Amnesia|p2a: Numel
|-boost|p2a: Numel|spd|4
|
|upkeep
|turn|12
|choice|move scald|move earthpower
|
|move|p1a: Chinchou|Scald|p2a: Numel
|-supereffective|p2a: Numel
|-damage|p2a: Numel|8\/24
|move|p2a: Numel|Earth Power|p1a: Chinchou
|-supereffective|p1a: Chinchou
|-damage|p1a: Chinchou|0 fnt
|-enditem|p1a: Chinchou|Berry Juice
|faint|p1a: Chinchou
|
|-heal|p2a: Numel|9\/24|[from] item: Leftovers
|upkeep
|choice|switch 5|
|
|switch|p1a: Scraggy|Scraggy, L5, F, shiny|21\/21
|turn|13
|choice|move knockoff|move lavaplume
|
|move|p1a: Scraggy|Knock Off|p2a: Numel
|-damage|p2a: Numel|0 fnt
|-enditem|p2a: Numel|Leftovers|[from] move: Knock Off|[of] p1a: Scraggy
|faint|p2a: Numel
|-ability|p1a: Scraggy|Moxie|boost
|-boost|p1a: Scraggy|atk|1
|
|upkeep
|choice||switch 2
|
|switch|p2a: Gothita|Gothita, L5, F|24\/24
|turn|14
|choice|move knockoff|move thunderwave
|
|move|p1a: Scraggy|Knock Off|p2a: Gothita
|-supereffective|p2a: Gothita
|-crit|p2a: Gothita
|-damage|p2a: Gothita|0 fnt
|-enditem|p2a: Gothita|Eviolite|[from] move: Knock Off|[of] p1a: Scraggy
|faint|p2a: Gothita
|-ability|p1a: Scraggy|Moxie|boost
|-boost|p1a: Scraggy|atk|1
|
|upkeep
|c|★Keestar|gg
|choice||switch 3
|
|switch|p2a: Honedge|Honedge, L5, M|21\/21
|turn|15
|c|★Altaria Motives ®|gg
|choice|move knockoff|move sacredsword
|
|move|p1a: Scraggy|Knock Off|p2a: Honedge
|-supereffective|p2a: Honedge
|-enditem|p2a: Honedge|Colbur Berry|[eat]
|-enditem|p2a: Honedge|Colbur Berry|[weaken]
|-damage|p2a: Honedge|0 fnt
|faint|p2a: Honedge
|
|win|Altaria Motives ®
|player|p1
|player|p2
|l|Keestar</script>
</div>
<div class="battle-log battle-log-inline"><div class="inner"><div class="battle-options"></div><div class="inner"><div class="chat"><small>Altaria Motives ® joined.</small></div><div class="chat"><small>Keestar joined.</small></div><div class=""><small>Format:</small> <br><strong>LC</strong></div><div class=""><small><em>Sleep Clause Mod:</em> Limit one foe put to sleep</small></div><div class=""><small><em>Species Clause:</em> Limit one of each Pokémon</small></div><div class=""><small><em>OHKO Clause:</em> OHKO moves are banned</small></div><div class=""><small><em>Moody Clause:</em> Moody is banned</small></div><div class=""><small><em>Evasion Moves Clause:</em> Evasion moves are banned</small></div><div class=""><small><em>Endless Battle Clause:</em> Forcing endless battles is banned</small></div><div class=""><small><em>HP Percentage Mod:</em> HP is shown in percentages</small></div><div class="chat battle-history"><strong>Altaria Motives ®'s team:</strong> <em style="color:#445566;display:block;">Scraggy / Chinchou / Lileep / Tyrunt / Cyndaquil / Foongus</em></div><div class="chat battle-history"><strong>Keestar's team:</strong> <em style="color:#445566;display:block;">Trapinch / Woobat / Gothita / Anorith / Numel / Honedge</em></div><div class="chat chatmessage-keestar"><strong style="color:hsl(84,80%,34%)"><small>★</small><span class="username" data-name="Keestar">Keestar</span>:</strong> <em>my team is so weak to dark</em></div><div class="chat chatmessage-altariamotives"><strong style="color:hsl(244,52%,65.44555674130788%)"><small>★</small><span class="username" data-name="Altaria Motives ®">Altaria Motives ®</span>:</strong> <em>mhmm</em></div><div class="spacer battle-history"><br></div><div class="battle-history">Battle started between Altaria Motives ® and Keestar!<br></div><div class="spacer battle-history"><br></div><div class="battle-history">Go! <strong>Cyndaquil</strong>!<br></div><div class="spacer battle-history"><br></div><div class="battle-history">Keestar sent out <strong>Woobat</strong>!<br></div><div class="spacer battle-history"><br></div><h2 class="battle-history">Turn 1</h2><div class="spacer battle-history"><br></div><div class="battle-history">Cyndaquil used <strong>Eruption</strong>!<br></div><div class="battle-history"><small>(The opposing Woobat lost <abbr title="−25/25">100%</abbr> of its health!)</small><br></div><div class="spacer battle-history"><br></div><div class="battle-history">The opposing Woobat fainted!<br></div><div class="spacer battle-history"><br></div><div class="battle-history">Keestar sent out <strong>Anorith</strong>!<br></div><div class="spacer battle-history"><br></div><h2 class="battle-history">Turn 2</h2><div class="spacer battle-history"><br></div><div class="battle-history">Cyndaquil, come back!<br></div><div class="battle-history">Go! <strong>Foongus</strong>!<br></div><div class="spacer battle-history"><br></div><div class="battle-history">The opposing Anorith used <strong>Aqua Jet</strong>!<br></div><div class="battle-history"><small>It's not very effective...</small><br></div><div class="battle-history"><small>(Foongus lost <abbr title="−2/25">8%</abbr> of its health!)</small><br></div><div class="spacer battle-history"><br></div><h2 class="battle-history">Turn 3</h2><div class="spacer battle-history"><br></div><div class="battle-history">The opposing Anorith used <strong>X-Scissor</strong>!<br></div><div class="battle-history"><small>(Foongus lost <abbr title="−12/25">48%</abbr> of its health!)</small><br></div><div class="spacer battle-history"><br></div><div class="battle-history">Foongus used <strong>Spore</strong>!<br></div><div class="battle-history"><small>The opposing Anorith fell asleep!</small><br></div><div class="spacer battle-history"><br></div><h2 class="battle-history">Turn 4</h2><div class="spacer battle-history"><br></div><div class="battle-history">Keestar withdrew Anorith!<br></div><div class="battle-history">Keestar sent out <strong>Gothita</strong>!<br></div><div class="spacer battle-history"><br></div><div class="battle-history">Foongus, come back!<br></div><div class="battle-history">Go! <strong>Tyrunt</strong>!<br></div><div class="spacer battle-history"><br></div><h2 class="battle-history">Turn 5</h2><div class="spacer battle-history"><br></div><div class="battle-history">Tyrunt used <strong>Dragon Dance</strong>!<br></div><div class="battle-history"><small>Tyrunt's Attack rose!</small><br></div><div class="battle-history"><small>Tyrunt's Speed rose!</small><br></div><div class="spacer battle-history"><br></div><div class="battle-history">The opposing Gothita used <strong>Thunder Wave</strong>!<br></div><div class="battle-history"><small>Tyrunt is paralyzed! It may be unable to move!</small><br></div><div class="spacer battle-history"><br></div><h2 class="battle-history">Turn 6</h2><div class="spacer battle-history"><br></div><div class="battle-history">Keestar withdrew Gothita!<br></div><div class="battle-history">Keestar sent out <strong>Trapinch</strong>!<br></div><div class="spacer battle-history"><br></div><div class="battle-history">Tyrunt used <strong>Dragon Dance</strong>!<br></div><div class="battle-history"><small>Tyrunt's Attack rose!</small><br></div><div class="battle-history"><small>Tyrunt's Speed rose!</small><br></div><div class="spacer battle-history"><br></div><h2 class="battle-history">Turn 7</h2><div class="spacer battle-history"><br></div><div class="battle-history">The opposing Trapinch used <strong>Earthquake</strong>!<br></div><div class="battle-history"><small>It's super effective!</small><br></div><div class="battle-history"><small>[Tyrunt's Sturdy]</small><br><small>Tyrunt endured the hit!</small><br></div><div class="battle-history"><small>(Tyrunt lost <abbr title="−21/22">95.5%</abbr> of its health!)</small><br></div><div class="battle-history"><small>(Tyrunt used its Berry Juice!)</small><br></div><div class="battle-history"><small>Tyrunt restored HP using its Berry Juice!</small><br></div><div class="battle-history"><small>The opposing Trapinch lost some of its HP!</small><br></div><div class="spacer battle-history"><br></div><div class="battle-history">Tyrunt used <strong>Earthquake</strong>!<br></div><div class="battle-history"><small>(The opposing Trapinch lost <abbr title="−19/21">90.5%</abbr> of its health!)</small><br></div><div class="spacer battle-history"><br></div><div class="battle-history">The opposing Trapinch fainted!<br></div><div class="chat chatmessage-keestar"><strong style="color:hsl(84,80%,34%)"><small>★</small><span class="username" data-name="Keestar">Keestar</span>:</strong> <em>it gets sturdy?</em></div><div class="chat chatmessage-keestar"><strong style="color:hsl(84,80%,34%)"><small>★</small><span class="username" data-name="Keestar">Keestar</span>:</strong> <em>i hate lc</em></div><div class="chat chatmessage-altariamotives"><strong style="color:hsl(244,52%,65.44555674130788%)"><small>★</small><span class="username" data-name="Altaria Motives ®">Altaria Motives ®</span>:</strong> <em>yeap</em></div><div class="chat chatmessage-altariamotives"><strong style="color:hsl(244,52%,65.44555674130788%)"><small>★</small><span class="username" data-name="Altaria Motives ®">Altaria Motives ®</span>:</strong> <em>xD</em></div><div class="chat chatmessage-altariamotives"><strong style="color:hsl(244,52%,65.44555674130788%)"><small>★</small><span class="username" data-name="Altaria Motives ®">Altaria Motives ®</span>:</strong> <em>same</em></div><div class="spacer battle-history"><br></div><div class="battle-history">Keestar sent out <strong>Honedge</strong>!<br></div><div class="spacer battle-history"><br></div><h2 class="battle-history">Turn 8</h2><div class="spacer battle-history"><br></div><div class="battle-history">The opposing Honedge used <strong>Iron Head</strong>!<br></div><div class="battle-history"><small>It's super effective!</small><br></div><div class="battle-history"><small>(Tyrunt lost <abbr title="−21/22">95.5%</abbr> of its health!)</small><br></div><div class="spacer battle-history"><br></div><div class="battle-history">Tyrunt fainted!<br></div><div class="spacer battle-history"><br></div><div class="battle-history">Go! <strong>Cyndaquil</strong>!<br></div><div class="spacer battle-history"><br></div><h2 class="battle-history">Turn 9</h2><div class="spacer battle-history"><br></div><div class="battle-history">Keestar withdrew Honedge!<br></div><div class="battle-history">Keestar sent out <strong>Anorith</strong>!<br></div><div class="spacer battle-history"><br></div><div class="battle-history">Cyndaquil used <strong>Eruption</strong>!<br></div><div class="battle-history"><small>(The opposing Anorith lost <abbr title="−15/21">71.4%</abbr> of its health!)</small><br></div><div class="spacer battle-history"><br></div><h2 class="battle-history">Turn 10</h2><div class="spacer battle-history"><br></div><div class="battle-history">The opposing Anorith is fast asleep.<br></div><div class="spacer battle-history"><br></div><div class="battle-history">Cyndaquil used <strong>Eruption</strong>!<br></div><div class="battle-history"><small>(The opposing Anorith lost <abbr title="−6/21">28.6%</abbr> of its health!)</small><br></div><div class="spacer battle-history"><br></div><div class="battle-history">The opposing Anorith fainted!<br></div><div class="spacer battle-history"><br></div><div class="battle-history">Keestar sent out <strong>Numel</strong>!<br></div><div class="spacer battle-history"><br></div><h2 class="battle-history">Turn 11</h2><div class="spacer battle-history"><br></div><div class="battle-history">Cyndaquil, come back!<br></div><div class="battle-history">Go! <strong>Chinchou</strong>!<br></div><div class="spacer battle-history"><br></div><div class="battle-history">The opposing Numel used <strong>Amnesia</strong>!<br></div><div class="battle-history"><small>The opposing Numel's Special Defense rose drastically!</small><br></div><div class="spacer battle-history"><br></div><h2 class="battle-history">Turn 12</h2><div class="spacer battle-history"><br></div><div class="battle-history">Chinchou used <strong>Scald</strong>!<br></div><div class="battle-history"><small>It's super effective!</small><br></div><div class="battle-history"><small>(The opposing Numel lost <abbr title="−16/24">66.7%</abbr> of its health!)</small><br></div><div class="spacer battle-history"><br></div><div class="battle-history">The opposing Numel used <strong>Earth Power</strong>!<br></div><div class="battle-history"><small>It's super effective!</small><br></div><div class="battle-history"><small>(Chinchou lost <abbr title="−25/25">100%</abbr> of its health!)</small><br></div><div class="battle-history"><small>(Chinchou used its Berry Juice!)</small><br></div><div class="spacer battle-history"><br></div><div class="battle-history">Chinchou fainted!<br></div><div class="spacer battle-history"><br></div><div class="battle-history"><small>The opposing Numel restored a little HP using its Leftovers!</small><br></div><div class="spacer battle-history"><br></div><div class="battle-history">Go! <strong>Scraggy</strong>!<br></div><div class="spacer battle-history"><br></div><h2 class="battle-history">Turn 13</h2><div class="spacer battle-history"><br></div><div class="battle-history">Scraggy used <strong>Knock Off</strong>!<br></div><div class="battle-history"><small>(The opposing Numel lost <abbr title="−9/24">37.5%</abbr> of its health!)</small><br></div><div class="battle-history"><small>Scraggy knocked off the opposing Numel's Leftovers!</small><br></div><div class="spacer battle-history"><br></div><div class="battle-history">The opposing Numel fainted!<br></div><div class="battle-history"><small>[Scraggy's Moxie]</small><br></div><div class="battle-history"><small>Scraggy's Attack rose!</small><br></div><div class="spacer battle-history"><br></div><div class="battle-history">Keestar sent out <strong>Gothita</strong>!<br></div><div class="spacer battle-history"><br></div><h2 class="battle-history">Turn 14</h2><div class="spacer battle-history"><br></div><div class="battle-history">Scraggy used <strong>Knock Off</strong>!<br></div><div class="battle-history"><small>It's super effective!</small><br></div><div class="battle-history"><small>A critical hit!</small><br></div><div class="battle-history"><small>(The opposing Gothita lost <abbr title="−24/24">100%</abbr> of its health!)</small><br></div><div class="battle-history"><small>Scraggy knocked off the opposing Gothita's Eviolite!</small><br></div><div class="spacer battle-history"><br></div><div class="battle-history">The opposing Gothita fainted!<br></div><div class="battle-history"><small>[Scraggy's Moxie]</small><br></div><div class="battle-history"><small>Scraggy's Attack rose!</small><br></div><div class="chat chatmessage-keestar"><strong style="color:hsl(84,80%,34%)"><small>★</small><span class="username" data-name="Keestar">Keestar</span>:</strong> <em>gg</em></div><div class="spacer battle-history"><br></div><div class="battle-history">Keestar sent out <strong>Honedge</strong>!<br></div><div class="spacer battle-history"><br></div><h2 class="battle-history">Turn 15</h2><div class="chat chatmessage-altariamotives"><strong style="color:hsl(244,52%,65.44555674130788%)"><small>★</small><span class="username" data-name="Altaria Motives ®">Altaria Motives ®</span>:</strong> <em>gg</em></div><div class="spacer battle-history"><br></div><div class="battle-history">Scraggy used <strong>Knock Off</strong>!<br></div><div class="battle-history"><small>It's super effective!</small><br></div><div class="battle-history"><small>The opposing Honedge ate its Colbur Berry!</small><br></div><div class="battle-history"><small>The Colbur Berry weakened the damage to the opposing Honedge!</small><br></div><div class="battle-history"><small>(The opposing Honedge lost <abbr title="−21/21">100%</abbr> of its health!)</small><br></div><div class="spacer battle-history"><br></div><div class="battle-history">The opposing Honedge fainted!<br></div><div class="spacer battle-history"><br></div><div class="battle-history"><strong>Altaria Motives ®</strong> won the battle!<br></div><div class="chat"><small>Keestar left.</small></div></div><div class="inner-preempt"></div></div></div>
</div>
<script>
let daily = Math.floor(Date.now()/1000/60/60/24);document.write('<script src="https://play.pokemonshowdown.com/js/replay-embed.js?version'+daily+'"></'+'script>');
</script>
