<!DOCTYPE html>
<meta charset="utf-8" />
<!-- version 1 -->
<title>LC replay: missael123 vs. Gambit0</title>
<style>
html,body {font-family:Verdana, sans-serif;font-size:10pt;margin:0;padding:0;}body{padding:12px 0;} .battle-log {font-family:Verdana, sans-serif;font-size:10pt;} .battle-log-inline {border:1px solid #AAAAAA;background:#EEF2F5;color:black;max-width:640px;margin:0 auto 80px;padding-bottom:5px;} .battle-log .inner {padding:4px 8px 0px 8px;} .battle-log .inner-preempt {padding:0 8px 4px 8px;} .battle-log .inner-after {margin-top:0.5em;} .battle-log h2 {margin:0.5em -8px;padding:4px 8px;border:1px solid #AAAAAA;background:#E0E7EA;border-left:0;border-right:0;font-family:Verdana, sans-serif;font-size:13pt;} .battle-log .chat {vertical-align:middle;padding:3px 0 3px 0;font-size:8pt;} .battle-log .chat strong {color:#40576A;} .battle-log .chat em {padding:1px 4px 1px 3px;color:#000000;font-style:normal;} .chat.mine {background:rgba(0,0,0,0.05);margin-left:-8px;margin-right:-8px;padding-left:8px;padding-right:8px;} .spoiler {color:#BBBBBB;background:#BBBBBB;padding:0px 3px;} .spoiler:hover, .spoiler:active, .spoiler-shown {color:#000000;background:#E2E2E2;padding:0px 3px;} .spoiler a {color:#BBBBBB;} .spoiler:hover a, .spoiler:active a, .spoiler-shown a {color:#2288CC;} .chat code, .chat .spoiler:hover code, .chat .spoiler:active code, .chat .spoiler-shown code {border:1px solid #C0C0C0;background:#EEEEEE;color:black;padding:0 2px;} .chat .spoiler code {border:1px solid #CCCCCC;background:#CCCCCC;color:#CCCCCC;} .battle-log .rated {padding:3px 4px;} .battle-log .rated strong {color:white;background:#89A;padding:1px 4px;border-radius:4px;} .spacer {margin-top:0.5em;} .message-announce {background:#6688AA;color:white;padding:1px 4px 2px;} .message-announce a, .broadcast-green a, .broadcast-blue a, .broadcast-red a {color:#DDEEFF;} .broadcast-green {background-color:#559955;color:white;padding:2px 4px;} .broadcast-blue {background-color:#6688AA;color:white;padding:2px 4px;} .infobox {border:1px solid #6688AA;padding:2px 4px;} .infobox-limited {max-height:200px;overflow:auto;overflow-x:hidden;} .broadcast-red {background-color:#AA5544;color:white;padding:2px 4px;} .message-learn-canlearn {font-weight:bold;color:#228822;text-decoration:underline;} .message-learn-cannotlearn {font-weight:bold;color:#CC2222;text-decoration:underline;} .message-effect-weak {font-weight:bold;color:#CC2222;} .message-effect-resist {font-weight:bold;color:#6688AA;} .message-effect-immune {font-weight:bold;color:#666666;} .message-learn-list {margin-top:0;margin-bottom:0;} .message-throttle-notice, .message-error {color:#992222;} .message-overflow, .chat small.message-overflow {font-size:0pt;} .message-overflow::before {font-size:9pt;content:'...';} .subtle {color:#3A4A66;}
</style>
<div class="wrapper replay-wrapper" style="max-width:1180px;margin:0 auto">
<input type="hidden" name="replayid" value="destiny-lc-42788" />
<div class="battle"></div><div class="battle-log"></div><div class="replay-controls"></div><div class="replay-controls-2"></div>
<h1 style="font-weight:normal;text-align:center"><strong>LC</strong><br /><a href="http://pokemonshowdown.com/users/missael123" class="subtle" target="_blank">missael123</a> vs. <a href="http://pokemonshowdown.com/users/gambit0" class="subtle" target="_blank">Gambit0</a></h1>
<script type="text/plain" class="battle-log-data">|j|missael123
|j|Gambit0
|player|p1|missael123|220
|player|p2|Gambit0|154
|gametype|singles
|gen|7
|tier|LC
|seed|65504,22900,26956,5568
|rule|Cláusula de Contoneo: se prohibe el uso de Contoneo
|clearpoke
|poke|p1|Pansage, L5, undefined|item
|poke|p1|Eevee, L5, undefined|item
|poke|p2|Geodude, L5, undefined|item
|poke|p2|Onix, L5, undefined|item
|rule|Cláusula-Mod de Dormir: solo puedes dormir a uno de tus oponentes a la vez.
|rule|Cláusula de Especie: Hasta un Pokémon de cada especie
|rule|Cláusula de Golpe Fulminante: los movimientos fulminantes (OHKO) estan prohibidos
|rule|Cláusula de Moody: la habilidad Moody está prohibida
|rule|Cláusula de Movimientos Evasivos: los movimientos de evasion estan prohibidos
|rule|Cláusula de Batallas Eternas: forzar batallas eternas está prohibido
|teampreview
|choice|*team 12|*
|c|☆Gambit0|«¡Soy BROCK! ¡LÍDER del GIMNASIO de PLATEADA! ¡Creo en la gran resistencia de la roca y en la determinación! ¡Por eso todos mis POKéMON son del tipo ROCA! ¿Todavía quieres desafiarme? Sé que te mueve el orgullo de los ENTRENADORES POKéMON. ¡Muy bien! ¡Enséñame lo que vales!»
|choice|*|*team 12
|choice|team 1, team 2|team 1, team 2
|
|start
|switch|p1a: Pansage|Pansage, L5, undefined|21\/21
|switch|p2a: Geodude|Geodude, L5, undefined|20\/20
|turn|1
|choice|*|*move 1
|choice|*move 2|*
|choice|move nastyplot|move tackle
|
|move|p1a: Pansage|Nasty Plot|p1a: Pansage
|-boost|p1a: Pansage|spa|2
|move|p2a: Geodude|Tackle|p1a: Pansage
|-damage|p1a: Pansage|16\/21
|
|upkeep
|turn|2
|choice|*|*move 1
|choice|*move 1|*
|choice|move gigadrain|move tackle
|
|move|p1a: Pansage|Giga Drain|p2a: Geodude
|-supereffective|p2a: Geodude
|-ability|p2a: Geodude|Sturdy
|-damage|p2a: Geodude|1\/20
|-heal|p1a: Pansage|21\/21|[from] drain|[of] p2a: Geodude
|-enditem|p2a: Geodude|Berry Juice
|-heal|p2a: Geodude|20\/20|[from] item: Berry Juice
|move|p2a: Geodude|Tackle|p1a: Pansage
|-damage|p1a: Pansage|16\/21
|
|upkeep
|turn|3
|choice|*|*move 1
|choice|*move 1|*
|choice|move gigadrain|move tackle
|
|move|p1a: Pansage|Giga Drain|p2a: Geodude
|-supereffective|p2a: Geodude
|-ability|p2a: Geodude|Sturdy
|-damage|p2a: Geodude|1\/20
|-heal|p1a: Pansage|21\/21|[from] drain|[of] p2a: Geodude
|move|p2a: Geodude|Tackle|p1a: Pansage
|-damage|p1a: Pansage|16\/21
|
|upkeep
|turn|4
|choice|*|*move 1
|choice|*move 3|*
|choice|move protect|move tackle
|
|move|p1a: Pansage|Protect|p1a: Pansage
|-singleturn|p1a: Pansage|Protect
|move|p2a: Geodude|Tackle|p1a: Pansage
|-activate|p1a: Pansage|move: Protect
|
|upkeep
|turn|5
|choice|*|*move 1
|choice|*move 1|*
|choice|move gigadrain|move tackle
|
|move|p1a: Pansage|Giga Drain|p2a: Geodude
|-supereffective|p2a: Geodude
|-damage|p2a: Geodude|0 fnt
|-heal|p1a: Pansage|17\/21|[from] drain|[of] p2a: Geodude
|faint|p2a: Geodude
|
|upkeep
|choice|*|*switch 2
|choice||switch 2
|
|switch|p2a: Onix|Onix, L5, undefined|20\/20
|turn|6
|choice|*move 1|*
|choice|*|*move 2
|choice|move gigadrain|move rocktomb
|
|move|p1a: Pansage|Giga Drain|p2a: Onix
|-supereffective|p2a: Onix
|-ability|p2a: Onix|Sturdy
|-damage|p2a: Onix|1\/20
|-heal|p1a: Pansage|21\/21|[from] drain|[of] p2a: Onix
|-enditem|p2a: Onix|Berry Juice
|-heal|p2a: Onix|20\/20|[from] item: Berry Juice
|move|p2a: Onix|Rock Tomb|p1a: Pansage
|-damage|p1a: Pansage|11\/21
|-unboost|p1a: Pansage|spe|1
|
|upkeep
|turn|7
|choice|*|*move 2
|choice|*move 3|*
|choice|move protect|move rocktomb
|
|move|p1a: Pansage|Protect|p1a: Pansage
|-singleturn|p1a: Pansage|Protect
|move|p2a: Onix|Rock Tomb|p1a: Pansage
|-activate|p1a: Pansage|move: Protect
|
|upkeep
|turn|8
|choice|*switch 2|*
|choice|*|*move 2
|choice|switch 2|move rocktomb
|
|switch|p1a: Eevee|Eevee, L5, undefined|22\/22
|move|p2a: Onix|Rock Tomb|p1a: Eevee
|-damage|p1a: Eevee|16\/22
|-unboost|p1a: Eevee|spe|1
|
|upkeep
|turn|9
|choice|*|*move 3
|choice|*move 2|*
|choice|move growl|move bind
|
|move|p2a: Onix|Bind|p1a: Eevee|[miss]
|-miss|p2a: Onix|p1a: Eevee
|move|p1a: Eevee|Growl|p2a: Onix
|-unboost|p2a: Onix|atk|1
|
|upkeep
|turn|10
|choice|*|*move 3
|choice|*move 2|*
|choice|move growl|move bind
|
|move|p2a: Onix|Bind|p1a: Eevee
|-damage|p1a: Eevee|15\/22
|-activate|p1a: Eevee|move: Bind|[of] p2a: Onix
|move|p1a: Eevee|Growl|p2a: Onix
|-unboost|p2a: Onix|atk|1
|
|-damage|p1a: Eevee|13\/22|[from] move: Bind|[partiallytrapped]
|upkeep
|turn|11
|choice|*|*move 4
|choice|*move 2|*
|choice|move growl|move screech
|
|move|p2a: Onix|Screech|p1a: Eevee
|-unboost|p1a: Eevee|def|2
|move|p1a: Eevee|Growl|p2a: Onix
|-unboost|p2a: Onix|atk|1
|
|-damage|p1a: Eevee|11\/22|[from] move: Bind|[partiallytrapped]
|upkeep
|turn|12
|choice|*|*move 2
|choice|*move 2|*
|choice|move growl|move rocktomb
|
|move|p2a: Onix|Rock Tomb|p1a: Eevee
|-damage|p1a: Eevee|7\/22
|-unboost|p1a: Eevee|spe|1
|move|p1a: Eevee|Growl|p2a: Onix
|-unboost|p2a: Onix|atk|1
|
|-damage|p1a: Eevee|5\/22|[from] move: Bind|[partiallytrapped]
|upkeep
|turn|13
|choice|*|*move 2
|choice|*move 2|*
|choice|move growl|move rocktomb
|
|move|p2a: Onix|Rock Tomb|p1a: Eevee
|-damage|p1a: Eevee|2\/22
|-unboost|p1a: Eevee|spe|1
|move|p1a: Eevee|Growl|p2a: Onix
|-unboost|p2a: Onix|atk|1
|
|-damage|p1a: Eevee|0 fnt|[from] move: Bind|[partiallytrapped]
|upkeep
|faint|p1a: Eevee
|choice|*switch 2|*
|choice|switch 2|
|
|switch|p1a: Pansage|Pansage, L5, undefined|11\/21
|turn|14
|choice|*|*move 2
|choice|*move 3|*
|choice|move protect|move rocktomb
|
|move|p1a: Pansage|Protect|p1a: Pansage
|-singleturn|p1a: Pansage|Protect
|move|p2a: Onix|Rock Tomb|p1a: Pansage
|-activate|p1a: Pansage|move: Protect
|
|upkeep
|turn|15
|choice|*|*move 2
|choice|*move 2|*
|choice|move nastyplot|move rocktomb
|
|move|p2a: Onix|Rock Tomb|p1a: Pansage
|-damage|p1a: Pansage|8\/21
|-unboost|p1a: Pansage|spe|1
|-enditem|p1a: Pansage|Sitrus Berry|[eat]
|-heal|p1a: Pansage|13\/21|[from] item: Sitrus Berry
|move|p1a: Pansage|Nasty Plot|p1a: Pansage
|-boost|p1a: Pansage|spa|2
|
|upkeep
|turn|16
|choice|*|*move 3
|choice|*move 1|*
|choice|move gigadrain|move bind
|
|move|p2a: Onix|Bind|p1a: Pansage
|-damage|p1a: Pansage|12\/21
|-activate|p1a: Pansage|move: Bind|[of] p2a: Onix
|move|p1a: Pansage|Giga Drain|p2a: Onix
|-supereffective|p2a: Onix
|-ability|p2a: Onix|Sturdy
|-damage|p2a: Onix|1\/20
|-heal|p1a: Pansage|21\/21|[from] drain|[of] p2a: Onix
|
|-damage|p1a: Pansage|19\/21|[from] move: Bind|[partiallytrapped]
|upkeep
|turn|17
|choice|*|*move 2
|choice|*move 3|*
|choice|move protect|move rocktomb
|
|move|p1a: Pansage|Protect|p1a: Pansage
|-singleturn|p1a: Pansage|Protect
|move|p2a: Onix|Rock Tomb|p1a: Pansage
|-activate|p1a: Pansage|move: Protect
|
|-damage|p1a: Pansage|17\/21|[from] move: Bind|[partiallytrapped]
|upkeep
|turn|18
|choice|*|*move 2
|choice|*move 4|*
|choice|move energyball|move rocktomb
|
|move|p2a: Onix|Rock Tomb|p1a: Pansage
|-damage|p1a: Pansage|14\/21
|-unboost|p1a: Pansage|spe|1
|move|p1a: Pansage|Energy Ball|p2a: Onix
|-supereffective|p2a: Onix
|-damage|p2a: Onix|0 fnt
|faint|p2a: Onix
|
|win|missael123
|player|p1
|player|p2
|c|☆Gambit0|«Te he subestimado. ¡Como prueba de tu victoria, aquí tienes la MEDALLA ROCA!»</script>
</div>
<div class="battle-log battle-log-inline"><div class="inner"><div class="battle-options"></div><div class="inner"><div class="chat"><small>missael123 joined.</small></div><div class="chat"><small>Gambit0 joined.</small></div><div class=""><small>Format:</small> <br><strong>LC</strong></div><div class=""><small><em>Cláusula de Contoneo:</em> se prohibe el uso de Contoneo</small></div><div class=""><small><em>Cláusula-Mod de Dormir:</em> solo puedes dormir a uno de tus oponentes a la vez.</small></div><div class=""><small><em>Cláusula de Especie:</em> Hasta un Pokémon de cada especie</small></div><div class=""><small><em>Cláusula de Golpe Fulminante:</em> los movimientos fulminantes (OHKO) estan prohibidos</small></div><div class=""><small><em>Cláusula de Moody:</em> la habilidad Moody está prohibida</small></div><div class=""><small><em>Cláusula de Movimientos Evasivos:</em> los movimientos de evasion estan prohibidos</small></div><div class=""><small><em>Cláusula de Batallas Eternas:</em> forzar batallas eternas está prohibido</small></div><div class="chat battle-history"><strong>missael123's team:</strong> <em style="color:#445566;display:block;">Pansage / Eevee</em></div><div class="chat battle-history"><strong>Gambit0's team:</strong> <em style="color:#445566;display:block;">Geodude / Onix</em></div><div class="chat chatmessage-gambit0"><strong style="color:hsl(103,83%,32.88623053154524%)"><small>☆</small><span class="username" data-name="Gambit0">Gambit0</span>:</strong> <em>«¡Soy BROCK! ¡LÍDER del GIMNASIO de PLATEADA! ¡Creo en la gran resistencia de la roca y en la determinación! ¡Por eso todos mis POKéMON son del tipo ROCA! ¿Todavía quieres desafiarme? Sé que te mueve el orgullo de los ENTRENADORES POKéMON. ¡Muy bien! ¡Enséñame lo que vales!»</em></div><div class="spacer battle-history"><br></div><div class="battle-history">Battle started between missael123 and Gambit0!<br></div><div class="spacer battle-history"><br></div><div class="battle-history">Go! <strong>Pansage</strong>!<br></div><div class="spacer battle-history"><br></div><div class="battle-history">Gambit0 sent out <strong>Geodude</strong>!<br></div><div class="spacer battle-history"><br></div><h2 class="battle-history">Turn 1</h2><div class="spacer battle-history"><br></div><div class="battle-history">Pansage used <strong>Nasty Plot</strong>!<br></div><div class="battle-history"><small>Pansage's Special Attack rose sharply!</small><br></div><div class="spacer battle-history"><br></div><div class="battle-history">The opposing Geodude used <strong>Tackle</strong>!<br></div><div class="battle-history"><small>(Pansage lost <abbr title="−5/21">23.8%</abbr> of its health!)</small><br></div><div class="spacer battle-history"><br></div><h2 class="battle-history">Turn 2</h2><div class="spacer battle-history"><br></div><div class="battle-history">Pansage used <strong>Giga Drain</strong>!<br></div><div class="battle-history"><small>It's super effective!</small><br></div><div class="battle-history"><small>[The opposing Geodude's Sturdy]</small><br><small>The opposing Geodude endured the hit!</small><br></div><div class="battle-history"><small>(The opposing Geodude lost <abbr title="−19/20">95%</abbr> of its health!)</small><br></div><div class="battle-history"><small>The opposing Geodude had its energy drained!</small><br></div><div class="battle-history"><small>(The opposing Geodude used its Berry Juice!)</small><br></div><div class="battle-history"><small>The opposing Geodude restored HP using its Berry Juice!</small><br></div><div class="spacer battle-history"><br></div><div class="battle-history">The opposing Geodude used <strong>Tackle</strong>!<br></div><div class="battle-history"><small>(Pansage lost <abbr title="−5/21">23.8%</abbr> of its health!)</small><br></div><div class="spacer battle-history"><br></div><h2 class="battle-history">Turn 3</h2><div class="spacer battle-history"><br></div><div class="battle-history">Pansage used <strong>Giga Drain</strong>!<br></div><div class="battle-history"><small>It's super effective!</small><br></div><div class="battle-history"><small>[The opposing Geodude's Sturdy]</small><br><small>The opposing Geodude endured the hit!</small><br></div><div class="battle-history"><small>(The opposing Geodude lost <abbr title="−19/20">95%</abbr> of its health!)</small><br></div><div class="battle-history"><small>The opposing Geodude had its energy drained!</small><br></div><div class="spacer battle-history"><br></div><div class="battle-history">The opposing Geodude used <strong>Tackle</strong>!<br></div><div class="battle-history"><small>(Pansage lost <abbr title="−5/21">23.8%</abbr> of its health!)</small><br></div><div class="spacer battle-history"><br></div><h2 class="battle-history">Turn 4</h2><div class="spacer battle-history"><br></div><div class="battle-history">Pansage used <strong>Protect</strong>!<br></div><div class="battle-history"><small>Pansage protected itself!</small><br></div><div class="spacer battle-history"><br></div><div class="battle-history">The opposing Geodude used <strong>Tackle</strong>!<br></div><div class="battle-history"><small>Pansage protected itself!</small><br></div><div class="spacer battle-history"><br></div><h2 class="battle-history">Turn 5</h2><div class="spacer battle-history"><br></div><div class="battle-history">Pansage used <strong>Giga Drain</strong>!<br></div><div class="battle-history"><small>It's super effective!</small><br></div><div class="battle-history"><small>(The opposing Geodude lost <abbr title="−1/20">5%</abbr> of its health!)</small><br></div><div class="battle-history"><small>The opposing Geodude had its energy drained!</small><br></div><div class="spacer battle-history"><br></div><div class="battle-history">The opposing Geodude fainted!<br></div><div class="spacer battle-history"><br></div><div class="battle-history">Gambit0 sent out <strong>Onix</strong>!<br></div><div class="spacer battle-history"><br></div><h2 class="battle-history">Turn 6</h2><div class="spacer battle-history"><br></div><div class="battle-history">Pansage used <strong>Giga Drain</strong>!<br></div><div class="battle-history"><small>It's super effective!</small><br></div><div class="battle-history"><small>[The opposing Onix's Sturdy]</small><br><small>The opposing Onix endured the hit!</small><br></div><div class="battle-history"><small>(The opposing Onix lost <abbr title="−19/20">95%</abbr> of its health!)</small><br></div><div class="battle-history"><small>The opposing Onix had its energy drained!</small><br></div><div class="battle-history"><small>(The opposing Onix used its Berry Juice!)</small><br></div><div class="battle-history"><small>The opposing Onix restored HP using its Berry Juice!</small><br></div><div class="spacer battle-history"><br></div><div class="battle-history">The opposing Onix used <strong>Rock Tomb</strong>!<br></div><div class="battle-history"><small>(Pansage lost <abbr title="−10/21">47.6%</abbr> of its health!)</small><br></div><div class="battle-history"><small>Pansage's Speed fell!</small><br></div><div class="spacer battle-history"><br></div><h2 class="battle-history">Turn 7</h2><div class="spacer battle-history"><br></div><div class="battle-history">Pansage used <strong>Protect</strong>!<br></div><div class="battle-history"><small>Pansage protected itself!</small><br></div><div class="spacer battle-history"><br></div><div class="battle-history">The opposing Onix used <strong>Rock Tomb</strong>!<br></div><div class="battle-history"><small>Pansage protected itself!</small><br></div><div class="spacer battle-history"><br></div><h2 class="battle-history">Turn 8</h2><div class="spacer battle-history"><br></div><div class="battle-history">Pansage, come back!<br></div><div class="battle-history">Go! <strong>Eevee</strong>!<br></div><div class="spacer battle-history"><br></div><div class="battle-history">The opposing Onix used <strong>Rock Tomb</strong>!<br></div><div class="battle-history"><small>(Eevee lost <abbr title="−6/22">27.3%</abbr> of its health!)</small><br></div><div class="battle-history"><small>Eevee's Speed fell!</small><br></div><div class="spacer battle-history"><br></div><h2 class="battle-history">Turn 9</h2><div class="spacer battle-history"><br></div><div class="battle-history">The opposing Onix used <strong>Bind</strong>!<br></div><div class="battle-history"><small>Eevee avoided the attack!</small><br></div><div class="spacer battle-history"><br></div><div class="battle-history">Eevee used <strong>Growl</strong>!<br></div><div class="battle-history"><small>The opposing Onix's Attack fell!</small><br></div><div class="spacer battle-history"><br></div><h2 class="battle-history">Turn 10</h2><div class="spacer battle-history"><br></div><div class="battle-history">The opposing Onix used <strong>Bind</strong>!<br></div><div class="battle-history"><small>(Eevee lost <abbr title="−1/22">4.5%</abbr> of its health!)</small><br></div><div class="battle-history"><small>Eevee was squeezed by the opposing Onix!</small><br></div><div class="spacer battle-history"><br></div><div class="battle-history">Eevee used <strong>Growl</strong>!<br></div><div class="battle-history"><small>The opposing Onix's Attack fell!</small><br></div><div class="spacer battle-history"><br></div><div class="battle-history"><small>Eevee is hurt by Bind!</small><br></div><div class="spacer battle-history"><br></div><h2 class="battle-history">Turn 11</h2><div class="spacer battle-history"><br></div><div class="battle-history">The opposing Onix used <strong>Screech</strong>!<br></div><div class="battle-history"><small>Eevee's Defense fell harshly!</small><br></div><div class="spacer battle-history"><br></div><div class="battle-history">Eevee used <strong>Growl</strong>!<br></div><div class="battle-history"><small>The opposing Onix's Attack fell!</small><br></div><div class="spacer battle-history"><br></div><div class="battle-history"><small>Eevee is hurt by Bind!</small><br></div><div class="spacer battle-history"><br></div><h2 class="battle-history">Turn 12</h2><div class="spacer battle-history"><br></div><div class="battle-history">The opposing Onix used <strong>Rock Tomb</strong>!<br></div><div class="battle-history"><small>(Eevee lost <abbr title="−4/22">18.2%</abbr> of its health!)</small><br></div><div class="battle-history"><small>Eevee's Speed fell!</small><br></div><div class="spacer battle-history"><br></div><div class="battle-history">Eevee used <strong>Growl</strong>!<br></div><div class="battle-history"><small>The opposing Onix's Attack fell!</small><br></div><div class="spacer battle-history"><br></div><div class="battle-history"><small>Eevee is hurt by Bind!</small><br></div><div class="spacer battle-history"><br></div><h2 class="battle-history">Turn 13</h2><div class="spacer battle-history"><br></div><div class="battle-history">The opposing Onix used <strong>Rock Tomb</strong>!<br></div><div class="battle-history"><small>(Eevee lost <abbr title="−3/22">13.6%</abbr> of its health!)</small><br></div><div class="battle-history"><small>Eevee's Speed fell!</small><br></div><div class="spacer battle-history"><br></div><div class="battle-history">Eevee used <strong>Growl</strong>!<br></div><div class="battle-history"><small>The opposing Onix's Attack fell!</small><br></div><div class="spacer battle-history"><br></div><div class="battle-history"><small>Eevee is hurt by Bind!</small><br></div><div class="spacer battle-history"><br></div><div class="battle-history">Eevee fainted!<br></div><div class="spacer battle-history"><br></div><div class="battle-history">Go! <strong>Pansage</strong>!<br></div><div class="spacer battle-history"><br></div><h2 class="battle-history">Turn 14</h2><div class="spacer battle-history"><br></div><div class="battle-history">Pansage used <strong>Protect</strong>!<br></div><div class="battle-history"><small>Pansage protected itself!</small><br></div><div class="spacer battle-history"><br></div><div class="battle-history">The opposing Onix used <strong>Rock Tomb</strong>!<br></div><div class="battle-history"><small>Pansage protected itself!</small><br></div><div class="spacer battle-history"><br></div><h2 class="battle-history">Turn 15</h2><div class="spacer battle-history"><br></div><div class="battle-history">The opposing Onix used <strong>Rock Tomb</strong>!<br></div><div class="battle-history"><small>(Pansage lost <abbr title="−3/21">14.3%</abbr> of its health!)</small><br></div><div class="battle-history"><small>Pansage's Speed fell!</small><br></div><div class="battle-history"><small>Pansage ate its Sitrus Berry!</small><br></div><div class="battle-history"><small>Pansage restored HP using its Sitrus Berry!</small><br></div><div class="spacer battle-history"><br></div><div class="battle-history">Pansage used <strong>Nasty Plot</strong>!<br></div><div class="battle-history"><small>Pansage's Special Attack rose sharply!</small><br></div><div class="spacer battle-history"><br></div><h2 class="battle-history">Turn 16</h2><div class="spacer battle-history"><br></div><div class="battle-history">The opposing Onix used <strong>Bind</strong>!<br></div><div class="battle-history"><small>(Pansage lost <abbr title="−1/21">4.8%</abbr> of its health!)</small><br></div><div class="battle-history"><small>Pansage was squeezed by the opposing Onix!</small><br></div><div class="spacer battle-history"><br></div><div class="battle-history">Pansage used <strong>Giga Drain</strong>!<br></div><div class="battle-history"><small>It's super effective!</small><br></div><div class="battle-history"><small>[The opposing Onix's Sturdy]</small><br><small>The opposing Onix endured the hit!</small><br></div><div class="battle-history"><small>(The opposing Onix lost <abbr title="−19/20">95%</abbr> of its health!)</small><br></div><div class="battle-history"><small>The opposing Onix had its energy drained!</small><br></div><div class="spacer battle-history"><br></div><div class="battle-history"><small>Pansage is hurt by Bind!</small><br></div><div class="spacer battle-history"><br></div><h2 class="battle-history">Turn 17</h2><div class="spacer battle-history"><br></div><div class="battle-history">Pansage used <strong>Protect</strong>!<br></div><div class="battle-history"><small>Pansage protected itself!</small><br></div><div class="spacer battle-history"><br></div><div class="battle-history">The opposing Onix used <strong>Rock Tomb</strong>!<br></div><div class="battle-history"><small>Pansage protected itself!</small><br></div><div class="spacer battle-history"><br></div><div class="battle-history"><small>Pansage is hurt by Bind!</small><br></div><div class="spacer battle-history"><br></div><h2 class="battle-history">Turn 18</h2><div class="spacer battle-history"><br></div><div class="battle-history">The opposing Onix used <strong>Rock Tomb</strong>!<br></div><div class="battle-history"><small>(Pansage lost <abbr title="−3/21">14.3%</abbr> of its health!)</small><br></div><div class="battle-history"><small>Pansage's Speed fell!</small><br></div><div class="spacer battle-history"><br></div><div class="battle-history">Pansage used <strong>Energy Ball</strong>!<br></div><div class="battle-history"><small>It's super effective!</small><br></div><div class="battle-history"><small>(The opposing Onix lost <abbr title="−1/20">5%</abbr> of its health!)</small><br></div><div class="spacer battle-history"><br></div><div class="battle-history">The opposing Onix fainted!<br></div><div class="spacer battle-history"><br></div><div class="battle-history"><strong>missael123</strong> won the battle!<br></div><div class="chat chatmessage-gambit0"><strong style="color:hsl(103,83%,32.88623053154524%)"><small>☆</small><span class="username" data-name="Gambit0">Gambit0</span>:</strong> <em>«Te he subestimado. ¡Como prueba de tu victoria, aquí tienes la MEDALLA ROCA!»</em></div></div><div class="inner-preempt"></div></div></div>
</div>
<script>
let daily = Math.floor(Date.now()/1000/60/60/24);document.write('<script src="https://play.pokemonshowdown.com/js/replay-embed.js?version'+daily+'"></'+'script>');
</script>
