<!DOCTYPE html>
<meta charset="utf-8" />
<!-- version 1 -->
<title>LC replay: Franko159 vs. SuperPooper909</title>
<style>
html,body {font-family:Verdana, sans-serif;font-size:10pt;margin:0;padding:0;}body{padding:12px 0;} .battle-log {font-family:Verdana, sans-serif;font-size:10pt;} .battle-log-inline {border:1px solid #AAAAAA;background:#EEF2F5;color:black;max-width:640px;margin:0 auto 80px;padding-bottom:5px;} .battle-log .inner {padding:4px 8px 0px 8px;} .battle-log .inner-preempt {padding:0 8px 4px 8px;} .battle-log .inner-after {margin-top:0.5em;} .battle-log h2 {margin:0.5em -8px;padding:4px 8px;border:1px solid #AAAAAA;background:#E0E7EA;border-left:0;border-right:0;font-family:Verdana, sans-serif;font-size:13pt;} .battle-log .chat {vertical-align:middle;padding:3px 0 3px 0;font-size:8pt;} .battle-log .chat strong {color:#40576A;} .battle-log .chat em {padding:1px 4px 1px 3px;color:#000000;font-style:normal;} .chat.mine {background:rgba(0,0,0,0.05);margin-left:-8px;margin-right:-8px;padding-left:8px;padding-right:8px;} .spoiler {color:#BBBBBB;background:#BBBBBB;padding:0px 3px;} .spoiler:hover, .spoiler:active, .spoiler-shown {color:#000000;background:#E2E2E2;padding:0px 3px;} .spoiler a {color:#BBBBBB;} .spoiler:hover a, .spoiler:active a, .spoiler-shown a {color:#2288CC;} .chat code, .chat .spoiler:hover code, .chat .spoiler:active code, .chat .spoiler-shown code {border:1px solid #C0C0C0;background:#EEEEEE;color:black;padding:0 2px;} .chat .spoiler code {border:1px solid #CCCCCC;background:#CCCCCC;color:#CCCCCC;} .battle-log .rated {padding:3px 4px;} .battle-log .rated strong {color:white;background:#89A;padding:1px 4px;border-radius:4px;} .spacer {margin-top:0.5em;} .message-announce {background:#6688AA;color:white;padding:1px 4px 2px;} .message-announce a, .broadcast-green a, .broadcast-blue a, .broadcast-red a {color:#DDEEFF;} .broadcast-green {background-color:#559955;color:white;padding:2px 4px;} .broadcast-blue {background-color:#6688AA;color:white;padding:2px 4px;} .infobox {border:1px solid #6688AA;padding:2px 4px;} .infobox-limited {max-height:200px;overflow:auto;overflow-x:hidden;} .broadcast-red {background-color:#AA5544;color:white;padding:2px 4px;} .message-learn-canlearn {font-weight:bold;color:#228822;text-decoration:underline;} .message-learn-cannotlearn {font-weight:bold;color:#CC2222;text-decoration:underline;} .message-effect-weak {font-weight:bold;color:#CC2222;} .message-effect-resist {font-weight:bold;color:#6688AA;} .message-effect-immune {font-weight:bold;color:#666666;} .message-learn-list {margin-top:0;margin-bottom:0;} .message-throttle-notice, .message-error {color:#992222;} .message-overflow, .chat small.message-overflow {font-size:0pt;} .message-overflow::before {font-size:9pt;content:'...';} .subtle {color:#3A4A66;}
</style>
<div class="wrapper replay-wrapper" style="max-width:1180px;margin:0 auto">
<input type="hidden" name="replayid" value="lc-490197454" />
<div class="battle"></div><div class="battle-log"></div><div class="replay-controls"></div><div class="replay-controls-2"></div>
<h1 style="font-weight:normal;text-align:center"><strong>LC</strong><br /><a href="http://pokemonshowdown.com/users/franko159" class="subtle" target="_blank">Franko159</a> vs. <a href="http://pokemonshowdown.com/users/superpooper909" class="subtle" target="_blank">SuperPooper909</a></h1>
<script type="text/plain" class="battle-log-data">|j|Franko159
|j|SuperPooper909
|player|p1|Franko159|169
|player|p2|SuperPooper909|1
|gametype|singles
|gen|6
|tier|LC
|rated
|seed|43409,54512,18304,55978
|clearpoke
|poke|p1|Bulbasaur, L5, M|item
|poke|p1|Munchlax, L5, M|item
|poke|p1|Snivy, L5, M|item
|poke|p1|Scraggy, L5, M|item
|poke|p1|Totodile, L5, M|item
|poke|p1|Gastly, L5, M|item
|poke|p2|Baltoy, L5|item
|poke|p2|Axew, L5, M, shiny|item
|poke|p2|Corphish, L5, F|item
|poke|p2|Duskull, L5, F, shiny|item
|poke|p2|Magikarp, L5, M, shiny|item
|poke|p2|Joltik, L5, M|item
|rule|Sleep Clause Mod: Limit one foe put to sleep
|rule|Species Clause: Limit one of each Pokémon
|rule|OHKO Clause: OHKO moves are banned
|rule|Moody Clause: Moody is banned
|rule|Evasion Moves Clause: Evasion moves are banned
|rule|Endless Battle Clause: Forcing endless battles is banned
|rule|HP Percentage Mod: HP is shown in percentages
|teampreview
|choice|team 6, team 2, team 3, team 4, team 5, team 1|team 1, team 2, team 3, team 4, team 5, team 6
|
|start
|switch|p1a: AllahuAkbar|Gastly, L5, M|18\/18
|switch|p2a: Baltoy|Baltoy, L5|20\/20
|turn|1
|choice|move shadowball|move lightscreen
|
|move|p1a: AllahuAkbar|Shadow Ball|p2a: Baltoy
|-supereffective|p2a: Baltoy
|-enditem|p2a: Baltoy|Focus Sash
|-damage|p2a: Baltoy|1\/20
|move|p2a: Baltoy|Light Screen|p2a: Baltoy
|-sidestart|p2: SuperPooper909|move: Light Screen
|
|turn|2
|choice|move shadowball|move stealthrock
|
|move|p1a: AllahuAkbar|Shadow Ball|p2a: Baltoy
|-supereffective|p2a: Baltoy
|-damage|p2a: Baltoy|0 fnt
|faint|p2a: Baltoy
|
|choice||switch 3
|
|switch|p2a: Corphish|Corphish, L5, F|20\/20
|turn|3
|choice|switch 6|move dragondance
|
|switch|p1a: Lechuguín|Bulbasaur, L5, M|24\/24
|move|p2a: Corphish|Dragon Dance|p2a: Corphish
|-boost|p2a: Corphish|atk|1
|-boost|p2a: Corphish|spe|1
|
|turn|4
|choice|move sleeppowder|move knockoff
|
|move|p2a: Corphish|Knock Off|p1a: Lechuguín
|-damage|p1a: Lechuguín|15\/24
|-enditem|p1a: Lechuguín|Eviolite|[from] move: Knock Off|[of] p2a: Corphish
|move|p1a: Lechuguín|Sleep Powder|p2a: Corphish
|-status|p2a: Corphish|slp
|
|turn|5
|choice|move gigadrain|move aquajet
|
|cant|p2a: Corphish|slp
|move|p1a: Lechuguín|Giga Drain|p2a: Corphish
|-supereffective|p2a: Corphish
|-damage|p2a: Corphish|11\/20 slp
|-heal|p1a: Lechuguín|20\/24|[from] drain|[of] p2a: Corphish
|
|-sideend|p2: SuperPooper909|move: Light Screen
|turn|6
|choice|move gigadrain|move knockoff
|
|cant|p2a: Corphish|slp
|move|p1a: Lechuguín|Giga Drain|p2a: Corphish
|-supereffective|p2a: Corphish
|-damage|p2a: Corphish|0 fnt
|-heal|p1a: Lechuguín|24\/24|[from] drain|[of] p2a: Corphish
|faint|p2a: Corphish
|
|choice||switch 4
|
|switch|p2a: Duskull|Duskull, L5, F, shiny|21\/21
|turn|7
|choice|move sleeppowder|move calmmind
|
|move|p1a: Lechuguín|Sleep Powder|p2a: Duskull
|-status|p2a: Duskull|slp
|-enditem|p2a: Duskull|Lum Berry|[eat]
|-curestatus|p2a: Duskull|slp|[msg]
|move|p2a: Duskull|Calm Mind|p2a: Duskull
|-boost|p2a: Duskull|spa|1
|-boost|p2a: Duskull|spd|1
|
|turn|8
|choice|move sleeppowder|move willowisp
|
|move|p1a: Lechuguín|Sleep Powder|p2a: Duskull
|-status|p2a: Duskull|slp
|cant|p2a: Duskull|slp
|
|turn|9
|choice|switch 4|move willowisp
|
|switch|p1a: BandForMyPants|Scraggy, L5, M|22\/22
|cant|p2a: Duskull|slp
|
|turn|10
|choice|move knockoff|switch 5
|
|switch|p2a: PIMPKARP|Magikarp, L5, M, shiny|18\/18
|move|p1a: BandForMyPants|Knock Off|p2a: PIMPKARP
|-damage|p2a: PIMPKARP|2\/18
|-ability|p2a: PIMPKARP|Rattled|boost
|-boost|p2a: PIMPKARP|spe|1
|-enditem|p2a: PIMPKARP|Focus Sash|[from] move: Knock Off|[of] p1a: BandForMyPants
|
|turn|11
|choice|move knockoff|move flail
|
|move|p2a: PIMPKARP|Flail|p1a: BandForMyPants
|-damage|p1a: BandForMyPants|16\/22
|move|p1a: BandForMyPants|Knock Off|p2a: PIMPKARP
|-damage|p2a: PIMPKARP|0 fnt
|faint|p2a: PIMPKARP
|-ability|p1a: BandForMyPants|Moxie|boost
|-boost|p1a: BandForMyPants|atk|1
|
|choice||switch 2
|
|switch|p2a: Axew|Axew, L5, M, shiny|21\/21
|-ability|p2a: Axew|Mold Breaker
|turn|12
|c|★Franko159|no move z, no pimpkarp
|choice|move knockoff|move dragondance
|
|move|p1a: BandForMyPants|Knock Off|p2a: Axew
|-damage|p2a: Axew|0 fnt
|-enditem|p2a: Axew|Life Orb|[from] move: Knock Off|[of] p1a: BandForMyPants
|faint|p2a: Axew
|-ability|p1a: BandForMyPants|Moxie|boost
|-boost|p1a: BandForMyPants|atk|1
|
|choice||switch 6
|
|switch|p2a: Joltik|Joltik, L5, M|21\/21
|turn|13
|choice|move knockoff|move bugbuzz
|
|move|p1a: BandForMyPants|Knock Off|p2a: Joltik
|-crit|p2a: Joltik
|-damage|p2a: Joltik|0 fnt
|-damage|p1a: BandForMyPants|13\/22|[from] item: Rocky Helmet|[of] p2a: Joltik
|-enditem|p2a: Joltik|Rocky Helmet|[from] move: Knock Off|[of] p1a: BandForMyPants
|faint|p2a: Joltik
|-ability|p1a: BandForMyPants|Moxie|boost
|-boost|p1a: BandForMyPants|atk|1
|
|c|★Franko159|6-0
|choice||switch 5
|
|switch|p2a: Duskull|Duskull, L5, F, shiny|21\/21 slp
|-item|p1a: BandForMyPants|Focus Sash|[from] ability: Frisk|[of] p2a: Duskull|[identify]
|turn|14
|choice|move knockoff|move willowisp
|
|move|p1a: BandForMyPants|Knock Off|p2a: Duskull
|-supereffective|p2a: Duskull
|-damage|p2a: Duskull|0 fnt
|faint|p2a: Duskull
|
|win|Franko159
|player|p1
|player|p2</script>
</div>
<div class="battle-log battle-log-inline"><div class="inner"><div class="battle-options"></div><div class="inner"><div class="chat"><small>Franko159 joined.</small></div><div class="chat"><small>SuperPooper909 joined.</small></div><div class=""><small>Format:</small> <br><strong>LC</strong></div><div class="rated"><strong>Rated battle</strong></div><div class=""><small><em>Sleep Clause Mod:</em> Limit one foe put to sleep</small></div><div class=""><small><em>Species Clause:</em> Limit one of each Pokémon</small></div><div class=""><small><em>OHKO Clause:</em> OHKO moves are banned</small></div><div class=""><small><em>Moody Clause:</em> Moody is banned</small></div><div class=""><small><em>Evasion Moves Clause:</em> Evasion moves are banned</small></div><div class=""><small><em>Endless Battle Clause:</em> Forcing endless battles is banned</small></div><div class=""><small><em>HP Percentage Mod:</em> HP is shown in percentages</small></div><div class="chat battle-history"><strong>Franko159's team:</strong> <em style="color:#445566;display:block;">Bulbasaur / Munchlax / Snivy / Scraggy / Totodile / Gastly</em></div><div class="chat battle-history"><strong>SuperPooper909's team:</strong> <em style="color:#445566;display:block;">Baltoy / Axew / Corphish / Duskull / Magikarp / Joltik</em></div><div class="spacer battle-history"><br></div><div class="battle-history">Battle started between Franko159 and SuperPooper909!<br></div><div class="spacer battle-history"><br></div><div class="battle-history">Go! AllahuAkbar (<strong>Gastly</strong>)!<br></div><div class="spacer battle-history"><br></div><div class="battle-history">SuperPooper909 sent out <strong>Baltoy</strong>!<br></div><div class="spacer battle-history"><br></div><h2 class="battle-history">Turn 1</h2><div class="spacer battle-history"><br></div><div class="battle-history">AllahuAkbar used <strong>Shadow Ball</strong>!<br></div><div class="battle-history"><small>It's super effective!</small><br></div><div class="battle-history"><small>The opposing Baltoy hung on using its Focus Sash!</small><br></div><div class="battle-history"><small>(The opposing Baltoy lost <abbr title="−19/20">95%</abbr> of its health!)</small><br></div><div class="spacer battle-history"><br></div><div class="battle-history">The opposing Baltoy used <strong>Light Screen</strong>!<br></div><div class="battle-history"><small>Light Screen made the opposing team stronger against special moves!</small><br></div><div class="spacer battle-history"><br></div><h2 class="battle-history">Turn 2</h2><div class="spacer battle-history"><br></div><div class="battle-history">AllahuAkbar used <strong>Shadow Ball</strong>!<br></div><div class="battle-history"><small>It's super effective!</small><br></div><div class="battle-history"><small>(The opposing Baltoy lost <abbr title="−1/20">5%</abbr> of its health!)</small><br></div><div class="spacer battle-history"><br></div><div class="battle-history">The opposing Baltoy fainted!<br></div><div class="spacer battle-history"><br></div><div class="battle-history">SuperPooper909 sent out <strong>Corphish</strong>!<br></div><div class="spacer battle-history"><br></div><h2 class="battle-history">Turn 3</h2><div class="spacer battle-history"><br></div><div class="battle-history">AllahuAkbar, come back!<br></div><div class="battle-history">Go! Lechuguín (<strong>Bulbasaur</strong>)!<br></div><div class="spacer battle-history"><br></div><div class="battle-history">The opposing Corphish used <strong>Dragon Dance</strong>!<br></div><div class="battle-history"><small>The opposing Corphish's Attack rose!</small><br></div><div class="battle-history"><small>The opposing Corphish's Speed rose!</small><br></div><div class="spacer battle-history"><br></div><h2 class="battle-history">Turn 4</h2><div class="spacer battle-history"><br></div><div class="battle-history">The opposing Corphish used <strong>Knock Off</strong>!<br></div><div class="battle-history"><small>(Lechuguín lost <abbr title="−9/24">37.5%</abbr> of its health!)</small><br></div><div class="battle-history"><small>The opposing Corphish knocked off Lechuguín's Eviolite!</small><br></div><div class="spacer battle-history"><br></div><div class="battle-history">Lechuguín used <strong>Sleep Powder</strong>!<br></div><div class="battle-history"><small>The opposing Corphish fell asleep!</small><br></div><div class="spacer battle-history"><br></div><h2 class="battle-history">Turn 5</h2><div class="spacer battle-history"><br></div><div class="battle-history">The opposing Corphish is fast asleep.<br></div><div class="spacer battle-history"><br></div><div class="battle-history">Lechuguín used <strong>Giga Drain</strong>!<br></div><div class="battle-history"><small>It's super effective!</small><br></div><div class="battle-history"><small>(The opposing Corphish lost <abbr title="−9/20">45%</abbr> of its health!)</small><br></div><div class="battle-history"><small>The opposing Corphish had its energy drained!</small><br></div><div class="spacer battle-history"><br></div><div class="battle-history"><small>The opposing team's Light Screen wore off!</small><br></div><div class="spacer battle-history"><br></div><h2 class="battle-history">Turn 6</h2><div class="spacer battle-history"><br></div><div class="battle-history">The opposing Corphish is fast asleep.<br></div><div class="spacer battle-history"><br></div><div class="battle-history">Lechuguín used <strong>Giga Drain</strong>!<br></div><div class="battle-history"><small>It's super effective!</small><br></div><div class="battle-history"><small>(The opposing Corphish lost <abbr title="−11/20">55.0%</abbr> of its health!)</small><br></div><div class="battle-history"><small>The opposing Corphish had its energy drained!</small><br></div><div class="spacer battle-history"><br></div><div class="battle-history">The opposing Corphish fainted!<br></div><div class="spacer battle-history"><br></div><div class="battle-history">SuperPooper909 sent out <strong>Duskull</strong>!<br></div><div class="spacer battle-history"><br></div><h2 class="battle-history">Turn 7</h2><div class="spacer battle-history"><br></div><div class="battle-history">Lechuguín used <strong>Sleep Powder</strong>!<br></div><div class="battle-history"><small>The opposing Duskull fell asleep!</small><br></div><div class="battle-history"><small>The opposing Duskull ate its Lum Berry!</small><br></div><div class="battle-history"><small>The opposing Duskull woke up!</small><br></div><div class="spacer battle-history"><br></div><div class="battle-history">The opposing Duskull used <strong>Calm Mind</strong>!<br></div><div class="battle-history"><small>The opposing Duskull's Special Attack rose!</small><br></div><div class="battle-history"><small>The opposing Duskull's Special Defense rose!</small><br></div><div class="spacer battle-history"><br></div><h2 class="battle-history">Turn 8</h2><div class="spacer battle-history"><br></div><div class="battle-history">Lechuguín used <strong>Sleep Powder</strong>!<br></div><div class="battle-history"><small>The opposing Duskull fell asleep!</small><br></div><div class="spacer battle-history"><br></div><div class="battle-history">The opposing Duskull is fast asleep.<br></div><div class="spacer battle-history"><br></div><h2 class="battle-history">Turn 9</h2><div class="spacer battle-history"><br></div><div class="battle-history">Lechuguín, come back!<br></div><div class="battle-history">Go! BandForMyPants (<strong>Scraggy</strong>)!<br></div><div class="spacer battle-history"><br></div><div class="battle-history">The opposing Duskull is fast asleep.<br></div><div class="spacer battle-history"><br></div><h2 class="battle-history">Turn 10</h2><div class="spacer battle-history"><br></div><div class="battle-history">SuperPooper909 withdrew Duskull!<br></div><div class="battle-history">SuperPooper909 sent out PIMPKARP (<strong>Magikarp</strong>)!<br></div><div class="spacer battle-history"><br></div><div class="battle-history">BandForMyPants used <strong>Knock Off</strong>!<br></div><div class="battle-history"><small>(The opposing PIMPKARP lost <abbr title="−16/18">88.9%</abbr> of its health!)</small><br></div><div class="battle-history"><small>[The opposing PIMPKARP's Rattled]</small><br></div><div class="battle-history"><small>The opposing PIMPKARP's Speed rose!</small><br></div><div class="battle-history"><small>BandForMyPants knocked off the opposing PIMPKARP's Focus Sash!</small><br></div><div class="spacer battle-history"><br></div><h2 class="battle-history">Turn 11</h2><div class="spacer battle-history"><br></div><div class="battle-history">The opposing PIMPKARP used <strong>Flail</strong>!<br></div><div class="battle-history"><small>(BandForMyPants lost <abbr title="−6/22">27.3%</abbr> of its health!)</small><br></div><div class="spacer battle-history"><br></div><div class="battle-history">BandForMyPants used <strong>Knock Off</strong>!<br></div><div class="battle-history"><small>(The opposing PIMPKARP lost <abbr title="−2/18">11.1%</abbr> of its health!)</small><br></div><div class="spacer battle-history"><br></div><div class="battle-history">The opposing PIMPKARP fainted!<br></div><div class="battle-history"><small>[BandForMyPants's Moxie]</small><br></div><div class="battle-history"><small>BandForMyPants's Attack rose!</small><br></div><div class="spacer battle-history"><br></div><div class="battle-history">SuperPooper909 sent out <strong>Axew</strong>!<br></div><div class="battle-history"><small>[The opposing Axew's Mold Breaker]</small><br><small>The opposing Axew breaks the mold!</small><br></div><div class="spacer battle-history"><br></div><h2 class="battle-history">Turn 12</h2><div class="chat chatmessage-franko159"><strong style="color:hsl(7,80%,40%)"><small>★</small><span class="username" data-name="Franko159">Franko159</span>:</strong> <em>no move z, no pimpkarp</em></div><div class="spacer battle-history"><br></div><div class="battle-history">BandForMyPants used <strong>Knock Off</strong>!<br></div><div class="battle-history"><small>(The opposing Axew lost <abbr title="−21/21">100%</abbr> of its health!)</small><br></div><div class="battle-history"><small>BandForMyPants knocked off the opposing Axew's Life Orb!</small><br></div><div class="spacer battle-history"><br></div><div class="battle-history">The opposing Axew fainted!<br></div><div class="battle-history"><small>[BandForMyPants's Moxie]</small><br></div><div class="battle-history"><small>BandForMyPants's Attack rose!</small><br></div><div class="spacer battle-history"><br></div><div class="battle-history">SuperPooper909 sent out <strong>Joltik</strong>!<br></div><div class="spacer battle-history"><br></div><h2 class="battle-history">Turn 13</h2><div class="spacer battle-history"><br></div><div class="battle-history">BandForMyPants used <strong>Knock Off</strong>!<br></div><div class="battle-history"><small>A critical hit!</small><br></div><div class="battle-history"><small>(The opposing Joltik lost <abbr title="−21/21">100%</abbr> of its health!)</small><br></div><div class="battle-history"><small>BandForMyPants was hurt by the Rocky Helmet!</small><br></div><div class="battle-history"><small>BandForMyPants knocked off the opposing Joltik's Rocky Helmet!</small><br></div><div class="spacer battle-history"><br></div><div class="battle-history">The opposing Joltik fainted!<br></div><div class="battle-history"><small>[BandForMyPants's Moxie]</small><br></div><div class="battle-history"><small>BandForMyPants's Attack rose!</small><br></div><div class="chat chatmessage-franko159"><strong style="color:hsl(7,80%,40%)"><small>★</small><span class="username" data-name="Franko159">Franko159</span>:</strong> <em>6-0</em></div><div class="spacer battle-history"><br></div><div class="battle-history">SuperPooper909 sent out <strong>Duskull</strong>!<br></div><div class="battle-history"><small>[The opposing Duskull's Frisk]</small><br><small>The opposing Duskull frisked BandForMyPants and found its Focus Sash!</small><br></div><div class="spacer battle-history"><br></div><h2 class="battle-history">Turn 14</h2><div class="spacer battle-history"><br></div><div class="battle-history">BandForMyPants used <strong>Knock Off</strong>!<br></div><div class="battle-history"><small>It's super effective!</small><br></div><div class="battle-history"><small>(The opposing Duskull lost <abbr title="−21/21">100%</abbr> of its health!)</small><br></div><div class="spacer battle-history"><br></div><div class="battle-history">The opposing Duskull fainted!<br></div><div class="spacer battle-history"><br></div><div class="battle-history"><strong>Franko159</strong> won the battle!<br></div></div><div class="inner-preempt"></div></div></div>
</div>
<script>
let daily = Math.floor(Date.now()/1000/60/60/24);document.write('<script src="https://play.pokemonshowdown.com/js/replay-embed.js?version'+daily+'"></'+'script>');
</script>
