<!DOCTYPE html>
<meta charset="utf-8" />
<!-- version 1 -->
<title>LC replay: ladderingtazz vs. saxman76</title>
<style>
html,body {font-family:Verdana, sans-serif;font-size:10pt;margin:0;padding:0;}body{padding:12px 0;} .battle-log {font-family:Verdana, sans-serif;font-size:10pt;} .battle-log-inline {border:1px solid #AAAAAA;background:#EEF2F5;color:black;max-width:640px;margin:0 auto 80px;padding-bottom:5px;} .battle-log .inner {padding:4px 8px 0px 8px;} .battle-log .inner-preempt {padding:0 8px 4px 8px;} .battle-log .inner-after {margin-top:0.5em;} .battle-log h2 {margin:0.5em -8px;padding:4px 8px;border:1px solid #AAAAAA;background:#E0E7EA;border-left:0;border-right:0;font-family:Verdana, sans-serif;font-size:13pt;} .battle-log .chat {vertical-align:middle;padding:3px 0 3px 0;font-size:8pt;} .battle-log .chat strong {color:#40576A;} .battle-log .chat em {padding:1px 4px 1px 3px;color:#000000;font-style:normal;} .chat.mine {background:rgba(0,0,0,0.05);margin-left:-8px;margin-right:-8px;padding-left:8px;padding-right:8px;} .spoiler {color:#BBBBBB;background:#BBBBBB;padding:0px 3px;} .spoiler:hover, .spoiler:active, .spoiler-shown {color:#000000;background:#E2E2E2;padding:0px 3px;} .spoiler a {color:#BBBBBB;} .spoiler:hover a, .spoiler:active a, .spoiler-shown a {color:#2288CC;} .chat code, .chat .spoiler:hover code, .chat .spoiler:active code, .chat .spoiler-shown code {border:1px solid #C0C0C0;background:#EEEEEE;color:black;padding:0 2px;} .chat .spoiler code {border:1px solid #CCCCCC;background:#CCCCCC;color:#CCCCCC;} .battle-log .rated {padding:3px 4px;} .battle-log .rated strong {color:white;background:#89A;padding:1px 4px;border-radius:4px;} .spacer {margin-top:0.5em;} .message-announce {background:#6688AA;color:white;padding:1px 4px 2px;} .message-announce a, .broadcast-green a, .broadcast-blue a, .broadcast-red a {color:#DDEEFF;} .broadcast-green {background-color:#559955;color:white;padding:2px 4px;} .broadcast-blue {background-color:#6688AA;color:white;padding:2px 4px;} .infobox {border:1px solid #6688AA;padding:2px 4px;} .infobox-limited {max-height:200px;overflow:auto;overflow-x:hidden;} .broadcast-red {background-color:#AA5544;color:white;padding:2px 4px;} .message-learn-canlearn {font-weight:bold;color:#228822;text-decoration:underline;} .message-learn-cannotlearn {font-weight:bold;color:#CC2222;text-decoration:underline;} .message-effect-weak {font-weight:bold;color:#CC2222;} .message-effect-resist {font-weight:bold;color:#6688AA;} .message-effect-immune {font-weight:bold;color:#666666;} .message-learn-list {margin-top:0;margin-bottom:0;} .message-throttle-notice, .message-error {color:#992222;} .message-overflow, .chat small.message-overflow {font-size:0pt;} .message-overflow::before {font-size:9pt;content:'...';} .subtle {color:#3A4A66;}
</style>
<div class="wrapper replay-wrapper" style="max-width:1180px;margin:0 auto">
<input type="hidden" name="replayid" value="lc-478087259" />
<div class="battle"></div><div class="battle-log"></div><div class="replay-controls"></div><div class="replay-controls-2"></div>
<h1 style="font-weight:normal;text-align:center"><strong>LC</strong><br /><a href="http://pokemonshowdown.com/users/ladderingtazz" class="subtle" target="_blank">ladderingtazz</a> vs. <a href="http://pokemonshowdown.com/users/saxman76" class="subtle" target="_blank">saxman76</a></h1>
<script type="text/plain" class="battle-log-data">|j|ladderingtazz
|j|saxman76
|player|p1|ladderingtazz|67
|player|p2|saxman76|12
|gametype|singles
|gen|6
|tier|LC
|rated
|seed|43660,52966,37014,13637
|clearpoke
|poke|p1|Torchic, L5, F, shiny|item
|poke|p1|Mime Jr., L5, F|item
|poke|p1|Mienfoo, L5, F, shiny|item
|poke|p1|Munna, L5, F, shiny|item
|poke|p1|Togepi, L5, F, shiny|item
|poke|p1|Gothita, L5, M|item
|poke|p2|Timburr, L5, M|item
|poke|p2|Riolu, L5, M|item
|poke|p2|Gothita, L5, F|item
|poke|p2|Tirtouga, L5, M|item
|poke|p2|Aipom, L5, M|item
|poke|p2|Pawniard, L5, M|item
|rule|Sleep Clause Mod: Limit one foe put to sleep
|rule|Species Clause: Limit one of each Pokémon
|rule|OHKO Clause: OHKO moves are banned
|rule|Moody Clause: Moody is banned
|rule|Evasion Moves Clause: Evasion moves are banned
|rule|Endless Battle Clause: Forcing endless battles is banned
|rule|HP Percentage Mod: HP is shown in percentages
|teampreview
|choice|team 1, team 2, team 3, team 4, team 5, team 6|team 5, team 2, team 3, team 4, team 1, team 6
|
|start
|switch|p1a: Torchic|Torchic, L5, F, shiny|21\/21
|switch|p2a: Aipom|Aipom, L5, M|22\/22
|turn|1
|choice|move protect|move fakeout
|
|move|p1a: Torchic|Protect|p1a: Torchic
|-singleturn|p1a: Torchic|Protect
|move|p2a: Aipom|Fake Out|p1a: Torchic
|-activate|p1a: Torchic|move: Protect
|
|-ability|p1a: Torchic|Speed Boost|boost
|-boost|p1a: Torchic|spe|1
|turn|2
|choice|move willowisp|move taunt
|
|move|p1a: Torchic|Will-O-Wisp|p2a: Aipom
|-status|p2a: Aipom|brn
|move|p2a: Aipom|Taunt|p1a: Torchic
|-start|p1a: Torchic|move: Taunt
|
|-damage|p2a: Aipom|20\/22 brn|[from] brn
|-ability|p1a: Torchic|Speed Boost|boost
|-boost|p1a: Torchic|spe|1
|turn|3
|choice|switch 6|move knockoff
|
|switch|p1a: Gothita|Gothita, L5, M|21\/21
|move|p2a: Aipom|Knock Off|p1a: Gothita
|-supereffective|p1a: Gothita
|-damage|p1a: Gothita|8\/21
|-enditem|p1a: Gothita|Choice Scarf|[from] move: Knock Off|[of] p2a: Aipom
|
|-damage|p2a: Aipom|18\/22 brn|[from] brn
|turn|4
|choice|move psychic|move uturn
|
|move|p2a: Aipom|U-turn|p1a: Gothita
|-supereffective|p1a: Gothita
|-damage|p1a: Gothita|0 fnt
|faint|p1a: Gothita
|choice||switch 5
|
|switch|p2a: Timburr|Timburr, L5, M|24\/24
|
|choice|switch 6|
|
|switch|p1a: Torchic|Torchic, L5, F, shiny|21\/21
|turn|5
|c|★saxman76|baton passing spamming fucking no talent fuck
|c|★saxman76|get fucked
|choice|move substitute|move bulkup
|
|move|p1a: Torchic|Substitute|p1a: Torchic
|-start|p1a: Torchic|Substitute
|-damage|p1a: Torchic|16\/21
|move|p2a: Timburr|Bulk Up|p2a: Timburr
|-boost|p2a: Timburr|atk|1
|-boost|p2a: Timburr|def|1
|
|-ability|p1a: Torchic|Speed Boost|boost
|-boost|p1a: Torchic|spe|1
|turn|6
|choice|move batonpass|move machpunch
|
|move|p2a: Timburr|Mach Punch|p1a: Torchic
|-end|p1a: Torchic|Substitute
|move|p1a: Torchic|Baton Pass|p1a: Torchic
|choice|switch 2|
|
|switch|p1a: Mime Jr.|Mime Jr., L5, F|21\/21
|
|turn|7
|choice|move encore|move knockoff
|
|move|p1a: Mime Jr.|Encore|p2a: Timburr
|-start|p2a: Timburr|Encore
|move|p2a: Timburr|Mach Punch|p1a: Mime Jr.
|-resisted|p1a: Mime Jr.
|-damage|p1a: Mime Jr.|19\/21
|
|turn|8
|c|★saxman76|ZERO talent
|c|★saxman76|ZERO
|c|★ladderingtazz|get fucked fuck zero talent fuck
|c|★ladderingtazz|fuck
|c|★saxman76|you have ZERO skills
|c|★saxman76|ZERO
|c|★ladderingtazz|no you have ZERO skills you fuck
|choice|move batonpass|switch 6
|
|switch|p2a: Pawniard|Pawniard, L5, M|21\/21
|move|p1a: Mime Jr.|Baton Pass|p1a: Mime Jr.
|c|★ladderingtazz|get FUCKED
|choice|switch 3|
|
|switch|p1a: Mienfoo|Mienfoo, L5, F, shiny|22\/22
|
|turn|9
|c|★saxman76|GET FUCKED
|c|★saxman76|YOU HAVE NO FUCKING TALENT
|choice|move bulkup|switch 5
|
|switch|p2a: Aipom|Aipom, L5, M|18\/22 brn
|move|p1a: Mienfoo|Bulk Up|p1a: Mienfoo
|-boost|p1a: Mienfoo|atk|1
|-boost|p1a: Mienfoo|def|1
|
|-damage|p2a: Aipom|16\/22 brn|[from] brn
|turn|10
|choice|move drainpunch|move fakeout
|
|move|p2a: Aipom|Fake Out|p1a: Mienfoo
|-enditem|p2a: Aipom|Normal Gem|[from] gem|[move] Fake Out
|-damage|p1a: Mienfoo|19\/22
|cant|p1a: Mienfoo|flinch
|
|-damage|p2a: Aipom|14\/22 brn|[from] brn
|turn|11
|choice|move drainpunch|move knockoff
|
|move|p1a: Mienfoo|Drain Punch|p2a: Aipom
|-supereffective|p2a: Aipom
|-damage|p2a: Aipom|0 fnt
|-heal|p1a: Mienfoo|22\/22|[from] drain|[of] p2a: Aipom
|faint|p2a: Aipom
|
|choice||switch 2
|
|switch|p2a: Riolu|Riolu, L5, M|20\/20
|turn|12
|choice|move bulkup|move counter
|
|move|p1a: Mienfoo|Bulk Up|p1a: Mienfoo
|-boost|p1a: Mienfoo|atk|1
|-boost|p1a: Mienfoo|def|1
|move|p2a: Riolu|Counter|p1a: Mienfoo
|-fail|p1a: Mienfoo
|
|turn|13
|c|★ladderingtazz|fucked
|choice|move batonpass|move counter
|
|move|p1a: Mienfoo|Baton Pass|p1a: Mienfoo
|choice|switch 4|
|
|switch|p1a: Munna|Munna, L5, F, shiny|24\/24
|move|p2a: Riolu|Counter|p1a: Munna
|-fail|p1a: Munna
|
|turn|14
|c|★saxman76|NO TALENT
|c|★saxman76|NO TALENT
|c|★saxman76|JUST FUCKIN BATON PASS SPAM
|c|★saxman76|ZEROOOOO SKILLS
|c|★saxman76|YOURE A FUCKING NO TALENT FUICKING DESEPRARTE MOTHR FUCKING LOSER
|c|★saxman76|GET
|c|★saxman76|FUICKED
|c|★ladderingtazz|YOU have ZERO
|c|★ladderingtazz|TALENT
|c|★saxman76|GET
|c|★saxman76|FUCKED
|c|★saxman76|ZERO
|c|★saxman76|ZERO
|c|★saxman76|ZERO
|c|★saxman76|SKILLS
|c|★ladderingtazz|NO SKILLS FUCK YOU
|c|★saxman76|GET
|c|★saxman76|FUCKED
|c|★saxman76|\YOU FUCKJOING NO TALENT STUPID STIUPU ID HILLBUILLY
|j|Nooblord Simon
|c|★saxman76|GET BACK TO FUCKIGN YOUR SISTER
|choice|move calmmind|switch 5
|
|switch|p2a: Pawniard|Pawniard, L5, M|21\/21
|move|p1a: Munna|Calm Mind|p1a: Munna
|-boost|p1a: Munna|spa|1
|-boost|p1a: Munna|spd|1
|
|turn|15
|c|★ladderingtazz|FUCK UUU
|choice|move batonpass|move knockoff
|
|move|p1a: Munna|Baton Pass|p1a: Munna
|choice|switch 4|
|
|switch|p1a: Mienfoo|Mienfoo, L5, F, shiny|22\/22
|move|p2a: Pawniard|Knock Off|p1a: Mienfoo
|-resisted|p1a: Mienfoo
|-damage|p1a: Mienfoo|19\/22
|-enditem|p1a: Mienfoo|Eviolite|[from] move: Knock Off|[of] p2a: Pawniard
|
|turn|16
|c| Nooblord Simon|I like bp
|j|Anonymous Weapon
|c|★saxman76|BATON PASS IS FOR TH ENO TALENT FUCKIGN LOSERS LIKE THIS MOTHER FUCING PRICK
|c|★ladderingtazz|SEE THIS GUY LIKES IT UNLIKE YOU YOU NO LUCK FUCKER
|c| Nooblord Simon|It's fun
|c|★saxman76|NO ITS NOT
|c|★ladderingtazz|ZERO SKILL
|c|★saxman76|ITS CHEAP NO TALNT FUCKING BULLSHIT
|c|★saxman76|NO TALNT
|c|★saxman76|ZERO SKILLS
|c|★saxman76|GET FUCKED YOU FIUCKING TRASH MOTHER FUCKR
|c|★ladderingtazz|IF IT TAKES NO SKILLS WHY ARE YOU GETTING FUCKED
|c|★saxman76|YOU HAVE NO SKILLS
|c|★saxman76|YOURE SPAMM<NING THE SAME BULLSHIT
|c|★saxman76|THREES ZERO SKILLS INVOLVE
|c|★ladderingtazz|AND YOU'RE LOSING TO IT
|c|★saxman76|JUST BECAUSE IT WORKS DOESNT MEAN IT TAKES SKILLS
|c|★saxman76|YOURE A FUCKIGN NO TALENT FUCKING SHITFORBRAINS
|c|★saxman76|GET FUCKED YOU FUCKING NO TALENT FUCKIGN LOS$RE
|c|★ladderingtazz|THEN BE SKILLFULL AND BEAT IT
|c|★saxman76|GET
|c|★saxman76|FUCKED
|c|★saxman76|GET
|c|★saxman76|FUCKED
|c|★saxman76|GET
|c|★saxman76|FUCKED
|c|★saxman76|GET
|c|★saxman76|GETFUCKED
|c|★ladderingtazz|I'M TOO BUSY FUCKING YOU
|c| Anonymous Weapon|gotta get a pokemon with encore on the squad or taunt
|c|★saxman76|I SWEAR TO FUCKING GOD I WILL FUCKNGI HUNT YOU DOWN AND PUT A FUCJKING BULLET RIGHT HTRHGOUGH YOUR FAT FUCKING SKULL
|c|★ladderingtazz|lmao
|choice|move batonpass|switch 6
|
|switch|p2a: Timburr|Timburr, L5, M|24\/24
|move|p1a: Mienfoo|Baton Pass|p1a: Mienfoo
|c|★ladderingtazz|predicted
|choice|switch 2|
|
|switch|p1a: Torchic|Torchic, L5, F, shiny|16\/21
|
|turn|17
|c|★saxman76|GET FUCKED
|c|★saxman76|GET FUCKED GET FUCKED GET FUCKED
|c|★saxman76|YOU FUCKING DESPERATE
|c|★saxman76|DEASPTEARTEA
|c|★saxman76|DESPERAET
|c|★saxman76|DESPEREATAE  MOTHRE RFUUUCKOIGN LPOSER
|c|★saxman76|LIING ON YOUR FUCKING MOMMAS BASENMENT
|c|★saxman76|FUCKING YOUR SISTer
|c|★saxman76|YOIU FUCKIGN WHITE TRASH FUCKIGN HILLBILLY
|c|★ladderingtazz|you could have trapped my mienfoo the entire time
|c|★saxman76|GET FUCKED
|c|★ladderingtazz|but you're trash and didn't realize it
|c|★ladderingtazz|lmaoo
|c|★saxman76|NO I COULDNT YOU MOTHER CUKCINFG TRASH RTARD FUCKING MORON
|c|★saxman76|\NOI I CAOUSORJGAOLKHFNRF
|c|★saxman76|\
|c|★ladderingtazz|are you scarf
|c|★saxman76|NO I FUCKING COULDNT YOU FUCKING RETARD DIPSHIT ASS MOTHER UCCKING MORON'
|choice|move substitute|move bulkup
|
|move|p1a: Torchic|Substitute|p1a: Torchic
|-start|p1a: Torchic|Substitute
|-damage|p1a: Torchic|11\/21
|move|p2a: Timburr|Bulk Up|p2a: Timburr
|-boost|p2a: Timburr|atk|1
|-boost|p2a: Timburr|def|1
|
|-ability|p1a: Torchic|Speed Boost|boost
|-boost|p1a: Torchic|spe|1
|turn|18
|c|★ladderingtazz|YES YOU COULD YOU IDIOT
|choice|move batonpass|move bulkup
|
|move|p1a: Torchic|Baton Pass|p1a: Torchic
|choice|switch 3|
|
|switch|p1a: Mime Jr.|Mime Jr., L5, F|19\/21
|move|p2a: Timburr|Bulk Up|p2a: Timburr
|-boost|p2a: Timburr|atk|1
|-boost|p2a: Timburr|def|1
|
|turn|19
|c|★saxman76|NO YOU FUCKINJG ASS MORON
|c|★ladderingtazz|YOO GET FUCKED
|c|★saxman76|BATON PASS BYPASSES ALLLLL THAT BULLSHIT
|c|★saxman76|GETTT
|c|★saxman76|FUUUUCKKEDDDD
|choice|move encore|move knockoff
|
|move|p1a: Mime Jr.|Encore|p2a: Timburr
|-start|p2a: Timburr|Encore
|move|p2a: Timburr|Bulk Up|p2a: Timburr
|-boost|p2a: Timburr|atk|1
|-boost|p2a: Timburr|def|1
|
|turn|20
|choice|move barrier|move bulkup
|
|move|p1a: Mime Jr.|Barrier|p1a: Mime Jr.
|-boost|p1a: Mime Jr.|def|2
|move|p2a: Timburr|Bulk Up|p2a: Timburr
|-boost|p2a: Timburr|atk|1
|-boost|p2a: Timburr|def|1
|
|turn|21
|choice|move barrier|move bulkup
|
|move|p1a: Mime Jr.|Barrier|p1a: Mime Jr.
|-boost|p1a: Mime Jr.|def|2
|move|p2a: Timburr|Bulk Up|p2a: Timburr
|-boost|p2a: Timburr|atk|1
|-boost|p2a: Timburr|def|1
|
|-end|p2a: Timburr|Encore
|turn|22
|choice|move calmmind|move knockoff
|
|move|p1a: Mime Jr.|Calm Mind|p1a: Mime Jr.
|-boost|p1a: Mime Jr.|spa|1
|-boost|p1a: Mime Jr.|spd|1
|move|p2a: Timburr|Knock Off|p1a: Mime Jr.
|-end|p1a: Mime Jr.|Substitute
|
|turn|23
|c|★ladderingtazz|oops misclick xd
|choice|move encore|move knockoff
|
|move|p1a: Mime Jr.|Encore|p2a: Timburr
|-start|p2a: Timburr|Encore
|move|p2a: Timburr|Knock Off|p1a: Mime Jr.
|-damage|p1a: Mime Jr.|10\/21
|-enditem|p1a: Mime Jr.|Berry Juice|[from] move: Knock Off|[of] p2a: Timburr
|
|turn|24
|choice|move batonpass|move knockoff
|
|move|p1a: Mime Jr.|Baton Pass|p1a: Mime Jr.
|choice|switch 5|
|
|switch|p1a: Togepi|Togepi, L5, F, shiny|20\/20
|move|p2a: Timburr|Knock Off|p1a: Togepi
|-resisted|p1a: Togepi
|-damage|p1a: Togepi|16\/20
|-enditem|p1a: Togepi|Berry Juice|[from] move: Knock Off|[of] p2a: Timburr
|
|turn|25
|c|★saxman76|GET FRUCKED
|c|★saxman76|YOURE SUCH MOTHER UCKING WHITE FUCKING TRASH
|c|★ladderingtazz|YOU GET FUCKED
|choice|move storedpower|move knockoff
|
|move|p1a: Togepi|Stored Power|p2a: Timburr
|-supereffective|p2a: Timburr
|-damage|p2a: Timburr|0 fnt
|faint|p2a: Timburr
|
|choice||switch 4
|
|switch|p2a: Tirtouga|Tirtouga, L5, M|21\/21
|turn|26
|c|★ladderingtazz|FUCL:KHC:LCED
|choice|move batonpass|move shellsmash
|
|move|p1a: Togepi|Baton Pass|p1a: Togepi
|choice|switch 2|
|
|switch|p1a: Mienfoo|Mienfoo, L5, F, shiny|22\/22
|move|p2a: Tirtouga|Shell Smash|p2a: Tirtouga
|-unboost|p2a: Tirtouga|def|1
|-unboost|p2a: Tirtouga|spd|1
|-boost|p2a: Tirtouga|atk|2
|-boost|p2a: Tirtouga|spa|2
|-boost|p2a: Tirtouga|spe|2
|
|turn|27
|c|★saxman76|GO FUCKING FUCK YOURSELF
|c|★saxman76|GARBAGE
|c|★saxman76|ABSOLUTE MOTHR FUCUUUCKJIGN GARBAGE
|choice|move drainpunch|move shellsmash
|
|move|p1a: Mienfoo|Drain Punch|p2a: Tirtouga
|-supereffective|p2a: Tirtouga
|-ability|p2a: Tirtouga|Sturdy
|-damage|p2a: Tirtouga|1\/21
|-enditem|p2a: Tirtouga|Berry Juice
|-heal|p2a: Tirtouga|21\/21|[from] item: Berry Juice
|move|p2a: Tirtouga|Shell Smash|p2a: Tirtouga
|-unboost|p2a: Tirtouga|def|1
|-unboost|p2a: Tirtouga|spd|1
|-boost|p2a: Tirtouga|atk|2
|-boost|p2a: Tirtouga|spa|2
|-boost|p2a: Tirtouga|spe|2
|
|turn|28
|c|★ladderingtazz|NO YOU GO FUCK YOURSELF YOU GARBAGE L;ha;dsnk
|choice|move drainpunch|move waterfall
|
|move|p2a: Tirtouga|Waterfall|p1a: Mienfoo
|-damage|p1a: Mienfoo|12\/22
|cant|p1a: Mienfoo|flinch
|
|turn|29
|choice|move drainpunch|move waterfall
|
|move|p2a: Tirtouga|Waterfall|p1a: Mienfoo
|-damage|p1a: Mienfoo|2\/22
|move|p1a: Mienfoo|Drain Punch|p2a: Tirtouga
|-supereffective|p2a: Tirtouga
|-ability|p2a: Tirtouga|Sturdy
|-damage|p2a: Tirtouga|1\/21
|-heal|p1a: Mienfoo|12\/22|[from] drain|[of] p2a: Tirtouga
|
|turn|30
|choice|move drainpunch|move waterfall
|
|move|p2a: Tirtouga|Waterfall|p1a: Mienfoo
|-damage|p1a: Mienfoo|2\/22
|move|p1a: Mienfoo|Drain Punch|p2a: Tirtouga
|-supereffective|p2a: Tirtouga
|-damage|p2a: Tirtouga|0 fnt
|-heal|p1a: Mienfoo|3\/22|[from] drain|[of] p2a: Tirtouga
|faint|p2a: Tirtouga
|
|c|★ladderingtazz|GET FUCKED:LFHOW:
|c| Anonymous Weapon|o shit
|c| Anonymous Weapon|so close!!!!
|c|★saxman76|STOP FUCKING HIDING
|c|★ladderingtazz|NO IT WAS'NT BECAUSE HES A BAD PLAYER
|c|★saxman76|STOP HIDING BEHGIND YOUR COMPUTETR YOU FUCKING WHITRE TRASH FUCJIGN HILLBIULY
|c|★saxman76|COME OUT
|c|★saxman76|COM OUT AND FUCKIGN SHOW YOURSELF
|c|★saxman76|I SWEAR TO GOD I WILL SHOOT YOU RIGHT IN YOUR FAT FUCKIGN SKULL
|c|★ladderingtazz|YOU COME OUT OUT THE CLOSET FIRST
|c|★saxman76|I WILL PUT A FUCKING BULLET RIGHT THROUGH YOUR FAT ARRRROGAN MOTHER FUKCING HEAD
|c|★saxman76|YOU FUCKING FILTHY DISGUSTING MOTHER FUCKING MO TALENT DFEPSERAT E MOTHER FUKCING PRICK
|c|★ladderingtazz|xd
|c| Anonymous Weapon|you might be able to kill mienfoo with riolu
|c|★ladderingtazz|you like capslock
|c|★ladderingtazz|xd
|c|★ladderingtazz|hes gonna time out
|c|★ladderingtazz|cos hes a coward
|c|★saxman76|NO BECAUS THAT DESPERATE COWARDLYT MOTHR FUCKING SHITHEAD KNOWS IRT
|c|★ladderingtazz|watch
|c|★saxman76|GET FUCKED
|c|★ladderingtazz|hes scared
|choice||switch 3
|
|switch|p2a: Gothita|Gothita, L5, F|21\/21
|turn|31
|c|★ladderingtazz|to get fucked
|c|★saxman76|GETTTTR
|c|★saxman76|FUUUUUCKKKED
|c|★saxman76|"YOU MOTHER UUUUUICKGHIN COOOWARDDDDDD
|c|★saxman76|COWAARRDDD
|c|★saxman76|YOU CANT MOTHER FDUKIGN FIGHT M WHITH OUT IT
|c| Anonymous Weapon|sigh...wrong choice
|c|★saxman76|YOURE OSDFSDFzjfsdkvbsdfn gaisrdjgdnvojfsdryhg3qoriajmnvbsdgnrsagiugvnrsangvbiueaf4wlvb
|c|★saxman76|hb
|c|★saxman76|tr
|c|★ladderingtazz|LMAOOO U ABOUT TO GET FUCKED
|c|★saxman76|bdfzhraivoghtrfbl.vfdnugwkjfbujweanfoiurseahnvxfdkjsdahnminvbikjhrwenrhg54ujshvb7yumngfbriuwq3tgnmkgiursefhvgujymnauwoirseht
|c|★saxman76|NOOO
|c|★saxman76|NO YOU ASSS  OH:L
|c| Anonymous Weapon|shouldve used copy cat
|c|★saxman76|I CANOT FUCKIGN PICK IT CU YOUWSRPOGADFHGFREGWE FUCKIGN KNOW S THAT I WILL FUICK HIS SHIT
|c|★saxman76|UP
|c|★ladderingtazz|HE DID'T BECAUSE HES GARBAGE
|c|★saxman76|THAT DESPRTATR A FUCKIGN LOSR FUCKIGN COAWRDa
|c|★ladderingtazz|HES AWFUL
|choice|move batonpass|move psychic
|
|move|p1a: Mienfoo|Baton Pass|p1a: Mienfoo
|c|★ladderingtazz|HES A LOSER
|c|★ladderingtazz|GET FUCKED D
|choice|switch 2|
|
|switch|p1a: Togepi|Togepi, L5, F, shiny|16\/20
|move|p2a: Gothita|Psychic|p1a: Togepi
|-damage|p1a: Togepi|10\/20
|
|turn|32
|choice|move storedpower|move calmmind
|
|move|p1a: Togepi|Stored Power|p2a: Gothita
|-resisted|p2a: Gothita
|-damage|p2a: Gothita|1\/21
|-enditem|p2a: Gothita|Berry Juice
|-heal|p2a: Gothita|21\/21|[from] item: Berry Juice
|move|p2a: Gothita|Calm Mind|p2a: Gothita
|-boost|p2a: Gothita|spa|1
|-boost|p2a: Gothita|spd|1
|
|turn|33
|choice|move batonpass|move psychic
|
|move|p1a: Togepi|Baton Pass|p1a: Togepi
|choice|switch 4|
|
|switch|p1a: Munna|Munna, L5, F, shiny|24\/24
|move|p2a: Gothita|Psychic|p1a: Munna
|-resisted|p1a: Munna
|-damage|p1a: Munna|21\/24
|
|turn|34
|c| Nooblord Simon|I feel like saxman is being toyed
|choice|move storedpower|move darkpulse
|
|move|p1a: Munna|Stored Power|p2a: Gothita
|-resisted|p2a: Gothita
|-damage|p2a: Gothita|0 fnt
|faint|p2a: Gothita
|
|c|★ladderingtazz|GET
|choice||switch 6
|
|switch|p2a: Pawniard|Pawniard, L5, M|21\/21
|turn|35
|c|★ladderingtazz|FUCKED
|choice|switch 2|move knockoff
|
|switch|p1a: Mienfoo|Mienfoo, L5, F, shiny|10\/22
|move|p2a: Pawniard|Knock Off|p1a: Mienfoo
|-resisted|p1a: Mienfoo
|-damage|p1a: Mienfoo|5\/22
|
|turn|36
|c|★saxman76|HA
|c|★ladderingtazz|lmao misclick
|c|★ladderingtazz|but
|c|★ladderingtazz|the funny part is
|c|★saxman76|HA YOU DUMB MOTHER FUCKING SHITHEAD
|c| Nooblord Simon|still wins
|c|★saxman76|GET FUCKED
|c|★saxman76|YOURE SUCH MOTHER FUCKING GARBAGe
|c|★saxman76|ZERO MOTHER FUCKING SKILLS WITHOUT YOUR FUCKING BATON {PASS
|c|★ladderingtazz|NO FUCK UU
|c|★saxman76|YOURE TRASDH
|c|★saxman76|YOURE TRASSHH
|c| Anonymous Weapon|fucked up several chances at victory
|c|★ladderingtazz|YOU HAVE ZERO SKILL YOU FUCKING GARBAGE
|c|★saxman76|gET FUCKGING YOU FUCKING GARBAGE ASS MOTHER FUCKING COWARD
|c|★saxman76|COWARD
|c|★saxman76|COWAR
|c|★saxman76|d
|c|★saxman76|dbhtwdaoihwjeiuf]yohlk,;\/hjW$
|c|★saxman76|?Rtshn
|c|★saxman76|'w3
|c|★ladderingtazz|YOU HAE NO FUCKING CHANCE
|c| Anonymous Weapon|or at least a come bcak
|c|★saxman76|yh57?>
|c|★saxman76|"nwrfajsdvdxzkjf
|c|★saxman76|I AM GOING TO MOTHER FUCKING MURDRR YUOU AND YOUR FUCKING FAMIL:LRSTIASDFGK
|c|★ladderingtazz|I FUCKED UP AND I CAN STILL FUCK YOU UP
|c|★saxman76|GETTTTT FFUUUCKDKDDDD
|c|★saxman76|YOUTRE FUCKING DADAWDA
|c|★saxman76|D
|c|★saxman76|]
|c|★saxman76|gadbvojbvhvbasrndoigvbjunrnhjhnb;\p[n.b
|c|★saxman76|grfjmn
|c|★saxman76|DYUHm
|c|★saxman76|d
|c|★saxman76|yum
|c|★saxman76|k,mxhnlkrdyhnlnkm'
|c|★saxman76|\
|c|★ladderingtazz|yum
|-message|saxman76 forfeited.
|
|win|ladderingtazz
|player|p1
|player|p2
|l|saxman76
|raw|ladderingtazz's rating: 1486 &rarr; <strong>1494<\/strong><br \/>(+8 for winning)
|raw|saxman76's rating: 1253 &rarr; <strong>1243<\/strong><br \/>(-10 for losing)
|l|Anonymous Weapon
|c|★ladderingtazz|coward</script>
</div>
<div class="battle-log battle-log-inline"><div class="inner"><div class="battle-options"></div><div class="inner"><div class="chat"><small>ladderingtazz joined.</small></div><div class="chat"><small>saxman76 joined.</small></div><div class=""><small>Format:</small> <br><strong>LC</strong></div><div class="rated"><strong>Rated battle</strong></div><div class=""><small><em>Sleep Clause Mod:</em> Limit one foe put to sleep</small></div><div class=""><small><em>Species Clause:</em> Limit one of each Pokémon</small></div><div class=""><small><em>OHKO Clause:</em> OHKO moves are banned</small></div><div class=""><small><em>Moody Clause:</em> Moody is banned</small></div><div class=""><small><em>Evasion Moves Clause:</em> Evasion moves are banned</small></div><div class=""><small><em>Endless Battle Clause:</em> Forcing endless battles is banned</small></div><div class=""><small><em>HP Percentage Mod:</em> HP is shown in percentages</small></div><div class="chat battle-history"><strong>ladderingtazz's team:</strong> <em style="color:#445566;display:block;">Torchic / Mime Jr. / Mienfoo / Munna / Togepi / Gothita</em></div><div class="chat battle-history"><strong>saxman76's team:</strong> <em style="color:#445566;display:block;">Timburr / Riolu / Gothita / Tirtouga / Aipom / Pawniard</em></div><div class="spacer battle-history"><br></div><div class="battle-history">Battle started between ladderingtazz and saxman76!<br></div><div class="spacer battle-history"><br></div><div class="battle-history">Go! <strong>Torchic</strong>!<br></div><div class="spacer battle-history"><br></div><div class="battle-history">saxman76 sent out <strong>Aipom</strong>!<br></div><div class="spacer battle-history"><br></div><h2 class="battle-history">Turn 1</h2><div class="spacer battle-history"><br></div><div class="battle-history">Torchic used <strong>Protect</strong>!<br></div><div class="battle-history"><small>Torchic protected itself!</small><br></div><div class="spacer battle-history"><br></div><div class="battle-history">The opposing Aipom used <strong>Fake Out</strong>!<br></div><div class="battle-history"><small>Torchic protected itself!</small><br></div><div class="spacer battle-history"><br></div><div class="battle-history"><small>[Torchic's Speed Boost]</small><br></div><div class="battle-history"><small>Torchic's Speed rose!</small><br></div><div class="spacer battle-history"><br></div><h2 class="battle-history">Turn 2</h2><div class="spacer battle-history"><br></div><div class="battle-history">Torchic used <strong>Will-O-Wisp</strong>!<br></div><div class="battle-history"><small>The opposing Aipom was burned!</small><br></div><div class="spacer battle-history"><br></div><div class="battle-history">The opposing Aipom used <strong>Taunt</strong>!<br></div><div class="battle-history"><small>Torchic fell for the taunt!</small><br></div><div class="spacer battle-history"><br></div><div class="battle-history"><small>The opposing Aipom was hurt by its burn!</small><br></div><div class="battle-history"><small>[Torchic's Speed Boost]</small><br></div><div class="battle-history"><small>Torchic's Speed rose!</small><br></div><div class="spacer battle-history"><br></div><h2 class="battle-history">Turn 3</h2><div class="spacer battle-history"><br></div><div class="battle-history">Torchic, come back!<br></div><div class="battle-history">Go! <strong>Gothita</strong>!<br></div><div class="spacer battle-history"><br></div><div class="battle-history">The opposing Aipom used <strong>Knock Off</strong>!<br></div><div class="battle-history"><small>It's super effective!</small><br></div><div class="battle-history"><small>(Gothita lost <abbr title="−13/21">61.9%</abbr> of its health!)</small><br></div><div class="battle-history"><small>The opposing Aipom knocked off Gothita's Choice Scarf!</small><br></div><div class="spacer battle-history"><br></div><div class="battle-history"><small>The opposing Aipom was hurt by its burn!</small><br></div><div class="spacer battle-history"><br></div><h2 class="battle-history">Turn 4</h2><div class="spacer battle-history"><br></div><div class="battle-history">The opposing Aipom used <strong>U-turn</strong>!<br></div><div class="battle-history"><small>It's super effective!</small><br></div><div class="battle-history"><small>(Gothita lost <abbr title="−8/21">38.1%</abbr> of its health!)</small><br></div><div class="spacer battle-history"><br></div><div class="battle-history">Gothita fainted!<br></div><div class="spacer battle-history"><br></div><div class="battle-history">The opposing Aipom went back to saxman76!<br></div><div class="battle-history">saxman76 sent out <strong>Timburr</strong>!<br></div><div class="spacer battle-history"><br></div><div class="battle-history">Go! <strong>Torchic</strong>!<br></div><div class="spacer battle-history"><br></div><h2 class="battle-history">Turn 5</h2><div class="chat chatmessage-saxman76"><strong style="color:hsl(6,48%,45.3890032472064%)"><small>★</small><span class="username" data-name="saxman76">saxman76</span>:</strong> <em>baton passing spamming fucking no talent fuck</em></div><div class="chat chatmessage-saxman76"><strong style="color:hsl(6,48%,45.3890032472064%)"><small>★</small><span class="username" data-name="saxman76">saxman76</span>:</strong> <em>get fucked</em></div><div class="spacer battle-history"><br></div><div class="battle-history">Torchic used <strong>Substitute</strong>!<br></div><div class="battle-history"><small>Torchic put in a substitute!</small><br></div><div class="battle-history"><small>(Torchic lost <abbr title="−5/21">23.8%</abbr> of its health!)</small><br></div><div class="spacer battle-history"><br></div><div class="battle-history">The opposing Timburr used <strong>Bulk Up</strong>!<br></div><div class="battle-history"><small>The opposing Timburr's Attack rose!</small><br></div><div class="battle-history"><small>The opposing Timburr's Defense rose!</small><br></div><div class="spacer battle-history"><br></div><div class="battle-history"><small>[Torchic's Speed Boost]</small><br></div><div class="battle-history"><small>Torchic's Speed rose!</small><br></div><div class="spacer battle-history"><br></div><h2 class="battle-history">Turn 6</h2><div class="spacer battle-history"><br></div><div class="battle-history">The opposing Timburr used <strong>Mach Punch</strong>!<br></div><div class="battle-history"><small>Torchic's substitute faded!</small><br></div><div class="spacer battle-history"><br></div><div class="battle-history">Torchic used <strong>Baton Pass</strong>!<br></div><div class="spacer battle-history"><br></div><div class="battle-history">Go! <strong>Mime Jr.</strong>!<br></div><div class="spacer battle-history"><br></div><h2 class="battle-history">Turn 7</h2><div class="spacer battle-history"><br></div><div class="battle-history">Mime Jr. used <strong>Encore</strong>!<br></div><div class="battle-history"><small>The opposing Timburr received an encore!</small><br></div><div class="spacer battle-history"><br></div><div class="battle-history">The opposing Timburr used <strong>Mach Punch</strong>!<br></div><div class="battle-history"><small>It's not very effective...</small><br></div><div class="battle-history"><small>(Mime Jr. lost <abbr title="−2/21">9.5%</abbr> of its health!)</small><br></div><div class="spacer battle-history"><br></div><h2 class="battle-history">Turn 8</h2><div class="chat chatmessage-saxman76"><strong style="color:hsl(6,48%,45.3890032472064%)"><small>★</small><span class="username" data-name="saxman76">saxman76</span>:</strong> <em>ZERO talent</em></div><div class="chat chatmessage-saxman76"><strong style="color:hsl(6,48%,45.3890032472064%)"><small>★</small><span class="username" data-name="saxman76">saxman76</span>:</strong> <em>ZERO</em></div><div class="chat chatmessage-ladderingtazz"><strong style="color:hsl(228,44%,57.81202458051871%)"><small>★</small><span class="username" data-name="ladderingtazz">ladderingtazz</span>:</strong> <em>get fucked fuck zero talent fuck</em></div><div class="chat chatmessage-ladderingtazz"><strong style="color:hsl(228,44%,57.81202458051871%)"><small>★</small><span class="username" data-name="ladderingtazz">ladderingtazz</span>:</strong> <em>fuck</em></div><div class="chat chatmessage-saxman76"><strong style="color:hsl(6,48%,45.3890032472064%)"><small>★</small><span class="username" data-name="saxman76">saxman76</span>:</strong> <em>you have ZERO skills</em></div><div class="chat chatmessage-saxman76"><strong style="color:hsl(6,48%,45.3890032472064%)"><small>★</small><span class="username" data-name="saxman76">saxman76</span>:</strong> <em>ZERO</em></div><div class="chat chatmessage-ladderingtazz"><strong style="color:hsl(228,44%,57.81202458051871%)"><small>★</small><span class="username" data-name="ladderingtazz">ladderingtazz</span>:</strong> <em>no you have ZERO skills you fuck</em></div><div class="spacer battle-history"><br></div><div class="battle-history">saxman76 withdrew Timburr!<br></div><div class="battle-history">saxman76 sent out <strong>Pawniard</strong>!<br></div><div class="spacer battle-history"><br></div><div class="battle-history">Mime Jr. used <strong>Baton Pass</strong>!<br></div><div class="chat chatmessage-ladderingtazz"><strong style="color:hsl(228,44%,57.81202458051871%)"><small>★</small><span class="username" data-name="ladderingtazz">ladderingtazz</span>:</strong> <em>get FUCKED</em></div><div class="spacer battle-history"><br></div><div class="battle-history">Go! <strong>Mienfoo</strong>!<br></div><div class="spacer battle-history"><br></div><h2 class="battle-history">Turn 9</h2><div class="chat chatmessage-saxman76"><strong style="color:hsl(6,48%,45.3890032472064%)"><small>★</small><span class="username" data-name="saxman76">saxman76</span>:</strong> <em>GET FUCKED</em></div><div class="chat chatmessage-saxman76"><strong style="color:hsl(6,48%,45.3890032472064%)"><small>★</small><span class="username" data-name="saxman76">saxman76</span>:</strong> <em>YOU HAVE NO FUCKING TALENT</em></div><div class="spacer battle-history"><br></div><div class="battle-history">saxman76 withdrew Pawniard!<br></div><div class="battle-history">saxman76 sent out <strong>Aipom</strong>!<br></div><div class="spacer battle-history"><br></div><div class="battle-history">Mienfoo used <strong>Bulk Up</strong>!<br></div><div class="battle-history"><small>Mienfoo's Attack rose!</small><br></div><div class="battle-history"><small>Mienfoo's Defense rose!</small><br></div><div class="spacer battle-history"><br></div><div class="battle-history"><small>The opposing Aipom was hurt by its burn!</small><br></div><div class="spacer battle-history"><br></div><h2 class="battle-history">Turn 10</h2><div class="spacer battle-history"><br></div><div class="battle-history">The opposing Aipom used <strong>Fake Out</strong>!<br></div><div class="battle-history"><small>The Normal Gem strengthened the opposing Aipom's power!</small><br></div><div class="battle-history"><small>(Mienfoo lost <abbr title="−3/22">13.6%</abbr> of its health!)</small><br></div><div class="spacer battle-history"><br></div><div class="battle-history">Mienfoo flinched and couldn't move!<br></div><div class="spacer battle-history"><br></div><div class="battle-history"><small>The opposing Aipom was hurt by its burn!</small><br></div><div class="spacer battle-history"><br></div><h2 class="battle-history">Turn 11</h2><div class="spacer battle-history"><br></div><div class="battle-history">Mienfoo used <strong>Drain Punch</strong>!<br></div><div class="battle-history"><small>It's super effective!</small><br></div><div class="battle-history"><small>(The opposing Aipom lost <abbr title="−14/22">63.6%</abbr> of its health!)</small><br></div><div class="battle-history"><small>The opposing Aipom had its energy drained!</small><br></div><div class="spacer battle-history"><br></div><div class="battle-history">The opposing Aipom fainted!<br></div><div class="spacer battle-history"><br></div><div class="battle-history">saxman76 sent out <strong>Riolu</strong>!<br></div><div class="spacer battle-history"><br></div><h2 class="battle-history">Turn 12</h2><div class="spacer battle-history"><br></div><div class="battle-history">Mienfoo used <strong>Bulk Up</strong>!<br></div><div class="battle-history"><small>Mienfoo's Attack rose!</small><br></div><div class="battle-history"><small>Mienfoo's Defense rose!</small><br></div><div class="spacer battle-history"><br></div><div class="battle-history">The opposing Riolu used <strong>Counter</strong>!<br></div><div class="battle-history"><small>But it failed!</small><br></div><div class="spacer battle-history"><br></div><h2 class="battle-history">Turn 13</h2><div class="chat chatmessage-ladderingtazz"><strong style="color:hsl(228,44%,57.81202458051871%)"><small>★</small><span class="username" data-name="ladderingtazz">ladderingtazz</span>:</strong> <em>fucked</em></div><div class="spacer battle-history"><br></div><div class="battle-history">Mienfoo used <strong>Baton Pass</strong>!<br></div><div class="spacer battle-history"><br></div><div class="battle-history">Go! <strong>Munna</strong>!<br></div><div class="spacer battle-history"><br></div><div class="battle-history">The opposing Riolu used <strong>Counter</strong>!<br></div><div class="battle-history"><small>But it failed!</small><br></div><div class="spacer battle-history"><br></div><h2 class="battle-history">Turn 14</h2><div class="chat chatmessage-saxman76"><strong style="color:hsl(6,48%,45.3890032472064%)"><small>★</small><span class="username" data-name="saxman76">saxman76</span>:</strong> <em>NO TALENT</em></div><div class="chat chatmessage-saxman76"><strong style="color:hsl(6,48%,45.3890032472064%)"><small>★</small><span class="username" data-name="saxman76">saxman76</span>:</strong> <em>NO TALENT</em></div><div class="chat chatmessage-saxman76"><strong style="color:hsl(6,48%,45.3890032472064%)"><small>★</small><span class="username" data-name="saxman76">saxman76</span>:</strong> <em>JUST FUCKIN BATON PASS SPAM</em></div><div class="chat chatmessage-saxman76"><strong style="color:hsl(6,48%,45.3890032472064%)"><small>★</small><span class="username" data-name="saxman76">saxman76</span>:</strong> <em>ZEROOOOO SKILLS</em></div><div class="chat chatmessage-saxman76"><strong style="color:hsl(6,48%,45.3890032472064%)"><small>★</small><span class="username" data-name="saxman76">saxman76</span>:</strong> <em>YOURE A FUCKING NO TALENT FUICKING DESEPRARTE MOTHR FUCKING LOSER</em></div><div class="chat chatmessage-saxman76"><strong style="color:hsl(6,48%,45.3890032472064%)"><small>★</small><span class="username" data-name="saxman76">saxman76</span>:</strong> <em>GET</em></div><div class="chat chatmessage-saxman76"><strong style="color:hsl(6,48%,45.3890032472064%)"><small>★</small><span class="username" data-name="saxman76">saxman76</span>:</strong> <em>FUICKED</em></div><div class="chat chatmessage-ladderingtazz"><strong style="color:hsl(228,44%,57.81202458051871%)"><small>★</small><span class="username" data-name="ladderingtazz">ladderingtazz</span>:</strong> <em>YOU have ZERO</em></div><div class="chat chatmessage-ladderingtazz"><strong style="color:hsl(228,44%,57.81202458051871%)"><small>★</small><span class="username" data-name="ladderingtazz">ladderingtazz</span>:</strong> <em>TALENT</em></div><div class="chat chatmessage-saxman76"><strong style="color:hsl(6,48%,45.3890032472064%)"><small>★</small><span class="username" data-name="saxman76">saxman76</span>:</strong> <em>GET</em></div><div class="chat chatmessage-saxman76"><strong style="color:hsl(6,48%,45.3890032472064%)"><small>★</small><span class="username" data-name="saxman76">saxman76</span>:</strong> <em>FUCKED</em></div><div class="chat chatmessage-saxman76"><strong style="color:hsl(6,48%,45.3890032472064%)"><small>★</small><span class="username" data-name="saxman76">saxman76</span>:</strong> <em>ZERO</em></div><div class="chat chatmessage-saxman76"><strong style="color:hsl(6,48%,45.3890032472064%)"><small>★</small><span class="username" data-name="saxman76">saxman76</span>:</strong> <em>ZERO</em></div><div class="chat chatmessage-saxman76"><strong style="color:hsl(6,48%,45.3890032472064%)"><small>★</small><span class="username" data-name="saxman76">saxman76</span>:</strong> <em>ZERO</em></div><div class="chat chatmessage-saxman76"><strong style="color:hsl(6,48%,45.3890032472064%)"><small>★</small><span class="username" data-name="saxman76">saxman76</span>:</strong> <em>SKILLS</em></div><div class="chat chatmessage-ladderingtazz"><strong style="color:hsl(228,44%,57.81202458051871%)"><small>★</small><span class="username" data-name="ladderingtazz">ladderingtazz</span>:</strong> <em>NO SKILLS FUCK YOU</em></div><div class="chat chatmessage-saxman76"><strong style="color:hsl(6,48%,45.3890032472064%)"><small>★</small><span class="username" data-name="saxman76">saxman76</span>:</strong> <em>GET</em></div><div class="chat chatmessage-saxman76"><strong style="color:hsl(6,48%,45.3890032472064%)"><small>★</small><span class="username" data-name="saxman76">saxman76</span>:</strong> <em>FUCKED</em></div><div class="chat chatmessage-saxman76"><strong style="color:hsl(6,48%,45.3890032472064%)"><small>★</small><span class="username" data-name="saxman76">saxman76</span>:</strong> <em>\YOU FUCKJOING NO TALENT STUPID STIUPU ID HILLBUILLY</em></div><div class="chat"><small>Nooblord Simon joined.</small></div><div class="chat chatmessage-saxman76"><strong style="color:hsl(6,48%,45.3890032472064%)"><small>★</small><span class="username" data-name="saxman76">saxman76</span>:</strong> <em>GET BACK TO FUCKIGN YOUR SISTER</em></div><div class="spacer battle-history"><br></div><div class="battle-history">saxman76 withdrew Riolu!<br></div><div class="battle-history">saxman76 sent out <strong>Pawniard</strong>!<br></div><div class="spacer battle-history"><br></div><div class="battle-history">Munna used <strong>Calm Mind</strong>!<br></div><div class="battle-history"><small>Munna's Special Attack rose!</small><br></div><div class="battle-history"><small>Munna's Special Defense rose!</small><br></div><div class="spacer battle-history"><br></div><h2 class="battle-history">Turn 15</h2><div class="chat chatmessage-ladderingtazz"><strong style="color:hsl(228,44%,57.81202458051871%)"><small>★</small><span class="username" data-name="ladderingtazz">ladderingtazz</span>:</strong> <em>FUCK UUU</em></div><div class="spacer battle-history"><br></div><div class="battle-history">Munna used <strong>Baton Pass</strong>!<br></div><div class="spacer battle-history"><br></div><div class="battle-history">Go! <strong>Mienfoo</strong>!<br></div><div class="spacer battle-history"><br></div><div class="battle-history">The opposing Pawniard used <strong>Knock Off</strong>!<br></div><div class="battle-history"><small>It's not very effective...</small><br></div><div class="battle-history"><small>(Mienfoo lost <abbr title="−3/22">13.6%</abbr> of its health!)</small><br></div><div class="battle-history"><small>The opposing Pawniard knocked off Mienfoo's Eviolite!</small><br></div><div class="spacer battle-history"><br></div><h2 class="battle-history">Turn 16</h2><div class="chat chatmessage-nooblordsimon"><strong style="color:hsl(97,43%,41%)"><small> </small><span class="username" data-name="Nooblord Simon">Nooblord Simon</span>:</strong> <em>I like bp</em></div><div class="chat"><small>Anonymous Weapon joined.</small></div><div class="chat chatmessage-saxman76"><strong style="color:hsl(6,48%,45.3890032472064%)"><small>★</small><span class="username" data-name="saxman76">saxman76</span>:</strong> <em>BATON PASS IS FOR TH ENO TALENT FUCKIGN LOSERS LIKE THIS MOTHER FUCING PRICK</em></div><div class="chat chatmessage-ladderingtazz"><strong style="color:hsl(228,44%,57.81202458051871%)"><small>★</small><span class="username" data-name="ladderingtazz">ladderingtazz</span>:</strong> <em>SEE THIS GUY LIKES IT UNLIKE YOU YOU NO LUCK FUCKER</em></div><div class="chat chatmessage-nooblordsimon"><strong style="color:hsl(97,43%,41%)"><small> </small><span class="username" data-name="Nooblord Simon">Nooblord Simon</span>:</strong> <em>It's fun</em></div><div class="chat chatmessage-saxman76"><strong style="color:hsl(6,48%,45.3890032472064%)"><small>★</small><span class="username" data-name="saxman76">saxman76</span>:</strong> <em>NO ITS NOT</em></div><div class="chat chatmessage-ladderingtazz"><strong style="color:hsl(228,44%,57.81202458051871%)"><small>★</small><span class="username" data-name="ladderingtazz">ladderingtazz</span>:</strong> <em>ZERO SKILL</em></div><div class="chat chatmessage-saxman76"><strong style="color:hsl(6,48%,45.3890032472064%)"><small>★</small><span class="username" data-name="saxman76">saxman76</span>:</strong> <em>ITS CHEAP NO TALNT FUCKING BULLSHIT</em></div><div class="chat chatmessage-saxman76"><strong style="color:hsl(6,48%,45.3890032472064%)"><small>★</small><span class="username" data-name="saxman76">saxman76</span>:</strong> <em>NO TALNT</em></div><div class="chat chatmessage-saxman76"><strong style="color:hsl(6,48%,45.3890032472064%)"><small>★</small><span class="username" data-name="saxman76">saxman76</span>:</strong> <em>ZERO SKILLS</em></div><div class="chat chatmessage-saxman76"><strong style="color:hsl(6,48%,45.3890032472064%)"><small>★</small><span class="username" data-name="saxman76">saxman76</span>:</strong> <em>GET FUCKED YOU FIUCKING TRASH MOTHER FUCKR</em></div><div class="chat chatmessage-ladderingtazz"><strong style="color:hsl(228,44%,57.81202458051871%)"><small>★</small><span class="username" data-name="ladderingtazz">ladderingtazz</span>:</strong> <em>IF IT TAKES NO SKILLS WHY ARE YOU GETTING FUCKED</em></div><div class="chat chatmessage-saxman76"><strong style="color:hsl(6,48%,45.3890032472064%)"><small>★</small><span class="username" data-name="saxman76">saxman76</span>:</strong> <em>YOU HAVE NO SKILLS</em></div><div class="chat chatmessage-saxman76"><strong style="color:hsl(6,48%,45.3890032472064%)"><small>★</small><span class="username" data-name="saxman76">saxman76</span>:</strong> <em>YOURE SPAMM&lt;NING THE SAME BULLSHIT</em></div><div class="chat chatmessage-saxman76"><strong style="color:hsl(6,48%,45.3890032472064%)"><small>★</small><span class="username" data-name="saxman76">saxman76</span>:</strong> <em>THREES ZERO SKILLS INVOLVE</em></div><div class="chat chatmessage-ladderingtazz"><strong style="color:hsl(228,44%,57.81202458051871%)"><small>★</small><span class="username" data-name="ladderingtazz">ladderingtazz</span>:</strong> <em>AND YOU'RE LOSING TO IT</em></div><div class="chat chatmessage-saxman76"><strong style="color:hsl(6,48%,45.3890032472064%)"><small>★</small><span class="username" data-name="saxman76">saxman76</span>:</strong> <em>JUST BECAUSE IT WORKS DOESNT MEAN IT TAKES SKILLS</em></div><div class="chat chatmessage-saxman76"><strong style="color:hsl(6,48%,45.3890032472064%)"><small>★</small><span class="username" data-name="saxman76">saxman76</span>:</strong> <em>YOURE A FUCKIGN NO TALENT FUCKING SHITFORBRAINS</em></div><div class="chat chatmessage-saxman76"><strong style="color:hsl(6,48%,45.3890032472064%)"><small>★</small><span class="username" data-name="saxman76">saxman76</span>:</strong> <em>GET FUCKED YOU FUCKING NO TALENT FUCKIGN LOS$RE</em></div><div class="chat chatmessage-ladderingtazz"><strong style="color:hsl(228,44%,57.81202458051871%)"><small>★</small><span class="username" data-name="ladderingtazz">ladderingtazz</span>:</strong> <em>THEN BE SKILLFULL AND BEAT IT</em></div><div class="chat chatmessage-saxman76"><strong style="color:hsl(6,48%,45.3890032472064%)"><small>★</small><span class="username" data-name="saxman76">saxman76</span>:</strong> <em>GET</em></div><div class="chat chatmessage-saxman76"><strong style="color:hsl(6,48%,45.3890032472064%)"><small>★</small><span class="username" data-name="saxman76">saxman76</span>:</strong> <em>FUCKED</em></div><div class="chat chatmessage-saxman76"><strong style="color:hsl(6,48%,45.3890032472064%)"><small>★</small><span class="username" data-name="saxman76">saxman76</span>:</strong> <em>GET</em></div><div class="chat chatmessage-saxman76"><strong style="color:hsl(6,48%,45.3890032472064%)"><small>★</small><span class="username" data-name="saxman76">saxman76</span>:</strong> <em>FUCKED</em></div><div class="chat chatmessage-saxman76"><strong style="color:hsl(6,48%,45.3890032472064%)"><small>★</small><span class="username" data-name="saxman76">saxman76</span>:</strong> <em>GET</em></div><div class="chat chatmessage-saxman76"><strong style="color:hsl(6,48%,45.3890032472064%)"><small>★</small><span class="username" data-name="saxman76">saxman76</span>:</strong> <em>FUCKED</em></div><div class="chat chatmessage-saxman76"><strong style="color:hsl(6,48%,45.3890032472064%)"><small>★</small><span class="username" data-name="saxman76">saxman76</span>:</strong> <em>GET</em></div><div class="chat chatmessage-saxman76"><strong style="color:hsl(6,48%,45.3890032472064%)"><small>★</small><span class="username" data-name="saxman76">saxman76</span>:</strong> <em>GETFUCKED</em></div><div class="chat chatmessage-ladderingtazz"><strong style="color:hsl(228,44%,57.81202458051871%)"><small>★</small><span class="username" data-name="ladderingtazz">ladderingtazz</span>:</strong> <em>I'M TOO BUSY FUCKING YOU</em></div><div class="chat chatmessage-anonymousweapon"><strong style="color:hsl(326,41%,51.75490231879026%)"><small> </small><span class="username" data-name="Anonymous Weapon">Anonymous Weapon</span>:</strong> <em>gotta get a pokemon with encore on the squad or taunt</em></div><div class="chat chatmessage-saxman76"><strong style="color:hsl(6,48%,45.3890032472064%)"><small>★</small><span class="username" data-name="saxman76">saxman76</span>:</strong> <em>I SWEAR TO FUCKING GOD I WILL FUCKNGI HUNT YOU DOWN AND PUT A FUCJKING BULLET RIGHT HTRHGOUGH YOUR FAT FUCKING SKULL</em></div><div class="chat chatmessage-ladderingtazz"><strong style="color:hsl(228,44%,57.81202458051871%)"><small>★</small><span class="username" data-name="ladderingtazz">ladderingtazz</span>:</strong> <em>lmao</em></div><div class="spacer battle-history"><br></div><div class="battle-history">saxman76 withdrew Pawniard!<br></div><div class="battle-history">saxman76 sent out <strong>Timburr</strong>!<br></div><div class="spacer battle-history"><br></div><div class="battle-history">Mienfoo used <strong>Baton Pass</strong>!<br></div><div class="chat chatmessage-ladderingtazz"><strong style="color:hsl(228,44%,57.81202458051871%)"><small>★</small><span class="username" data-name="ladderingtazz">ladderingtazz</span>:</strong> <em>predicted</em></div><div class="spacer battle-history"><br></div><div class="battle-history">Go! <strong>Torchic</strong>!<br></div><div class="spacer battle-history"><br></div><h2 class="battle-history">Turn 17</h2><div class="chat chatmessage-saxman76"><strong style="color:hsl(6,48%,45.3890032472064%)"><small>★</small><span class="username" data-name="saxman76">saxman76</span>:</strong> <em>GET FUCKED</em></div><div class="chat chatmessage-saxman76"><strong style="color:hsl(6,48%,45.3890032472064%)"><small>★</small><span class="username" data-name="saxman76">saxman76</span>:</strong> <em>GET FUCKED GET FUCKED GET FUCKED</em></div><div class="chat chatmessage-saxman76"><strong style="color:hsl(6,48%,45.3890032472064%)"><small>★</small><span class="username" data-name="saxman76">saxman76</span>:</strong> <em>YOU FUCKING DESPERATE</em></div><div class="chat chatmessage-saxman76"><strong style="color:hsl(6,48%,45.3890032472064%)"><small>★</small><span class="username" data-name="saxman76">saxman76</span>:</strong> <em>DEASPTEARTEA</em></div><div class="chat chatmessage-saxman76"><strong style="color:hsl(6,48%,45.3890032472064%)"><small>★</small><span class="username" data-name="saxman76">saxman76</span>:</strong> <em>DESPERAET</em></div><div class="chat chatmessage-saxman76"><strong style="color:hsl(6,48%,45.3890032472064%)"><small>★</small><span class="username" data-name="saxman76">saxman76</span>:</strong> <em>DESPEREATAE  MOTHRE RFUUUCKOIGN LPOSER</em></div><div class="chat chatmessage-saxman76"><strong style="color:hsl(6,48%,45.3890032472064%)"><small>★</small><span class="username" data-name="saxman76">saxman76</span>:</strong> <em>LIING ON YOUR FUCKING MOMMAS BASENMENT</em></div><div class="chat chatmessage-saxman76"><strong style="color:hsl(6,48%,45.3890032472064%)"><small>★</small><span class="username" data-name="saxman76">saxman76</span>:</strong> <em>FUCKING YOUR SISTer</em></div><div class="chat chatmessage-saxman76"><strong style="color:hsl(6,48%,45.3890032472064%)"><small>★</small><span class="username" data-name="saxman76">saxman76</span>:</strong> <em>YOIU FUCKIGN WHITE TRASH FUCKIGN HILLBILLY</em></div><div class="chat chatmessage-ladderingtazz"><strong style="color:hsl(228,44%,57.81202458051871%)"><small>★</small><span class="username" data-name="ladderingtazz">ladderingtazz</span>:</strong> <em>you could have trapped my mienfoo the entire time</em></div><div class="chat chatmessage-saxman76"><strong style="color:hsl(6,48%,45.3890032472064%)"><small>★</small><span class="username" data-name="saxman76">saxman76</span>:</strong> <em>GET FUCKED</em></div><div class="chat chatmessage-ladderingtazz"><strong style="color:hsl(228,44%,57.81202458051871%)"><small>★</small><span class="username" data-name="ladderingtazz">ladderingtazz</span>:</strong> <em>but you're trash and didn't realize it</em></div><div class="chat chatmessage-ladderingtazz"><strong style="color:hsl(228,44%,57.81202458051871%)"><small>★</small><span class="username" data-name="ladderingtazz">ladderingtazz</span>:</strong> <em>lmaoo</em></div><div class="chat chatmessage-saxman76"><strong style="color:hsl(6,48%,45.3890032472064%)"><small>★</small><span class="username" data-name="saxman76">saxman76</span>:</strong> <em>NO I COULDNT YOU MOTHER CUKCINFG TRASH RTARD FUCKING MORON</em></div><div class="chat chatmessage-saxman76"><strong style="color:hsl(6,48%,45.3890032472064%)"><small>★</small><span class="username" data-name="saxman76">saxman76</span>:</strong> <em>\NOI I CAOUSORJGAOLKHFNRF</em></div><div class="chat chatmessage-saxman76"><strong style="color:hsl(6,48%,45.3890032472064%)"><small>★</small><span class="username" data-name="saxman76">saxman76</span>:</strong> <em>\</em></div><div class="chat chatmessage-ladderingtazz"><strong style="color:hsl(228,44%,57.81202458051871%)"><small>★</small><span class="username" data-name="ladderingtazz">ladderingtazz</span>:</strong> <em>are you scarf</em></div><div class="chat chatmessage-saxman76"><strong style="color:hsl(6,48%,45.3890032472064%)"><small>★</small><span class="username" data-name="saxman76">saxman76</span>:</strong> <em>NO I FUCKING COULDNT YOU FUCKING RETARD DIPSHIT ASS MOTHER UCCKING MORON'</em></div><div class="spacer battle-history"><br></div><div class="battle-history">Torchic used <strong>Substitute</strong>!<br></div><div class="battle-history"><small>Torchic put in a substitute!</small><br></div><div class="battle-history"><small>(Torchic lost <abbr title="−5/21">23.8%</abbr> of its health!)</small><br></div><div class="spacer battle-history"><br></div><div class="battle-history">The opposing Timburr used <strong>Bulk Up</strong>!<br></div><div class="battle-history"><small>The opposing Timburr's Attack rose!</small><br></div><div class="battle-history"><small>The opposing Timburr's Defense rose!</small><br></div><div class="spacer battle-history"><br></div><div class="battle-history"><small>[Torchic's Speed Boost]</small><br></div><div class="battle-history"><small>Torchic's Speed rose!</small><br></div><div class="spacer battle-history"><br></div><h2 class="battle-history">Turn 18</h2><div class="chat chatmessage-ladderingtazz"><strong style="color:hsl(228,44%,57.81202458051871%)"><small>★</small><span class="username" data-name="ladderingtazz">ladderingtazz</span>:</strong> <em>YES YOU COULD YOU IDIOT</em></div><div class="spacer battle-history"><br></div><div class="battle-history">Torchic used <strong>Baton Pass</strong>!<br></div><div class="spacer battle-history"><br></div><div class="battle-history">Go! <strong>Mime Jr.</strong>!<br></div><div class="spacer battle-history"><br></div><div class="battle-history">The opposing Timburr used <strong>Bulk Up</strong>!<br></div><div class="battle-history"><small>The opposing Timburr's Attack rose!</small><br></div><div class="battle-history"><small>The opposing Timburr's Defense rose!</small><br></div><div class="spacer battle-history"><br></div><h2 class="battle-history">Turn 19</h2><div class="chat chatmessage-saxman76"><strong style="color:hsl(6,48%,45.3890032472064%)"><small>★</small><span class="username" data-name="saxman76">saxman76</span>:</strong> <em>NO YOU FUCKINJG ASS MORON</em></div><div class="chat chatmessage-ladderingtazz"><strong style="color:hsl(228,44%,57.81202458051871%)"><small>★</small><span class="username" data-name="ladderingtazz">ladderingtazz</span>:</strong> <em>YOO GET FUCKED</em></div><div class="chat chatmessage-saxman76"><strong style="color:hsl(6,48%,45.3890032472064%)"><small>★</small><span class="username" data-name="saxman76">saxman76</span>:</strong> <em>BATON PASS BYPASSES ALLLLL THAT BULLSHIT</em></div><div class="chat chatmessage-saxman76"><strong style="color:hsl(6,48%,45.3890032472064%)"><small>★</small><span class="username" data-name="saxman76">saxman76</span>:</strong> <em>GETTT</em></div><div class="chat chatmessage-saxman76"><strong style="color:hsl(6,48%,45.3890032472064%)"><small>★</small><span class="username" data-name="saxman76">saxman76</span>:</strong> <em>FUUUUCKKEDDDD</em></div><div class="spacer battle-history"><br></div><div class="battle-history">Mime Jr. used <strong>Encore</strong>!<br></div><div class="battle-history"><small>The opposing Timburr received an encore!</small><br></div><div class="spacer battle-history"><br></div><div class="battle-history">The opposing Timburr used <strong>Bulk Up</strong>!<br></div><div class="battle-history"><small>The opposing Timburr's Attack rose!</small><br></div><div class="battle-history"><small>The opposing Timburr's Defense rose!</small><br></div><div class="spacer battle-history"><br></div><h2 class="battle-history">Turn 20</h2><div class="spacer battle-history"><br></div><div class="battle-history">Mime Jr. used <strong>Barrier</strong>!<br></div><div class="battle-history"><small>Mime Jr.'s Defense rose sharply!</small><br></div><div class="spacer battle-history"><br></div><div class="battle-history">The opposing Timburr used <strong>Bulk Up</strong>!<br></div><div class="battle-history"><small>The opposing Timburr's Attack rose!</small><br></div><div class="battle-history"><small>The opposing Timburr's Defense rose!</small><br></div><div class="spacer battle-history"><br></div><h2 class="battle-history">Turn 21</h2><div class="spacer battle-history"><br></div><div class="battle-history">Mime Jr. used <strong>Barrier</strong>!<br></div><div class="battle-history"><small>Mime Jr.'s Defense rose sharply!</small><br></div><div class="spacer battle-history"><br></div><div class="battle-history">The opposing Timburr used <strong>Bulk Up</strong>!<br></div><div class="battle-history"><small>The opposing Timburr's Attack rose!</small><br></div><div class="battle-history"><small>The opposing Timburr's Defense rose!</small><br></div><div class="spacer battle-history"><br></div><div class="battle-history"><small>The opposing Timburr's encore ended!</small><br></div><div class="spacer battle-history"><br></div><h2 class="battle-history">Turn 22</h2><div class="spacer battle-history"><br></div><div class="battle-history">Mime Jr. used <strong>Calm Mind</strong>!<br></div><div class="battle-history"><small>Mime Jr.'s Special Attack rose!</small><br></div><div class="battle-history"><small>Mime Jr.'s Special Defense rose!</small><br></div><div class="spacer battle-history"><br></div><div class="battle-history">The opposing Timburr used <strong>Knock Off</strong>!<br></div><div class="battle-history"><small>Mime Jr.'s substitute faded!</small><br></div><div class="spacer battle-history"><br></div><h2 class="battle-history">Turn 23</h2><div class="chat chatmessage-ladderingtazz"><strong style="color:hsl(228,44%,57.81202458051871%)"><small>★</small><span class="username" data-name="ladderingtazz">ladderingtazz</span>:</strong> <em>oops misclick xd</em></div><div class="spacer battle-history"><br></div><div class="battle-history">Mime Jr. used <strong>Encore</strong>!<br></div><div class="battle-history"><small>The opposing Timburr received an encore!</small><br></div><div class="spacer battle-history"><br></div><div class="battle-history">The opposing Timburr used <strong>Knock Off</strong>!<br></div><div class="battle-history"><small>(Mime Jr. lost <abbr title="−9/21">42.9%</abbr> of its health!)</small><br></div><div class="battle-history"><small>The opposing Timburr knocked off Mime Jr.'s Berry Juice!</small><br></div><div class="spacer battle-history"><br></div><h2 class="battle-history">Turn 24</h2><div class="spacer battle-history"><br></div><div class="battle-history">Mime Jr. used <strong>Baton Pass</strong>!<br></div><div class="spacer battle-history"><br></div><div class="battle-history">Go! <strong>Togepi</strong>!<br></div><div class="spacer battle-history"><br></div><div class="battle-history">The opposing Timburr used <strong>Knock Off</strong>!<br></div><div class="battle-history"><small>It's not very effective...</small><br></div><div class="battle-history"><small>(Togepi lost <abbr title="−4/20">20%</abbr> of its health!)</small><br></div><div class="battle-history"><small>The opposing Timburr knocked off Togepi's Berry Juice!</small><br></div><div class="spacer battle-history"><br></div><h2 class="battle-history">Turn 25</h2><div class="chat chatmessage-saxman76"><strong style="color:hsl(6,48%,45.3890032472064%)"><small>★</small><span class="username" data-name="saxman76">saxman76</span>:</strong> <em>GET FRUCKED</em></div><div class="chat chatmessage-saxman76"><strong style="color:hsl(6,48%,45.3890032472064%)"><small>★</small><span class="username" data-name="saxman76">saxman76</span>:</strong> <em>YOURE SUCH MOTHER UCKING WHITE FUCKING TRASH</em></div><div class="chat chatmessage-ladderingtazz"><strong style="color:hsl(228,44%,57.81202458051871%)"><small>★</small><span class="username" data-name="ladderingtazz">ladderingtazz</span>:</strong> <em>YOU GET FUCKED</em></div><div class="spacer battle-history"><br></div><div class="battle-history">Togepi used <strong>Stored Power</strong>!<br></div><div class="battle-history"><small>It's super effective!</small><br></div><div class="battle-history"><small>(The opposing Timburr lost <abbr title="−24/24">100%</abbr> of its health!)</small><br></div><div class="spacer battle-history"><br></div><div class="battle-history">The opposing Timburr fainted!<br></div><div class="spacer battle-history"><br></div><div class="battle-history">saxman76 sent out <strong>Tirtouga</strong>!<br></div><div class="spacer battle-history"><br></div><h2 class="battle-history">Turn 26</h2><div class="chat chatmessage-ladderingtazz"><strong style="color:hsl(228,44%,57.81202458051871%)"><small>★</small><span class="username" data-name="ladderingtazz">ladderingtazz</span>:</strong> <em>FUCL:KHC:LCED</em></div><div class="spacer battle-history"><br></div><div class="battle-history">Togepi used <strong>Baton Pass</strong>!<br></div><div class="spacer battle-history"><br></div><div class="battle-history">Go! <strong>Mienfoo</strong>!<br></div><div class="spacer battle-history"><br></div><div class="battle-history">The opposing Tirtouga used <strong>Shell Smash</strong>!<br></div><div class="battle-history"><small>The opposing Tirtouga's Defense fell!</small><br></div><div class="battle-history"><small>The opposing Tirtouga's Special Defense fell!</small><br></div><div class="battle-history"><small>The opposing Tirtouga's Attack rose sharply!</small><br></div><div class="battle-history"><small>The opposing Tirtouga's Special Attack rose sharply!</small><br></div><div class="battle-history"><small>The opposing Tirtouga's Speed rose sharply!</small><br></div><div class="spacer battle-history"><br></div><h2 class="battle-history">Turn 27</h2><div class="chat chatmessage-saxman76"><strong style="color:hsl(6,48%,45.3890032472064%)"><small>★</small><span class="username" data-name="saxman76">saxman76</span>:</strong> <em>GO FUCKING FUCK YOURSELF</em></div><div class="chat chatmessage-saxman76"><strong style="color:hsl(6,48%,45.3890032472064%)"><small>★</small><span class="username" data-name="saxman76">saxman76</span>:</strong> <em>GARBAGE</em></div><div class="chat chatmessage-saxman76"><strong style="color:hsl(6,48%,45.3890032472064%)"><small>★</small><span class="username" data-name="saxman76">saxman76</span>:</strong> <em>ABSOLUTE MOTHR FUCUUUCKJIGN GARBAGE</em></div><div class="spacer battle-history"><br></div><div class="battle-history">Mienfoo used <strong>Drain Punch</strong>!<br></div><div class="battle-history"><small>It's super effective!</small><br></div><div class="battle-history"><small>[The opposing Tirtouga's Sturdy]</small><br><small>The opposing Tirtouga endured the hit!</small><br></div><div class="battle-history"><small>(The opposing Tirtouga lost <abbr title="−20/21">95.2%</abbr> of its health!)</small><br></div><div class="battle-history"><small>(The opposing Tirtouga used its Berry Juice!)</small><br></div><div class="battle-history"><small>The opposing Tirtouga restored HP using its Berry Juice!</small><br></div><div class="spacer battle-history"><br></div><div class="battle-history">The opposing Tirtouga used <strong>Shell Smash</strong>!<br></div><div class="battle-history"><small>The opposing Tirtouga's Defense fell!</small><br></div><div class="battle-history"><small>The opposing Tirtouga's Special Defense fell!</small><br></div><div class="battle-history"><small>The opposing Tirtouga's Attack rose sharply!</small><br></div><div class="battle-history"><small>The opposing Tirtouga's Special Attack rose sharply!</small><br></div><div class="battle-history"><small>The opposing Tirtouga's Speed rose sharply!</small><br></div><div class="spacer battle-history"><br></div><h2 class="battle-history">Turn 28</h2><div class="chat chatmessage-ladderingtazz"><strong style="color:hsl(228,44%,57.81202458051871%)"><small>★</small><span class="username" data-name="ladderingtazz">ladderingtazz</span>:</strong> <em>NO YOU GO FUCK YOURSELF YOU GARBAGE L;ha;dsnk</em></div><div class="spacer battle-history"><br></div><div class="battle-history">The opposing Tirtouga used <strong>Waterfall</strong>!<br></div><div class="battle-history"><small>(Mienfoo lost <abbr title="−10/22">45.5%</abbr> of its health!)</small><br></div><div class="spacer battle-history"><br></div><div class="battle-history">Mienfoo flinched and couldn't move!<br></div><div class="spacer battle-history"><br></div><h2 class="battle-history">Turn 29</h2><div class="spacer battle-history"><br></div><div class="battle-history">The opposing Tirtouga used <strong>Waterfall</strong>!<br></div><div class="battle-history"><small>(Mienfoo lost <abbr title="−10/22">45.5%</abbr> of its health!)</small><br></div><div class="spacer battle-history"><br></div><div class="battle-history">Mienfoo used <strong>Drain Punch</strong>!<br></div><div class="battle-history"><small>It's super effective!</small><br></div><div class="battle-history"><small>[The opposing Tirtouga's Sturdy]</small><br><small>The opposing Tirtouga endured the hit!</small><br></div><div class="battle-history"><small>(The opposing Tirtouga lost <abbr title="−20/21">95.2%</abbr> of its health!)</small><br></div><div class="battle-history"><small>The opposing Tirtouga had its energy drained!</small><br></div><div class="spacer battle-history"><br></div><h2 class="battle-history">Turn 30</h2><div class="spacer battle-history"><br></div><div class="battle-history">The opposing Tirtouga used <strong>Waterfall</strong>!<br></div><div class="battle-history"><small>(Mienfoo lost <abbr title="−10/22">45.5%</abbr> of its health!)</small><br></div><div class="spacer battle-history"><br></div><div class="battle-history">Mienfoo used <strong>Drain Punch</strong>!<br></div><div class="battle-history"><small>It's super effective!</small><br></div><div class="battle-history"><small>(The opposing Tirtouga lost <abbr title="−1/21">4.8%</abbr> of its health!)</small><br></div><div class="battle-history"><small>The opposing Tirtouga had its energy drained!</small><br></div><div class="spacer battle-history"><br></div><div class="battle-history">The opposing Tirtouga fainted!<br></div><div class="chat chatmessage-ladderingtazz"><strong style="color:hsl(228,44%,57.81202458051871%)"><small>★</small><span class="username" data-name="ladderingtazz">ladderingtazz</span>:</strong> <em>GET FUCKED:LFHOW:</em></div><div class="chat chatmessage-anonymousweapon"><strong style="color:hsl(326,41%,51.75490231879026%)"><small> </small><span class="username" data-name="Anonymous Weapon">Anonymous Weapon</span>:</strong> <em>o shit</em></div><div class="chat chatmessage-anonymousweapon"><strong style="color:hsl(326,41%,51.75490231879026%)"><small> </small><span class="username" data-name="Anonymous Weapon">Anonymous Weapon</span>:</strong> <em>so close!!!!</em></div><div class="chat chatmessage-saxman76"><strong style="color:hsl(6,48%,45.3890032472064%)"><small>★</small><span class="username" data-name="saxman76">saxman76</span>:</strong> <em>STOP FUCKING HIDING</em></div><div class="chat chatmessage-ladderingtazz"><strong style="color:hsl(228,44%,57.81202458051871%)"><small>★</small><span class="username" data-name="ladderingtazz">ladderingtazz</span>:</strong> <em>NO IT WAS'NT BECAUSE HES A BAD PLAYER</em></div><div class="chat chatmessage-saxman76"><strong style="color:hsl(6,48%,45.3890032472064%)"><small>★</small><span class="username" data-name="saxman76">saxman76</span>:</strong> <em>STOP HIDING BEHGIND YOUR COMPUTETR YOU FUCKING WHITRE TRASH FUCJIGN HILLBIULY</em></div><div class="chat chatmessage-saxman76"><strong style="color:hsl(6,48%,45.3890032472064%)"><small>★</small><span class="username" data-name="saxman76">saxman76</span>:</strong> <em>COME OUT</em></div><div class="chat chatmessage-saxman76"><strong style="color:hsl(6,48%,45.3890032472064%)"><small>★</small><span class="username" data-name="saxman76">saxman76</span>:</strong> <em>COM OUT AND FUCKIGN SHOW YOURSELF</em></div><div class="chat chatmessage-saxman76"><strong style="color:hsl(6,48%,45.3890032472064%)"><small>★</small><span class="username" data-name="saxman76">saxman76</span>:</strong> <em>I SWEAR TO GOD I WILL SHOOT YOU RIGHT IN YOUR FAT FUCKIGN SKULL</em></div><div class="chat chatmessage-ladderingtazz"><strong style="color:hsl(228,44%,57.81202458051871%)"><small>★</small><span class="username" data-name="ladderingtazz">ladderingtazz</span>:</strong> <em>YOU COME OUT OUT THE CLOSET FIRST</em></div><div class="chat chatmessage-saxman76"><strong style="color:hsl(6,48%,45.3890032472064%)"><small>★</small><span class="username" data-name="saxman76">saxman76</span>:</strong> <em>I WILL PUT A FUCKING BULLET RIGHT THROUGH YOUR FAT ARRRROGAN MOTHER FUKCING HEAD</em></div><div class="chat chatmessage-saxman76"><strong style="color:hsl(6,48%,45.3890032472064%)"><small>★</small><span class="username" data-name="saxman76">saxman76</span>:</strong> <em>YOU FUCKING FILTHY DISGUSTING MOTHER FUCKING MO TALENT DFEPSERAT E MOTHER FUKCING PRICK</em></div><div class="chat chatmessage-ladderingtazz"><strong style="color:hsl(228,44%,57.81202458051871%)"><small>★</small><span class="username" data-name="ladderingtazz">ladderingtazz</span>:</strong> <em>xd</em></div><div class="chat chatmessage-anonymousweapon"><strong style="color:hsl(326,41%,51.75490231879026%)"><small> </small><span class="username" data-name="Anonymous Weapon">Anonymous Weapon</span>:</strong> <em>you might be able to kill mienfoo with riolu</em></div><div class="chat chatmessage-ladderingtazz"><strong style="color:hsl(228,44%,57.81202458051871%)"><small>★</small><span class="username" data-name="ladderingtazz">ladderingtazz</span>:</strong> <em>you like capslock</em></div><div class="chat chatmessage-ladderingtazz"><strong style="color:hsl(228,44%,57.81202458051871%)"><small>★</small><span class="username" data-name="ladderingtazz">ladderingtazz</span>:</strong> <em>xd</em></div><div class="chat chatmessage-ladderingtazz"><strong style="color:hsl(228,44%,57.81202458051871%)"><small>★</small><span class="username" data-name="ladderingtazz">ladderingtazz</span>:</strong> <em>hes gonna time out</em></div><div class="chat chatmessage-ladderingtazz"><strong style="color:hsl(228,44%,57.81202458051871%)"><small>★</small><span class="username" data-name="ladderingtazz">ladderingtazz</span>:</strong> <em>cos hes a coward</em></div><div class="chat chatmessage-saxman76"><strong style="color:hsl(6,48%,45.3890032472064%)"><small>★</small><span class="username" data-name="saxman76">saxman76</span>:</strong> <em>NO BECAUS THAT DESPERATE COWARDLYT MOTHR FUCKING SHITHEAD KNOWS IRT</em></div><div class="chat chatmessage-ladderingtazz"><strong style="color:hsl(228,44%,57.81202458051871%)"><small>★</small><span class="username" data-name="ladderingtazz">ladderingtazz</span>:</strong> <em>watch</em></div><div class="chat chatmessage-saxman76"><strong style="color:hsl(6,48%,45.3890032472064%)"><small>★</small><span class="username" data-name="saxman76">saxman76</span>:</strong> <em>GET FUCKED</em></div><div class="chat chatmessage-ladderingtazz"><strong style="color:hsl(228,44%,57.81202458051871%)"><small>★</small><span class="username" data-name="ladderingtazz">ladderingtazz</span>:</strong> <em>hes scared</em></div><div class="spacer battle-history"><br></div><div class="battle-history">saxman76 sent out <strong>Gothita</strong>!<br></div><div class="spacer battle-history"><br></div><h2 class="battle-history">Turn 31</h2><div class="chat chatmessage-ladderingtazz"><strong style="color:hsl(228,44%,57.81202458051871%)"><small>★</small><span class="username" data-name="ladderingtazz">ladderingtazz</span>:</strong> <em>to get fucked</em></div><div class="chat chatmessage-saxman76"><strong style="color:hsl(6,48%,45.3890032472064%)"><small>★</small><span class="username" data-name="saxman76">saxman76</span>:</strong> <em>GETTTTR</em></div><div class="chat chatmessage-saxman76"><strong style="color:hsl(6,48%,45.3890032472064%)"><small>★</small><span class="username" data-name="saxman76">saxman76</span>:</strong> <em>FUUUUUCKKKED</em></div><div class="chat chatmessage-saxman76"><strong style="color:hsl(6,48%,45.3890032472064%)"><small>★</small><span class="username" data-name="saxman76">saxman76</span>:</strong> <em>"YOU MOTHER UUUUUICKGHIN COOOWARDDDDDD</em></div><div class="chat chatmessage-saxman76"><strong style="color:hsl(6,48%,45.3890032472064%)"><small>★</small><span class="username" data-name="saxman76">saxman76</span>:</strong> <em>COWAARRDDD</em></div><div class="chat chatmessage-saxman76"><strong style="color:hsl(6,48%,45.3890032472064%)"><small>★</small><span class="username" data-name="saxman76">saxman76</span>:</strong> <em>YOU CANT MOTHER FDUKIGN FIGHT M WHITH OUT IT</em></div><div class="chat chatmessage-anonymousweapon"><strong style="color:hsl(326,41%,51.75490231879026%)"><small> </small><span class="username" data-name="Anonymous Weapon">Anonymous Weapon</span>:</strong> <em>sigh...wrong choice</em></div><div class="chat chatmessage-saxman76"><strong style="color:hsl(6,48%,45.3890032472064%)"><small>★</small><span class="username" data-name="saxman76">saxman76</span>:</strong> <em>YOURE OSDFSDFzjfsdkvbsdfn gaisrdjgdnvojfsdryhg3qoriajmnvbsdgnrsagiugvnrsangvbiueaf4wlvb</em></div><div class="chat chatmessage-saxman76"><strong style="color:hsl(6,48%,45.3890032472064%)"><small>★</small><span class="username" data-name="saxman76">saxman76</span>:</strong> <em>hb</em></div><div class="chat chatmessage-saxman76"><strong style="color:hsl(6,48%,45.3890032472064%)"><small>★</small><span class="username" data-name="saxman76">saxman76</span>:</strong> <em>tr</em></div><div class="chat chatmessage-ladderingtazz"><strong style="color:hsl(228,44%,57.81202458051871%)"><small>★</small><span class="username" data-name="ladderingtazz">ladderingtazz</span>:</strong> <em>LMAOOO U ABOUT TO GET FUCKED</em></div><div class="chat chatmessage-saxman76"><strong style="color:hsl(6,48%,45.3890032472064%)"><small>★</small><span class="username" data-name="saxman76">saxman76</span>:</strong> <em>bdfzhraivoghtrfbl.vfdnugwkjfbujweanfoiurseahnvxfdkjsdahnminvbikjhrwenrhg54ujshvb7yumngfbriuwq3tgnmkgiursefhvgujymnauwoirseht</em></div><div class="chat chatmessage-saxman76"><strong style="color:hsl(6,48%,45.3890032472064%)"><small>★</small><span class="username" data-name="saxman76">saxman76</span>:</strong> <em>NOOO</em></div><div class="chat chatmessage-saxman76"><strong style="color:hsl(6,48%,45.3890032472064%)"><small>★</small><span class="username" data-name="saxman76">saxman76</span>:</strong> <em>NO YOU ASSS  OH:L</em></div><div class="chat chatmessage-anonymousweapon"><strong style="color:hsl(326,41%,51.75490231879026%)"><small> </small><span class="username" data-name="Anonymous Weapon">Anonymous Weapon</span>:</strong> <em>shouldve used copy cat</em></div><div class="chat chatmessage-saxman76"><strong style="color:hsl(6,48%,45.3890032472064%)"><small>★</small><span class="username" data-name="saxman76">saxman76</span>:</strong> <em>I CANOT FUCKIGN PICK IT CU YOUWSRPOGADFHGFREGWE FUCKIGN KNOW S THAT I WILL FUICK HIS SHIT</em></div><div class="chat chatmessage-saxman76"><strong style="color:hsl(6,48%,45.3890032472064%)"><small>★</small><span class="username" data-name="saxman76">saxman76</span>:</strong> <em>UP</em></div><div class="chat chatmessage-ladderingtazz"><strong style="color:hsl(228,44%,57.81202458051871%)"><small>★</small><span class="username" data-name="ladderingtazz">ladderingtazz</span>:</strong> <em>HE DID'T BECAUSE HES GARBAGE</em></div><div class="chat chatmessage-saxman76"><strong style="color:hsl(6,48%,45.3890032472064%)"><small>★</small><span class="username" data-name="saxman76">saxman76</span>:</strong> <em>THAT DESPRTATR A FUCKIGN LOSR FUCKIGN COAWRDa</em></div><div class="chat chatmessage-ladderingtazz"><strong style="color:hsl(228,44%,57.81202458051871%)"><small>★</small><span class="username" data-name="ladderingtazz">ladderingtazz</span>:</strong> <em>HES AWFUL</em></div><div class="spacer battle-history"><br></div><div class="battle-history">Mienfoo used <strong>Baton Pass</strong>!<br></div><div class="chat chatmessage-ladderingtazz"><strong style="color:hsl(228,44%,57.81202458051871%)"><small>★</small><span class="username" data-name="ladderingtazz">ladderingtazz</span>:</strong> <em>HES A LOSER</em></div><div class="chat chatmessage-ladderingtazz"><strong style="color:hsl(228,44%,57.81202458051871%)"><small>★</small><span class="username" data-name="ladderingtazz">ladderingtazz</span>:</strong> <em>GET FUCKED D</em></div><div class="spacer battle-history"><br></div><div class="battle-history">Go! <strong>Togepi</strong>!<br></div><div class="spacer battle-history"><br></div><div class="battle-history">The opposing Gothita used <strong>Psychic</strong>!<br></div><div class="battle-history"><small>(Togepi lost <abbr title="−6/20">30%</abbr> of its health!)</small><br></div><div class="spacer battle-history"><br></div><h2 class="battle-history">Turn 32</h2><div class="spacer battle-history"><br></div><div class="battle-history">Togepi used <strong>Stored Power</strong>!<br></div><div class="battle-history"><small>It's not very effective...</small><br></div><div class="battle-history"><small>(The opposing Gothita lost <abbr title="−20/21">95.2%</abbr> of its health!)</small><br></div><div class="battle-history"><small>(The opposing Gothita used its Berry Juice!)</small><br></div><div class="battle-history"><small>The opposing Gothita restored HP using its Berry Juice!</small><br></div><div class="spacer battle-history"><br></div><div class="battle-history">The opposing Gothita used <strong>Calm Mind</strong>!<br></div><div class="battle-history"><small>The opposing Gothita's Special Attack rose!</small><br></div><div class="battle-history"><small>The opposing Gothita's Special Defense rose!</small><br></div><div class="spacer battle-history"><br></div><h2 class="battle-history">Turn 33</h2><div class="spacer battle-history"><br></div><div class="battle-history">Togepi used <strong>Baton Pass</strong>!<br></div><div class="spacer battle-history"><br></div><div class="battle-history">Go! <strong>Munna</strong>!<br></div><div class="spacer battle-history"><br></div><div class="battle-history">The opposing Gothita used <strong>Psychic</strong>!<br></div><div class="battle-history"><small>It's not very effective...</small><br></div><div class="battle-history"><small>(Munna lost <abbr title="−3/24">12.5%</abbr> of its health!)</small><br></div><div class="spacer battle-history"><br></div><h2 class="battle-history">Turn 34</h2><div class="chat chatmessage-nooblordsimon"><strong style="color:hsl(97,43%,41%)"><small> </small><span class="username" data-name="Nooblord Simon">Nooblord Simon</span>:</strong> <em>I feel like saxman is being toyed</em></div><div class="spacer battle-history"><br></div><div class="battle-history">Munna used <strong>Stored Power</strong>!<br></div><div class="battle-history"><small>It's not very effective...</small><br></div><div class="battle-history"><small>(The opposing Gothita lost <abbr title="−21/21">100%</abbr> of its health!)</small><br></div><div class="spacer battle-history"><br></div><div class="battle-history">The opposing Gothita fainted!<br></div><div class="chat chatmessage-ladderingtazz"><strong style="color:hsl(228,44%,57.81202458051871%)"><small>★</small><span class="username" data-name="ladderingtazz">ladderingtazz</span>:</strong> <em>GET</em></div><div class="spacer battle-history"><br></div><div class="battle-history">saxman76 sent out <strong>Pawniard</strong>!<br></div><div class="spacer battle-history"><br></div><h2 class="battle-history">Turn 35</h2><div class="chat chatmessage-ladderingtazz"><strong style="color:hsl(228,44%,57.81202458051871%)"><small>★</small><span class="username" data-name="ladderingtazz">ladderingtazz</span>:</strong> <em>FUCKED</em></div><div class="spacer battle-history"><br></div><div class="battle-history">Munna, come back!<br></div><div class="battle-history">Go! <strong>Mienfoo</strong>!<br></div><div class="spacer battle-history"><br></div><div class="battle-history">The opposing Pawniard used <strong>Knock Off</strong>!<br></div><div class="battle-history"><small>It's not very effective...</small><br></div><div class="battle-history"><small>(Mienfoo lost <abbr title="−5/22">22.7%</abbr> of its health!)</small><br></div><div class="spacer battle-history"><br></div><h2 class="battle-history">Turn 36</h2><div class="chat chatmessage-saxman76"><strong style="color:hsl(6,48%,45.3890032472064%)"><small>★</small><span class="username" data-name="saxman76">saxman76</span>:</strong> <em>HA</em></div><div class="chat chatmessage-ladderingtazz"><strong style="color:hsl(228,44%,57.81202458051871%)"><small>★</small><span class="username" data-name="ladderingtazz">ladderingtazz</span>:</strong> <em>lmao misclick</em></div><div class="chat chatmessage-ladderingtazz"><strong style="color:hsl(228,44%,57.81202458051871%)"><small>★</small><span class="username" data-name="ladderingtazz">ladderingtazz</span>:</strong> <em>but</em></div><div class="chat chatmessage-ladderingtazz"><strong style="color:hsl(228,44%,57.81202458051871%)"><small>★</small><span class="username" data-name="ladderingtazz">ladderingtazz</span>:</strong> <em>the funny part is</em></div><div class="chat chatmessage-saxman76"><strong style="color:hsl(6,48%,45.3890032472064%)"><small>★</small><span class="username" data-name="saxman76">saxman76</span>:</strong> <em>HA YOU DUMB MOTHER FUCKING SHITHEAD</em></div><div class="chat chatmessage-nooblordsimon"><strong style="color:hsl(97,43%,41%)"><small> </small><span class="username" data-name="Nooblord Simon">Nooblord Simon</span>:</strong> <em>still wins</em></div><div class="chat chatmessage-saxman76"><strong style="color:hsl(6,48%,45.3890032472064%)"><small>★</small><span class="username" data-name="saxman76">saxman76</span>:</strong> <em>GET FUCKED</em></div><div class="chat chatmessage-saxman76"><strong style="color:hsl(6,48%,45.3890032472064%)"><small>★</small><span class="username" data-name="saxman76">saxman76</span>:</strong> <em>YOURE SUCH MOTHER FUCKING GARBAGe</em></div><div class="chat chatmessage-saxman76"><strong style="color:hsl(6,48%,45.3890032472064%)"><small>★</small><span class="username" data-name="saxman76">saxman76</span>:</strong> <em>ZERO MOTHER FUCKING SKILLS WITHOUT YOUR FUCKING BATON {PASS</em></div><div class="chat chatmessage-ladderingtazz"><strong style="color:hsl(228,44%,57.81202458051871%)"><small>★</small><span class="username" data-name="ladderingtazz">ladderingtazz</span>:</strong> <em>NO FUCK UU</em></div><div class="chat chatmessage-saxman76"><strong style="color:hsl(6,48%,45.3890032472064%)"><small>★</small><span class="username" data-name="saxman76">saxman76</span>:</strong> <em>YOURE TRASDH</em></div><div class="chat chatmessage-saxman76"><strong style="color:hsl(6,48%,45.3890032472064%)"><small>★</small><span class="username" data-name="saxman76">saxman76</span>:</strong> <em>YOURE TRASSHH</em></div><div class="chat chatmessage-anonymousweapon"><strong style="color:hsl(326,41%,51.75490231879026%)"><small> </small><span class="username" data-name="Anonymous Weapon">Anonymous Weapon</span>:</strong> <em>fucked up several chances at victory</em></div><div class="chat chatmessage-ladderingtazz"><strong style="color:hsl(228,44%,57.81202458051871%)"><small>★</small><span class="username" data-name="ladderingtazz">ladderingtazz</span>:</strong> <em>YOU HAVE ZERO SKILL YOU FUCKING GARBAGE</em></div><div class="chat chatmessage-saxman76"><strong style="color:hsl(6,48%,45.3890032472064%)"><small>★</small><span class="username" data-name="saxman76">saxman76</span>:</strong> <em>gET FUCKGING YOU FUCKING GARBAGE ASS MOTHER FUCKING COWARD</em></div><div class="chat chatmessage-saxman76"><strong style="color:hsl(6,48%,45.3890032472064%)"><small>★</small><span class="username" data-name="saxman76">saxman76</span>:</strong> <em>COWARD</em></div><div class="chat chatmessage-saxman76"><strong style="color:hsl(6,48%,45.3890032472064%)"><small>★</small><span class="username" data-name="saxman76">saxman76</span>:</strong> <em>COWAR</em></div><div class="chat chatmessage-saxman76"><strong style="color:hsl(6,48%,45.3890032472064%)"><small>★</small><span class="username" data-name="saxman76">saxman76</span>:</strong> <em>d</em></div><div class="chat chatmessage-saxman76"><strong style="color:hsl(6,48%,45.3890032472064%)"><small>★</small><span class="username" data-name="saxman76">saxman76</span>:</strong> <em>dbhtwdaoihwjeiuf]yohlk,;/hjW$</em></div><div class="chat chatmessage-saxman76"><strong style="color:hsl(6,48%,45.3890032472064%)"><small>★</small><span class="username" data-name="saxman76">saxman76</span>:</strong> <em>?Rtshn</em></div><div class="chat chatmessage-saxman76"><strong style="color:hsl(6,48%,45.3890032472064%)"><small>★</small><span class="username" data-name="saxman76">saxman76</span>:</strong> <em>'w3</em></div><div class="chat chatmessage-ladderingtazz"><strong style="color:hsl(228,44%,57.81202458051871%)"><small>★</small><span class="username" data-name="ladderingtazz">ladderingtazz</span>:</strong> <em>YOU HAE NO FUCKING CHANCE</em></div><div class="chat chatmessage-anonymousweapon"><strong style="color:hsl(326,41%,51.75490231879026%)"><small> </small><span class="username" data-name="Anonymous Weapon">Anonymous Weapon</span>:</strong> <em>or at least a come bcak</em></div><div class="chat chatmessage-saxman76"><strong style="color:hsl(6,48%,45.3890032472064%)"><small>★</small><span class="username" data-name="saxman76">saxman76</span>:</strong> <em>yh57?&gt;</em></div><div class="chat chatmessage-saxman76"><strong style="color:hsl(6,48%,45.3890032472064%)"><small>★</small><span class="username" data-name="saxman76">saxman76</span>:</strong> <em>"nwrfajsdvdxzkjf</em></div><div class="chat chatmessage-saxman76"><strong style="color:hsl(6,48%,45.3890032472064%)"><small>★</small><span class="username" data-name="saxman76">saxman76</span>:</strong> <em>I AM GOING TO MOTHER FUCKING MURDRR YUOU AND YOUR FUCKING FAMIL:LRSTIASDFGK</em></div><div class="chat chatmessage-ladderingtazz"><strong style="color:hsl(228,44%,57.81202458051871%)"><small>★</small><span class="username" data-name="ladderingtazz">ladderingtazz</span>:</strong> <em>I FUCKED UP AND I CAN STILL FUCK YOU UP</em></div><div class="chat chatmessage-saxman76"><strong style="color:hsl(6,48%,45.3890032472064%)"><small>★</small><span class="username" data-name="saxman76">saxman76</span>:</strong> <em>GETTTTT FFUUUCKDKDDDD</em></div><div class="chat chatmessage-saxman76"><strong style="color:hsl(6,48%,45.3890032472064%)"><small>★</small><span class="username" data-name="saxman76">saxman76</span>:</strong> <em>YOUTRE FUCKING DADAWDA</em></div><div class="chat chatmessage-saxman76"><strong style="color:hsl(6,48%,45.3890032472064%)"><small>★</small><span class="username" data-name="saxman76">saxman76</span>:</strong> <em>D</em></div><div class="chat chatmessage-saxman76"><strong style="color:hsl(6,48%,45.3890032472064%)"><small>★</small><span class="username" data-name="saxman76">saxman76</span>:</strong> <em>]</em></div><div class="chat chatmessage-saxman76"><strong style="color:hsl(6,48%,45.3890032472064%)"><small>★</small><span class="username" data-name="saxman76">saxman76</span>:</strong> <em>gadbvojbvhvbasrndoigvbjunrnhjhnb;\p[n.b</em></div><div class="chat chatmessage-saxman76"><strong style="color:hsl(6,48%,45.3890032472064%)"><small>★</small><span class="username" data-name="saxman76">saxman76</span>:</strong> <em>grfjmn</em></div><div class="chat chatmessage-saxman76"><strong style="color:hsl(6,48%,45.3890032472064%)"><small>★</small><span class="username" data-name="saxman76">saxman76</span>:</strong> <em>DYUHm</em></div><div class="chat chatmessage-saxman76"><strong style="color:hsl(6,48%,45.3890032472064%)"><small>★</small><span class="username" data-name="saxman76">saxman76</span>:</strong> <em>d</em></div><div class="chat chatmessage-saxman76"><strong style="color:hsl(6,48%,45.3890032472064%)"><small>★</small><span class="username" data-name="saxman76">saxman76</span>:</strong> <em>yum</em></div><div class="chat chatmessage-saxman76"><strong style="color:hsl(6,48%,45.3890032472064%)"><small>★</small><span class="username" data-name="saxman76">saxman76</span>:</strong> <em>k,mxhnlkrdyhnlnkm'</em></div><div class="chat chatmessage-saxman76"><strong style="color:hsl(6,48%,45.3890032472064%)"><small>★</small><span class="username" data-name="saxman76">saxman76</span>:</strong> <em>\</em></div><div class="chat chatmessage-ladderingtazz"><strong style="color:hsl(228,44%,57.81202458051871%)"><small>★</small><span class="username" data-name="ladderingtazz">ladderingtazz</span>:</strong> <em>yum</em></div><div class="spacer battle-history"><br></div><div class="battle-history"><small>saxman76 forfeited.</small><br></div><div class="spacer battle-history"><br></div><div class="battle-history"><strong>ladderingtazz</strong> won the battle!<br></div><div class="chat"><small>saxman76 left.</small></div><div class="chat">ladderingtazz's rating: 1486 → <strong>1494</strong><br>(+8 for winning)</div><div class="chat">saxman76's rating: 1253 → <strong>1243</strong><br>(-10 for losing)</div><div class="chat"><small>Anonymous Weapon left.</small></div><div class="chat chatmessage-ladderingtazz"><strong style="color:hsl(228,44%,57.81202458051871%)"><small>★</small><span class="username" data-name="ladderingtazz">ladderingtazz</span>:</strong> <em>coward</em></div></div><div class="inner-preempt"></div></div></div>
</div>
<script>
let daily = Math.floor(Date.now()/1000/60/60/24);document.write('<script src="https://play.pokemonshowdown.com/js/replay-embed.js?version'+daily+'"></'+'script>');
</script>
