<!DOCTYPE html>
<meta charset="utf-8" />
<!-- version 1 -->
<title>LC replay: Niatar vs. lucasraulino14</title>
<style>
html,body {font-family:Verdana, sans-serif;font-size:10pt;margin:0;padding:0;}body{padding:12px 0;} .battle-log {font-family:Verdana, sans-serif;font-size:10pt;} .battle-log-inline {border:1px solid #AAAAAA;background:#EEF2F5;color:black;max-width:640px;margin:0 auto 80px;padding-bottom:5px;} .battle-log .inner {padding:4px 8px 0px 8px;} .battle-log .inner-preempt {padding:0 8px 4px 8px;} .battle-log .inner-after {margin-top:0.5em;} .battle-log h2 {margin:0.5em -8px;padding:4px 8px;border:1px solid #AAAAAA;background:#E0E7EA;border-left:0;border-right:0;font-family:Verdana, sans-serif;font-size:13pt;} .battle-log .chat {vertical-align:middle;padding:3px 0 3px 0;font-size:8pt;} .battle-log .chat strong {color:#40576A;} .battle-log .chat em {padding:1px 4px 1px 3px;color:#000000;font-style:normal;} .chat.mine {background:rgba(0,0,0,0.05);margin-left:-8px;margin-right:-8px;padding-left:8px;padding-right:8px;} .spoiler {color:#BBBBBB;background:#BBBBBB;padding:0px 3px;} .spoiler:hover, .spoiler:active, .spoiler-shown {color:#000000;background:#E2E2E2;padding:0px 3px;} .spoiler a {color:#BBBBBB;} .spoiler:hover a, .spoiler:active a, .spoiler-shown a {color:#2288CC;} .chat code, .chat .spoiler:hover code, .chat .spoiler:active code, .chat .spoiler-shown code {border:1px solid #C0C0C0;background:#EEEEEE;color:black;padding:0 2px;} .chat .spoiler code {border:1px solid #CCCCCC;background:#CCCCCC;color:#CCCCCC;} .battle-log .rated {padding:3px 4px;} .battle-log .rated strong {color:white;background:#89A;padding:1px 4px;border-radius:4px;} .spacer {margin-top:0.5em;} .message-announce {background:#6688AA;color:white;padding:1px 4px 2px;} .message-announce a, .broadcast-green a, .broadcast-blue a, .broadcast-red a {color:#DDEEFF;} .broadcast-green {background-color:#559955;color:white;padding:2px 4px;} .broadcast-blue {background-color:#6688AA;color:white;padding:2px 4px;} .infobox {border:1px solid #6688AA;padding:2px 4px;} .infobox-limited {max-height:200px;overflow:auto;overflow-x:hidden;} .broadcast-red {background-color:#AA5544;color:white;padding:2px 4px;} .message-learn-canlearn {font-weight:bold;color:#228822;text-decoration:underline;} .message-learn-cannotlearn {font-weight:bold;color:#CC2222;text-decoration:underline;} .message-effect-weak {font-weight:bold;color:#CC2222;} .message-effect-resist {font-weight:bold;color:#6688AA;} .message-effect-immune {font-weight:bold;color:#666666;} .message-learn-list {margin-top:0;margin-bottom:0;} .message-throttle-notice, .message-error {color:#992222;} .message-overflow, .chat small.message-overflow {font-size:0pt;} .message-overflow::before {font-size:9pt;content:'...';} .subtle {color:#3A4A66;}
</style>
<div class="wrapper replay-wrapper" style="max-width:1180px;margin:0 auto">
<input type="hidden" name="replayid" value="lc-489732636" />
<div class="battle"></div><div class="battle-log"></div><div class="replay-controls"></div><div class="replay-controls-2"></div>
<h1 style="font-weight:normal;text-align:center"><strong>LC</strong><br /><a href="http://pokemonshowdown.com/users/niatar" class="subtle" target="_blank">Niatar</a> vs. <a href="http://pokemonshowdown.com/users/lucasraulino14" class="subtle" target="_blank">lucasraulino14</a></h1>
<script type="text/plain" class="battle-log-data">|j|Niatar
|j|lucasraulino14
|player|p1|Niatar|269
|player|p2|lucasraulino14|170
|gametype|singles
|gen|6
|tier|LC
|rated
|seed|63940,32148,32226,43798
|clearpoke
|poke|p1|Magby, L5, M|item
|poke|p1|Bulbasaur, L5, F, shiny|item
|poke|p1|Cyndaquil, L5, F|item
|poke|p1|Cottonee, L5, F, shiny|item
|poke|p1|Carvanha, L5, M|item
|poke|p1|Frillish, L5, M, shiny|item
|poke|p2|Aipom, L5, M|item
|poke|p2|Snivy, L5, F|item
|poke|p2|Gothita, L5, F, shiny|item
|poke|p2|Carvanha, L5, F|item
|poke|p2|Magby, L5, M|item
|poke|p2|Elekid, L5, M, shiny|item
|rule|Sleep Clause Mod: Limit one foe put to sleep
|rule|Species Clause: Limit one of each Pokémon
|rule|OHKO Clause: OHKO moves are banned
|rule|Moody Clause: Moody is banned
|rule|Evasion Moves Clause: Evasion moves are banned
|rule|Endless Battle Clause: Forcing endless battles is banned
|rule|HP Percentage Mod: HP is shown in percentages
|teampreview
|choice|team 6, team 2, team 3, team 4, team 5, team 1|team 3, team 2, team 1, team 4, team 5, team 6
|
|start
|switch|p1a: Frillish|Frillish, L5, M, shiny|25\/25
|switch|p2a: PUTINHA|Gothita, L5, F, shiny|21\/21
|turn|1
|choice|move willowisp|move trickroom
|
|move|p1a: Frillish|Will-O-Wisp|p2a: PUTINHA
|-status|p2a: PUTINHA|brn
|move|p2a: PUTINHA|Trick Room|p2a: PUTINHA
|-fieldstart|move: Trick Room|[of] p2a: PUTINHA
|
|-damage|p2a: PUTINHA|19\/21 brn|[from] brn
|turn|2
|choice|move scald|move energyball
|
|move|p2a: PUTINHA|Energy Ball|p1a: Frillish
|-supereffective|p1a: Frillish
|-damage|p1a: Frillish|15\/25
|-start|p2a: PUTINHA|Disable|Energy Ball|[from] ability: Cursed Body|[of] p1a: Frillish
|move|p1a: Frillish|Scald|p2a: PUTINHA
|-damage|p2a: PUTINHA|10\/21 brn
|
|-damage|p2a: PUTINHA|8\/21 brn|[from] brn
|turn|3
|choice|move recover|move thunderbolt
|
|move|p2a: PUTINHA|Thunderbolt|p1a: Frillish
|-supereffective|p1a: Frillish
|-damage|p1a: Frillish|5\/25
|move|p1a: Frillish|Recover|p1a: Frillish
|-heal|p1a: Frillish|18\/25
|
|-damage|p2a: PUTINHA|6\/21 brn|[from] brn
|turn|4
|choice|move recover|move thunderbolt
|
|move|p2a: PUTINHA|Thunderbolt|p1a: Frillish
|-supereffective|p1a: Frillish
|-damage|p1a: Frillish|8\/25
|move|p1a: Frillish|Recover|p1a: Frillish
|-heal|p1a: Frillish|21\/25
|
|-damage|p2a: PUTINHA|4\/21 brn|[from] brn
|turn|5
|choice|move recover|move thunderbolt
|
|move|p2a: PUTINHA|Thunderbolt|p1a: Frillish
|-supereffective|p1a: Frillish
|-damage|p1a: Frillish|11\/25
|move|p1a: Frillish|Recover|p1a: Frillish
|-heal|p1a: Frillish|24\/25
|
|-damage|p2a: PUTINHA|2\/21 brn|[from] brn
|-fieldend|move: Trick Room
|turn|6
|choice|move recover|move thunderbolt
|
|move|p1a: Frillish|Recover|p1a: Frillish
|-heal|p1a: Frillish|25\/25
|move|p2a: PUTINHA|Thunderbolt|p1a: Frillish
|-supereffective|p1a: Frillish
|-damage|p1a: Frillish|15\/25
|
|-damage|p2a: PUTINHA|0 fnt|[from] brn
|faint|p2a: PUTINHA
|choice||switch 6
|
|switch|p2a: ELEKID BENGALA|Elekid, L5, M, shiny|20\/20
|turn|7
|choice|switch 2|move thunderpunch
|
|switch|p1a: Bulbasaur|Bulbasaur, L5, F, shiny|21\/21
|move|p2a: ELEKID BENGALA|Thunder Punch|p1a: Bulbasaur
|-resisted|p1a: Bulbasaur
|-damage|p1a: Bulbasaur|13\/21
|-damage|p2a: ELEKID BENGALA|18\/20|[from] item: Life Orb
|
|turn|8
|choice|move gigadrain|move icepunch
|
|move|p2a: ELEKID BENGALA|Ice Punch|p1a: Bulbasaur
|-supereffective|p1a: Bulbasaur
|-damage|p1a: Bulbasaur|0 fnt
|-damage|p2a: ELEKID BENGALA|16\/20|[from] item: Life Orb
|faint|p1a: Bulbasaur
|
|choice|switch 6|
|
|switch|p1a: Magby|Magby, L5, M|22\/22
|turn|9
|choice|move bellydrum|move dualchop
|
|move|p1a: Magby|Belly Drum|p1a: Magby
|-damage|p1a: Magby|11\/22
|-setboost|p1a: Magby|atk|6|[from] move: Belly Drum
|-enditem|p1a: Magby|Berry Juice
|-heal|p1a: Magby|22\/22|[from] item: Berry Juice
|move|p2a: ELEKID BENGALA|Dual Chop|p1a: Magby
|-damage|p1a: Magby|16\/22
|-damage|p1a: Magby|8\/22
|-hitcount|p1a: Magby|2
|-damage|p2a: ELEKID BENGALA|14\/20|[from] item: Life Orb
|
|turn|10
|choice|move machpunch|move dualchop
|
|move|p1a: Magby|Mach Punch|p2a: ELEKID BENGALA
|-damage|p2a: ELEKID BENGALA|0 fnt
|faint|p2a: ELEKID BENGALA
|
|choice||switch 3
|
|switch|p2a: MÃO NA BUNDA|Aipom, L5, M|22\/22
|turn|11
|choice|move machpunch|move fakeout
|
|move|p2a: MÃO NA BUNDA|Fake Out|p1a: Magby
|-damage|p1a: Magby|0 fnt
|faint|p1a: Magby
|
|choice|switch 2|
|
|switch|p1a: Frillish|Frillish, L5, M, shiny|15\/25
|turn|12
|choice|move willowisp|move shadowclaw
|
|move|p2a: MÃO NA BUNDA|Shadow Claw|p1a: Frillish
|-supereffective|p1a: Frillish
|-damage|p1a: Frillish|3\/25
|move|p1a: Frillish|Will-O-Wisp|p2a: MÃO NA BUNDA
|-status|p2a: MÃO NA BUNDA|brn
|
|-damage|p2a: MÃO NA BUNDA|20\/22 brn|[from] brn
|turn|13
|choice|move recover|move shadowclaw
|
|move|p2a: MÃO NA BUNDA|Shadow Claw|p1a: Frillish
|-supereffective|p1a: Frillish
|-damage|p1a: Frillish|0 fnt
|faint|p1a: Frillish
|
|-damage|p2a: MÃO NA BUNDA|18\/22 brn|[from] brn
|choice|switch 3|
|
|switch|p1a: Cyndaquil|Cyndaquil, L5, F|21\/21
|turn|14
|choice|move eruption|move doubleslap
|
|move|p1a: Cyndaquil|Eruption|p2a: MÃO NA BUNDA
|-damage|p2a: MÃO NA BUNDA|0 fnt
|faint|p2a: MÃO NA BUNDA
|
|choice||switch 4
|
|switch|p2a: PIRANHA|Carvanha, L5, F|19\/19
|turn|15
|choice|switch 4|move waterfall
|
|switch|p1a: Cottonee|Cottonee, L5, F, shiny|22\/22
|move|p2a: PIRANHA|Waterfall|p1a: Cottonee
|-resisted|p1a: Cottonee
|-damage|p1a: Cottonee|18\/22
|-damage|p2a: PIRANHA|18\/19|[from] item: Life Orb
|
|-ability|p2a: PIRANHA|Speed Boost|boost
|-boost|p2a: PIRANHA|spe|1
|turn|16
|choice|move stunspore|move protect
|
|move|p2a: PIRANHA|Protect|p2a: PIRANHA
|-singleturn|p2a: PIRANHA|Protect
|move|p1a: Cottonee|Stun Spore|p2a: PIRANHA
|-activate|p2a: PIRANHA|move: Protect
|
|-ability|p2a: PIRANHA|Speed Boost|boost
|-boost|p2a: PIRANHA|spe|1
|turn|17
|choice|move encore|move crunch
|
|move|p1a: Cottonee|Encore|p2a: PIRANHA
|-start|p2a: PIRANHA|Encore
|move|p2a: PIRANHA|Protect|p2a: PIRANHA
|-fail|p2a: PIRANHA
|
|-ability|p2a: PIRANHA|Speed Boost|boost
|-boost|p2a: PIRANHA|spe|1
|turn|18
|choice|move stunspore|move protect
|
|move|p2a: PIRANHA|Protect|p2a: PIRANHA
|-singleturn|p2a: PIRANHA|Protect
|move|p1a: Cottonee|Stun Spore|p2a: PIRANHA
|-activate|p2a: PIRANHA|move: Protect
|
|-ability|p2a: PIRANHA|Speed Boost|boost
|-boost|p2a: PIRANHA|spe|1
|turn|19
|choice|move stunspore|switch 5
|
|switch|p2a: CEREBRO|Magby, L5, M|21\/21
|move|p1a: Cottonee|Stun Spore|p2a: CEREBRO
|-status|p2a: CEREBRO|par
|
|turn|20
|choice|switch 4|move flamecharge
|
|switch|p1a: Cyndaquil|Cyndaquil, L5, F|21\/21
|move|p2a: CEREBRO|Flame Charge|p1a: Cyndaquil
|-start|p1a: Cyndaquil|ability: Flash Fire
|
|turn|21
|choice|move extrasensory|switch 5
|
|switch|p2a: PIRANHA|Carvanha, L5, F|18\/19
|move|p1a: Cyndaquil|Extrasensory|p2a: PIRANHA
|-immune|p2a: PIRANHA|[msg]
|
|turn|22
|choice|switch 4|move waterfall
|
|-end|p1a: Cyndaquil|ability: Flash Fire|[silent]
|switch|p1a: Cottonee|Cottonee, L5, F, shiny|18\/22
|move|p2a: PIRANHA|Waterfall|p1a: Cottonee
|-resisted|p1a: Cottonee
|-damage|p1a: Cottonee|14\/22
|-damage|p2a: PIRANHA|17\/19|[from] item: Life Orb
|
|-ability|p2a: PIRANHA|Speed Boost|boost
|-boost|p2a: PIRANHA|spe|1
|turn|23
|choice|move dazzlinggleam|move zenheadbutt
|
|move|p2a: PIRANHA|Zen Headbutt|p1a: Cottonee|[miss]
|-miss|p2a: PIRANHA|p1a: Cottonee
|move|p1a: Cottonee|Dazzling Gleam|p2a: PIRANHA
|-supereffective|p2a: PIRANHA
|-damage|p2a: PIRANHA|0 fnt
|faint|p2a: PIRANHA
|
|choice||switch 2
|
|switch|p2a: NAVALHA|Snivy, L5, F|21\/21
|turn|24
|choice|move stunspore|move leafstorm
|
|move|p1a: Cottonee|Stun Spore|p2a: NAVALHA
|-immune|p2a: NAVALHA|[msg]
|move|p2a: NAVALHA|Leaf Storm|p1a: Cottonee
|-resisted|p1a: Cottonee
|-damage|p1a: Cottonee|9\/22
|-boost|p2a: NAVALHA|spa|2
|
|turn|25
|choice|move knockoff|move leafstorm
|
|move|p2a: NAVALHA|Leaf Storm|p1a: Cottonee
|-resisted|p1a: Cottonee
|-damage|p1a: Cottonee|0 fnt
|-boost|p2a: NAVALHA|spa|2
|faint|p1a: Cottonee
|
|choice|switch 4|
|
|switch|p1a: Cyndaquil|Cyndaquil, L5, F|21\/21
|turn|26
|choice|move eruption|move leafstorm
|
|move|p2a: NAVALHA|Leaf Storm|p1a: Cyndaquil
|-resisted|p1a: Cyndaquil
|-damage|p1a: Cyndaquil|0 fnt
|-boost|p2a: NAVALHA|spa|2
|faint|p1a: Cyndaquil
|
|choice|switch 5|
|
|switch|p1a: Carvanha|Carvanha, L5, M|21\/21
|turn|27
|choice|move protect|move leafstorm
|
|move|p1a: Carvanha|Protect|p1a: Carvanha
|-singleturn|p1a: Carvanha|Protect
|move|p2a: NAVALHA|Leaf Storm|p1a: Carvanha
|-activate|p1a: Carvanha|move: Protect
|
|-ability|p1a: Carvanha|Speed Boost|boost
|-boost|p1a: Carvanha|spe|1
|turn|28
|choice|move bounce|move leafstorm
|
|move|p2a: NAVALHA|Leaf Storm|p1a: Carvanha
|-supereffective|p1a: Carvanha
|-damage|p1a: Carvanha|0 fnt
|faint|p1a: Carvanha
|
|win|lucasraulino14
|player|p1
|player|p2</script>
</div>
<div class="battle-log battle-log-inline"><div class="inner"><div class="battle-options"></div><div class="inner"><div class="chat"><small>Niatar joined.</small></div><div class="chat"><small>lucasraulino14 joined.</small></div><div class=""><small>Format:</small> <br><strong>LC</strong></div><div class="rated"><strong>Rated battle</strong></div><div class=""><small><em>Sleep Clause Mod:</em> Limit one foe put to sleep</small></div><div class=""><small><em>Species Clause:</em> Limit one of each Pokémon</small></div><div class=""><small><em>OHKO Clause:</em> OHKO moves are banned</small></div><div class=""><small><em>Moody Clause:</em> Moody is banned</small></div><div class=""><small><em>Evasion Moves Clause:</em> Evasion moves are banned</small></div><div class=""><small><em>Endless Battle Clause:</em> Forcing endless battles is banned</small></div><div class=""><small><em>HP Percentage Mod:</em> HP is shown in percentages</small></div><div class="chat battle-history"><strong>Niatar's team:</strong> <em style="color:#445566;display:block;">Magby / Bulbasaur / Cyndaquil / Cottonee / Carvanha / Frillish</em></div><div class="chat battle-history"><strong>lucasraulino14's team:</strong> <em style="color:#445566;display:block;">Aipom / Snivy / Gothita / Carvanha / Magby / Elekid</em></div><div class="spacer battle-history"><br></div><div class="battle-history">Battle started between Niatar and lucasraulino14!<br></div><div class="spacer battle-history"><br></div><div class="battle-history">Go! <strong>Frillish</strong>!<br></div><div class="spacer battle-history"><br></div><div class="battle-history">lucasraulino14 sent out PUTINHA (<strong>Gothita</strong>)!<br></div><div class="spacer battle-history"><br></div><h2 class="battle-history">Turn 1</h2><div class="spacer battle-history"><br></div><div class="battle-history">Frillish used <strong>Will-O-Wisp</strong>!<br></div><div class="battle-history"><small>The opposing PUTINHA was burned!</small><br></div><div class="spacer battle-history"><br></div><div class="battle-history">The opposing PUTINHA used <strong>Trick Room</strong>!<br></div><div class="battle-history"><small>The opposing PUTINHA twisted the dimensions!</small><br></div><div class="spacer battle-history"><br></div><div class="battle-history"><small>The opposing PUTINHA was hurt by its burn!</small><br></div><div class="spacer battle-history"><br></div><h2 class="battle-history">Turn 2</h2><div class="spacer battle-history"><br></div><div class="battle-history">The opposing PUTINHA used <strong>Energy Ball</strong>!<br></div><div class="battle-history"><small>It's super effective!</small><br></div><div class="battle-history"><small>(Frillish lost <abbr title="−10/25">40%</abbr> of its health!)</small><br></div><div class="battle-history"><small>[Frillish's Cursed Body]</small><br><small>The opposing PUTINHA's Energy Ball was disabled!</small><br></div><div class="spacer battle-history"><br></div><div class="battle-history">Frillish used <strong>Scald</strong>!<br></div><div class="battle-history"><small>(The opposing PUTINHA lost <abbr title="−9/21">42.9%</abbr> of its health!)</small><br></div><div class="spacer battle-history"><br></div><div class="battle-history"><small>The opposing PUTINHA was hurt by its burn!</small><br></div><div class="spacer battle-history"><br></div><h2 class="battle-history">Turn 3</h2><div class="spacer battle-history"><br></div><div class="battle-history">The opposing PUTINHA used <strong>Thunderbolt</strong>!<br></div><div class="battle-history"><small>It's super effective!</small><br></div><div class="battle-history"><small>(Frillish lost <abbr title="−10/25">40%</abbr> of its health!)</small><br></div><div class="spacer battle-history"><br></div><div class="battle-history">Frillish used <strong>Recover</strong>!<br></div><div class="battle-history"><small>Frillish restored its HP.</small><br></div><div class="spacer battle-history"><br></div><div class="battle-history"><small>The opposing PUTINHA was hurt by its burn!</small><br></div><div class="spacer battle-history"><br></div><h2 class="battle-history">Turn 4</h2><div class="spacer battle-history"><br></div><div class="battle-history">The opposing PUTINHA used <strong>Thunderbolt</strong>!<br></div><div class="battle-history"><small>It's super effective!</small><br></div><div class="battle-history"><small>(Frillish lost <abbr title="−10/25">40%</abbr> of its health!)</small><br></div><div class="spacer battle-history"><br></div><div class="battle-history">Frillish used <strong>Recover</strong>!<br></div><div class="battle-history"><small>Frillish restored its HP.</small><br></div><div class="spacer battle-history"><br></div><div class="battle-history"><small>The opposing PUTINHA was hurt by its burn!</small><br></div><div class="spacer battle-history"><br></div><h2 class="battle-history">Turn 5</h2><div class="spacer battle-history"><br></div><div class="battle-history">The opposing PUTINHA used <strong>Thunderbolt</strong>!<br></div><div class="battle-history"><small>It's super effective!</small><br></div><div class="battle-history"><small>(Frillish lost <abbr title="−10/25">40%</abbr> of its health!)</small><br></div><div class="spacer battle-history"><br></div><div class="battle-history">Frillish used <strong>Recover</strong>!<br></div><div class="battle-history"><small>Frillish restored its HP.</small><br></div><div class="spacer battle-history"><br></div><div class="battle-history"><small>The opposing PUTINHA was hurt by its burn!</small><br></div><div class="battle-history"><small>The twisted dimensions returned to normal!</small><br></div><div class="spacer battle-history"><br></div><h2 class="battle-history">Turn 6</h2><div class="spacer battle-history"><br></div><div class="battle-history">Frillish used <strong>Recover</strong>!<br></div><div class="battle-history"><small>Frillish restored its HP.</small><br></div><div class="spacer battle-history"><br></div><div class="battle-history">The opposing PUTINHA used <strong>Thunderbolt</strong>!<br></div><div class="battle-history"><small>It's super effective!</small><br></div><div class="battle-history"><small>(Frillish lost <abbr title="−10/25">40%</abbr> of its health!)</small><br></div><div class="spacer battle-history"><br></div><div class="battle-history"><small>The opposing PUTINHA was hurt by its burn!</small><br></div><div class="spacer battle-history"><br></div><div class="battle-history">The opposing PUTINHA fainted!<br></div><div class="spacer battle-history"><br></div><div class="battle-history">lucasraulino14 sent out ELEKID BENGALA (<strong>Elekid</strong>)!<br></div><div class="spacer battle-history"><br></div><h2 class="battle-history">Turn 7</h2><div class="spacer battle-history"><br></div><div class="battle-history">Frillish, come back!<br></div><div class="battle-history">Go! <strong>Bulbasaur</strong>!<br></div><div class="spacer battle-history"><br></div><div class="battle-history">The opposing ELEKID BENGALA used <strong>Thunder Punch</strong>!<br></div><div class="battle-history"><small>It's not very effective...</small><br></div><div class="battle-history"><small>(Bulbasaur lost <abbr title="−8/21">38.1%</abbr> of its health!)</small><br></div><div class="battle-history"><small>The opposing ELEKID BENGALA lost some of its HP!</small><br></div><div class="spacer battle-history"><br></div><h2 class="battle-history">Turn 8</h2><div class="spacer battle-history"><br></div><div class="battle-history">The opposing ELEKID BENGALA used <strong>Ice Punch</strong>!<br></div><div class="battle-history"><small>It's super effective!</small><br></div><div class="battle-history"><small>(Bulbasaur lost <abbr title="−13/21">61.9%</abbr> of its health!)</small><br></div><div class="battle-history"><small>The opposing ELEKID BENGALA lost some of its HP!</small><br></div><div class="spacer battle-history"><br></div><div class="battle-history">Bulbasaur fainted!<br></div><div class="spacer battle-history"><br></div><div class="battle-history">Go! <strong>Magby</strong>!<br></div><div class="spacer battle-history"><br></div><h2 class="battle-history">Turn 9</h2><div class="spacer battle-history"><br></div><div class="battle-history">Magby used <strong>Belly Drum</strong>!<br></div><div class="battle-history"><small>(Magby lost <abbr title="−11/22">50%</abbr> of its health!)</small><br></div><div class="battle-history"><small>Magby cut its own HP and maximized its Attack!</small><br></div><div class="battle-history"><small>(Magby used its Berry Juice!)</small><br></div><div class="battle-history"><small>Magby restored HP using its Berry Juice!</small><br></div><div class="spacer battle-history"><br></div><div class="battle-history">The opposing ELEKID BENGALA used <strong>Dual Chop</strong>!<br></div><div class="battle-history"><small>(Magby lost <abbr title="−6/22">27.3%</abbr> of its health!)</small><br></div><div class="battle-history"><small>(Magby lost <abbr title="−8/22">36.4%</abbr> of its health!)</small><br></div><div class="battle-history"><small>Hit 2 times!</small><br></div><div class="battle-history"><small>The opposing ELEKID BENGALA lost some of its HP!</small><br></div><div class="spacer battle-history"><br></div><h2 class="battle-history">Turn 10</h2><div class="spacer battle-history"><br></div><div class="battle-history">Magby used <strong>Mach Punch</strong>!<br></div><div class="battle-history"><small>(The opposing ELEKID BENGALA lost <abbr title="−14/20">70%</abbr> of its health!)</small><br></div><div class="spacer battle-history"><br></div><div class="battle-history">The opposing ELEKID BENGALA fainted!<br></div><div class="spacer battle-history"><br></div><div class="battle-history">lucasraulino14 sent out MÃO NA BUNDA (<strong>Aipom</strong>)!<br></div><div class="spacer battle-history"><br></div><h2 class="battle-history">Turn 11</h2><div class="spacer battle-history"><br></div><div class="battle-history">The opposing MÃO NA BUNDA used <strong>Fake Out</strong>!<br></div><div class="battle-history"><small>(Magby lost <abbr title="−8/22">36.4%</abbr> of its health!)</small><br></div><div class="spacer battle-history"><br></div><div class="battle-history">Magby fainted!<br></div><div class="spacer battle-history"><br></div><div class="battle-history">Go! <strong>Frillish</strong>!<br></div><div class="spacer battle-history"><br></div><h2 class="battle-history">Turn 12</h2><div class="spacer battle-history"><br></div><div class="battle-history">The opposing MÃO NA BUNDA used <strong>Shadow Claw</strong>!<br></div><div class="battle-history"><small>It's super effective!</small><br></div><div class="battle-history"><small>(Frillish lost <abbr title="−12/25">48%</abbr> of its health!)</small><br></div><div class="spacer battle-history"><br></div><div class="battle-history">Frillish used <strong>Will-O-Wisp</strong>!<br></div><div class="battle-history"><small>The opposing MÃO NA BUNDA was burned!</small><br></div><div class="spacer battle-history"><br></div><div class="battle-history"><small>The opposing MÃO NA BUNDA was hurt by its burn!</small><br></div><div class="spacer battle-history"><br></div><h2 class="battle-history">Turn 13</h2><div class="spacer battle-history"><br></div><div class="battle-history">The opposing MÃO NA BUNDA used <strong>Shadow Claw</strong>!<br></div><div class="battle-history"><small>It's super effective!</small><br></div><div class="battle-history"><small>(Frillish lost <abbr title="−3/25">12%</abbr> of its health!)</small><br></div><div class="spacer battle-history"><br></div><div class="battle-history">Frillish fainted!<br></div><div class="spacer battle-history"><br></div><div class="battle-history"><small>The opposing MÃO NA BUNDA was hurt by its burn!</small><br></div><div class="spacer battle-history"><br></div><div class="battle-history">Go! <strong>Cyndaquil</strong>!<br></div><div class="spacer battle-history"><br></div><h2 class="battle-history">Turn 14</h2><div class="spacer battle-history"><br></div><div class="battle-history">Cyndaquil used <strong>Eruption</strong>!<br></div><div class="battle-history"><small>(The opposing MÃO NA BUNDA lost <abbr title="−18/22">81.8%</abbr> of its health!)</small><br></div><div class="spacer battle-history"><br></div><div class="battle-history">The opposing MÃO NA BUNDA fainted!<br></div><div class="spacer battle-history"><br></div><div class="battle-history">lucasraulino14 sent out PIRANHA (<strong>Carvanha</strong>)!<br></div><div class="spacer battle-history"><br></div><h2 class="battle-history">Turn 15</h2><div class="spacer battle-history"><br></div><div class="battle-history">Cyndaquil, come back!<br></div><div class="battle-history">Go! <strong>Cottonee</strong>!<br></div><div class="spacer battle-history"><br></div><div class="battle-history">The opposing PIRANHA used <strong>Waterfall</strong>!<br></div><div class="battle-history"><small>It's not very effective...</small><br></div><div class="battle-history"><small>(Cottonee lost <abbr title="−4/22">18.2%</abbr> of its health!)</small><br></div><div class="battle-history"><small>The opposing PIRANHA lost some of its HP!</small><br></div><div class="spacer battle-history"><br></div><div class="battle-history"><small>[The opposing PIRANHA's Speed Boost]</small><br></div><div class="battle-history"><small>The opposing PIRANHA's Speed rose!</small><br></div><div class="spacer battle-history"><br></div><h2 class="battle-history">Turn 16</h2><div class="spacer battle-history"><br></div><div class="battle-history">The opposing PIRANHA used <strong>Protect</strong>!<br></div><div class="battle-history"><small>The opposing PIRANHA protected itself!</small><br></div><div class="spacer battle-history"><br></div><div class="battle-history">Cottonee used <strong>Stun Spore</strong>!<br></div><div class="battle-history"><small>The opposing PIRANHA protected itself!</small><br></div><div class="spacer battle-history"><br></div><div class="battle-history"><small>[The opposing PIRANHA's Speed Boost]</small><br></div><div class="battle-history"><small>The opposing PIRANHA's Speed rose!</small><br></div><div class="spacer battle-history"><br></div><h2 class="battle-history">Turn 17</h2><div class="spacer battle-history"><br></div><div class="battle-history">Cottonee used <strong>Encore</strong>!<br></div><div class="battle-history"><small>The opposing PIRANHA received an encore!</small><br></div><div class="spacer battle-history"><br></div><div class="battle-history">The opposing PIRANHA used <strong>Protect</strong>!<br></div><div class="battle-history"><small>But it failed!</small><br></div><div class="spacer battle-history"><br></div><div class="battle-history"><small>[The opposing PIRANHA's Speed Boost]</small><br></div><div class="battle-history"><small>The opposing PIRANHA's Speed rose!</small><br></div><div class="spacer battle-history"><br></div><h2 class="battle-history">Turn 18</h2><div class="spacer battle-history"><br></div><div class="battle-history">The opposing PIRANHA used <strong>Protect</strong>!<br></div><div class="battle-history"><small>The opposing PIRANHA protected itself!</small><br></div><div class="spacer battle-history"><br></div><div class="battle-history">Cottonee used <strong>Stun Spore</strong>!<br></div><div class="battle-history"><small>The opposing PIRANHA protected itself!</small><br></div><div class="spacer battle-history"><br></div><div class="battle-history"><small>[The opposing PIRANHA's Speed Boost]</small><br></div><div class="battle-history"><small>The opposing PIRANHA's Speed rose!</small><br></div><div class="spacer battle-history"><br></div><h2 class="battle-history">Turn 19</h2><div class="spacer battle-history"><br></div><div class="battle-history">lucasraulino14 withdrew PIRANHA!<br></div><div class="battle-history">lucasraulino14 sent out CEREBRO (<strong>Magby</strong>)!<br></div><div class="spacer battle-history"><br></div><div class="battle-history">Cottonee used <strong>Stun Spore</strong>!<br></div><div class="battle-history"><small>The opposing CEREBRO is paralyzed! It may be unable to move!</small><br></div><div class="spacer battle-history"><br></div><h2 class="battle-history">Turn 20</h2><div class="spacer battle-history"><br></div><div class="battle-history">Cottonee, come back!<br></div><div class="battle-history">Go! <strong>Cyndaquil</strong>!<br></div><div class="spacer battle-history"><br></div><div class="battle-history">The opposing CEREBRO used <strong>Flame Charge</strong>!<br></div><div class="battle-history"><small>[Cyndaquil's Flash Fire]</small><br><small>The power of Cyndaquil's Fire-type moves rose!</small><br></div><div class="spacer battle-history"><br></div><h2 class="battle-history">Turn 21</h2><div class="spacer battle-history"><br></div><div class="battle-history">lucasraulino14 withdrew CEREBRO!<br></div><div class="battle-history">lucasraulino14 sent out PIRANHA (<strong>Carvanha</strong>)!<br></div><div class="spacer battle-history"><br></div><div class="battle-history">Cyndaquil used <strong>Extrasensory</strong>!<br></div><div class="battle-history"><small>It doesn't affect the opposing PIRANHA...</small><br></div><div class="spacer battle-history"><br></div><h2 class="battle-history">Turn 22</h2><div class="spacer battle-history"><br></div><div class="battle-history">Cyndaquil, come back!<br></div><div class="battle-history">Go! <strong>Cottonee</strong>!<br></div><div class="spacer battle-history"><br></div><div class="battle-history">The opposing PIRANHA used <strong>Waterfall</strong>!<br></div><div class="battle-history"><small>It's not very effective...</small><br></div><div class="battle-history"><small>(Cottonee lost <abbr title="−4/22">18.2%</abbr> of its health!)</small><br></div><div class="battle-history"><small>The opposing PIRANHA lost some of its HP!</small><br></div><div class="spacer battle-history"><br></div><div class="battle-history"><small>[The opposing PIRANHA's Speed Boost]</small><br></div><div class="battle-history"><small>The opposing PIRANHA's Speed rose!</small><br></div><div class="spacer battle-history"><br></div><h2 class="battle-history">Turn 23</h2><div class="spacer battle-history"><br></div><div class="battle-history">The opposing PIRANHA used <strong>Zen Headbutt</strong>!<br></div><div class="battle-history"><small>Cottonee avoided the attack!</small><br></div><div class="spacer battle-history"><br></div><div class="battle-history">Cottonee used <strong>Dazzling Gleam</strong>!<br></div><div class="battle-history"><small>It's super effective!</small><br></div><div class="battle-history"><small>(The opposing PIRANHA lost <abbr title="−17/19">89.5%</abbr> of its health!)</small><br></div><div class="spacer battle-history"><br></div><div class="battle-history">The opposing PIRANHA fainted!<br></div><div class="spacer battle-history"><br></div><div class="battle-history">lucasraulino14 sent out NAVALHA (<strong>Snivy</strong>)!<br></div><div class="spacer battle-history"><br></div><h2 class="battle-history">Turn 24</h2><div class="spacer battle-history"><br></div><div class="battle-history">Cottonee used <strong>Stun Spore</strong>!<br></div><div class="battle-history"><small>It doesn't affect the opposing NAVALHA...</small><br></div><div class="spacer battle-history"><br></div><div class="battle-history">The opposing NAVALHA used <strong>Leaf Storm</strong>!<br></div><div class="battle-history"><small>It's not very effective...</small><br></div><div class="battle-history"><small>(Cottonee lost <abbr title="−5/22">22.7%</abbr> of its health!)</small><br></div><div class="battle-history"><small>The opposing NAVALHA's Special Attack rose sharply!</small><br></div><div class="spacer battle-history"><br></div><h2 class="battle-history">Turn 25</h2><div class="spacer battle-history"><br></div><div class="battle-history">The opposing NAVALHA used <strong>Leaf Storm</strong>!<br></div><div class="battle-history"><small>It's not very effective...</small><br></div><div class="battle-history"><small>(Cottonee lost <abbr title="−9/22">40.9%</abbr> of its health!)</small><br></div><div class="battle-history"><small>The opposing NAVALHA's Special Attack rose sharply!</small><br></div><div class="spacer battle-history"><br></div><div class="battle-history">Cottonee fainted!<br></div><div class="spacer battle-history"><br></div><div class="battle-history">Go! <strong>Cyndaquil</strong>!<br></div><div class="spacer battle-history"><br></div><h2 class="battle-history">Turn 26</h2><div class="spacer battle-history"><br></div><div class="battle-history">The opposing NAVALHA used <strong>Leaf Storm</strong>!<br></div><div class="battle-history"><small>It's not very effective...</small><br></div><div class="battle-history"><small>(Cyndaquil lost <abbr title="−21/21">100%</abbr> of its health!)</small><br></div><div class="battle-history"><small>The opposing NAVALHA's Special Attack rose sharply!</small><br></div><div class="spacer battle-history"><br></div><div class="battle-history">Cyndaquil fainted!<br></div><div class="spacer battle-history"><br></div><div class="battle-history">Go! <strong>Carvanha</strong>!<br></div><div class="spacer battle-history"><br></div><h2 class="battle-history">Turn 27</h2><div class="spacer battle-history"><br></div><div class="battle-history">Carvanha used <strong>Protect</strong>!<br></div><div class="battle-history"><small>Carvanha protected itself!</small><br></div><div class="spacer battle-history"><br></div><div class="battle-history">The opposing NAVALHA used <strong>Leaf Storm</strong>!<br></div><div class="battle-history"><small>Carvanha protected itself!</small><br></div><div class="spacer battle-history"><br></div><div class="battle-history"><small>[Carvanha's Speed Boost]</small><br></div><div class="battle-history"><small>Carvanha's Speed rose!</small><br></div><div class="spacer battle-history"><br></div><h2 class="battle-history">Turn 28</h2><div class="spacer battle-history"><br></div><div class="battle-history">The opposing NAVALHA used <strong>Leaf Storm</strong>!<br></div><div class="battle-history"><small>It's super effective!</small><br></div><div class="battle-history"><small>(Carvanha lost <abbr title="−21/21">100%</abbr> of its health!)</small><br></div><div class="spacer battle-history"><br></div><div class="battle-history">Carvanha fainted!<br></div><div class="spacer battle-history"><br></div><div class="battle-history"><strong>lucasraulino14</strong> won the battle!<br></div></div><div class="inner-preempt"></div></div></div>
</div>
<script>
let daily = Math.floor(Date.now()/1000/60/60/24);document.write('<script src="https://play.pokemonshowdown.com/js/replay-embed.js?version'+daily+'"></'+'script>');
</script>
