<!DOCTYPE html>
<meta charset="utf-8" />
<!-- version 1 -->
<title>LC replay: BaumSchaf vs. A-TexGamer</title>
<style>
html,body {font-family:Verdana, sans-serif;font-size:10pt;margin:0;padding:0;}body{padding:12px 0;} .battle-log {font-family:Verdana, sans-serif;font-size:10pt;} .battle-log-inline {border:1px solid #AAAAAA;background:#EEF2F5;color:black;max-width:640px;margin:0 auto 80px;padding-bottom:5px;} .battle-log .inner {padding:4px 8px 0px 8px;} .battle-log .inner-preempt {padding:0 8px 4px 8px;} .battle-log .inner-after {margin-top:0.5em;} .battle-log h2 {margin:0.5em -8px;padding:4px 8px;border:1px solid #AAAAAA;background:#E0E7EA;border-left:0;border-right:0;font-family:Verdana, sans-serif;font-size:13pt;} .battle-log .chat {vertical-align:middle;padding:3px 0 3px 0;font-size:8pt;} .battle-log .chat strong {color:#40576A;} .battle-log .chat em {padding:1px 4px 1px 3px;color:#000000;font-style:normal;} .chat.mine {background:rgba(0,0,0,0.05);margin-left:-8px;margin-right:-8px;padding-left:8px;padding-right:8px;} .spoiler {color:#BBBBBB;background:#BBBBBB;padding:0px 3px;} .spoiler:hover, .spoiler:active, .spoiler-shown {color:#000000;background:#E2E2E2;padding:0px 3px;} .spoiler a {color:#BBBBBB;} .spoiler:hover a, .spoiler:active a, .spoiler-shown a {color:#2288CC;} .chat code, .chat .spoiler:hover code, .chat .spoiler:active code, .chat .spoiler-shown code {border:1px solid #C0C0C0;background:#EEEEEE;color:black;padding:0 2px;} .chat .spoiler code {border:1px solid #CCCCCC;background:#CCCCCC;color:#CCCCCC;} .battle-log .rated {padding:3px 4px;} .battle-log .rated strong {color:white;background:#89A;padding:1px 4px;border-radius:4px;} .spacer {margin-top:0.5em;} .message-announce {background:#6688AA;color:white;padding:1px 4px 2px;} .message-announce a, .broadcast-green a, .broadcast-blue a, .broadcast-red a {color:#DDEEFF;} .broadcast-green {background-color:#559955;color:white;padding:2px 4px;} .broadcast-blue {background-color:#6688AA;color:white;padding:2px 4px;} .infobox {border:1px solid #6688AA;padding:2px 4px;} .infobox-limited {max-height:200px;overflow:auto;overflow-x:hidden;} .broadcast-red {background-color:#AA5544;color:white;padding:2px 4px;} .message-learn-canlearn {font-weight:bold;color:#228822;text-decoration:underline;} .message-learn-cannotlearn {font-weight:bold;color:#CC2222;text-decoration:underline;} .message-effect-weak {font-weight:bold;color:#CC2222;} .message-effect-resist {font-weight:bold;color:#6688AA;} .message-effect-immune {font-weight:bold;color:#666666;} .message-learn-list {margin-top:0;margin-bottom:0;} .message-throttle-notice, .message-error {color:#992222;} .message-overflow, .chat small.message-overflow {font-size:0pt;} .message-overflow::before {font-size:9pt;content:'...';} .subtle {color:#3A4A66;}
</style>
<div class="wrapper replay-wrapper" style="max-width:1180px;margin:0 auto">
<input type="hidden" name="replayid" value="lc-554649828" />
<div class="battle"></div><div class="battle-log"></div><div class="replay-controls"></div><div class="replay-controls-2"></div>
<h1 style="font-weight:normal;text-align:center"><strong>LC</strong><br /><a href="http://pokemonshowdown.com/users/baumschaf" class="subtle" target="_blank">BaumSchaf</a> vs. <a href="http://pokemonshowdown.com/users/atexgamer" class="subtle" target="_blank">A-TexGamer</a></h1>
<script type="text/plain" class="battle-log-data">|j|BaumSchaf
|j|A-TexGamer
|player|p1|BaumSchaf|59
|player|p2|A-TexGamer|266
|gametype|singles
|gen|6
|tier|LC
|rated
|seed|13257,9757,44598,61440
|clearpoke
|poke|p1|Porygon, L5|item
|poke|p1|Drowzee, L5, M|item
|poke|p1|Chikorita, L5, M|item
|poke|p1|Zorua, L5, F|
|poke|p1|Honedge, L5, F|item
|poke|p1|Onix, L5, F|item
|poke|p2|Mienfoo, L5, F|item
|poke|p2|Torchic, L5, F|item
|poke|p2|Ferroseed, L5, F|item
|poke|p2|Magnemite, L5|item
|poke|p2|Staryu, L5|item
|poke|p2|Fletchling, L5, M|item
|rule|Sleep Clause Mod: Limit one foe put to sleep
|rule|Species Clause: Limit one of each Pokémon
|rule|OHKO Clause: OHKO moves are banned
|rule|Moody Clause: Moody is banned
|rule|Evasion Moves Clause: Evasion moves are banned
|rule|Endless Battle Clause: Forcing endless battles is banned
|rule|HP Percentage Mod: HP is shown in percentages
|teampreview
|choice|team 2, team 5, team 4, team 6, team 1, team 3|team 3, team 2, team 1, team 4, team 5, team 6
|
|start
|switch|p1a: Drowzee|Drowzee, L5, M|22\/22
|switch|p2a: Ferroseed|Ferroseed, L5, F|22\/22
|turn|1
|choice|move brickbreak|move stealthrock
|
|move|p1a: Drowzee|Brick Break|p2a: Ferroseed
|-supereffective|p2a: Ferroseed
|-damage|p2a: Ferroseed|16\/22
|-damage|p1a: Drowzee|20\/22|[from] ability: Iron Barbs|[of] p2a: Ferroseed
|move|p2a: Ferroseed|Stealth Rock|p1a: Drowzee
|-sidestart|p1: BaumSchaf|move: Stealth Rock
|
|upkeep
|turn|2
|choice|move brickbreak|move thunderwave
|
|move|p1a: Drowzee|Brick Break|p2a: Ferroseed
|-supereffective|p2a: Ferroseed
|-damage|p2a: Ferroseed|10\/22
|-damage|p1a: Drowzee|18\/22|[from] ability: Iron Barbs|[of] p2a: Ferroseed
|move|p2a: Ferroseed|Thunder Wave|p1a: Drowzee
|-status|p1a: Drowzee|par
|
|upkeep
|turn|3
|choice|move shadowball|move leechseed
|
|move|p2a: Ferroseed|Leech Seed|p1a: Drowzee
|-start|p1a: Drowzee|move: Leech Seed
|move|p1a: Drowzee|Shadow Ball|p2a: Ferroseed
|-damage|p2a: Ferroseed|7\/22
|-unboost|p2a: Ferroseed|spd|1
|
|-damage|p1a: Drowzee|16\/22 par|[from] Leech Seed|[of] p2a: Ferroseed
|-heal|p2a: Ferroseed|9\/22|[silent]
|upkeep
|turn|4
|choice|move shadowball|move bulletseed
|
|move|p2a: Ferroseed|Bullet Seed|p1a: Drowzee
|-damage|p1a: Drowzee|12\/22 par
|-damage|p1a: Drowzee|8\/22 par
|-damage|p1a: Drowzee|4\/22 par
|-crit|p1a: Drowzee
|-damage|p1a: Drowzee|0 fnt
|-hitcount|p1a: Drowzee|4
|faint|p1a: Drowzee
|
|upkeep
|choice|switch 5|
|
|switch|p1a: Porygon|Porygon, L5|23\/23
|-damage|p1a: Porygon|21\/23|[from] Stealth Rock
|-ability|p1a: Porygon|Iron Barbs|[from] ability: Trace|[of] p2a: Ferroseed
|turn|5
|choice|move thunderbolt|move thunderwave
|
|move|p1a: Porygon|Thunderbolt|p2a: Ferroseed
|-resisted|p2a: Ferroseed
|-damage|p2a: Ferroseed|6\/22
|move|p2a: Ferroseed|Thunder Wave|p1a: Porygon
|-status|p1a: Porygon|par
|
|upkeep
|turn|6
|choice|move thunderbolt|move leechseed
|
|move|p2a: Ferroseed|Leech Seed|p1a: Porygon
|-start|p1a: Porygon|move: Leech Seed
|move|p1a: Porygon|Thunderbolt|p2a: Ferroseed
|-resisted|p2a: Ferroseed
|-damage|p2a: Ferroseed|3\/22
|
|-damage|p1a: Porygon|19\/23 par|[from] Leech Seed|[of] p2a: Ferroseed
|-heal|p2a: Ferroseed|5\/22|[silent]
|upkeep
|turn|7
|choice|move thunderbolt|move bulletseed
|
|move|p2a: Ferroseed|Bullet Seed|p1a: Porygon
|-damage|p1a: Porygon|16\/23 par
|-damage|p1a: Porygon|13\/23 par
|-damage|p1a: Porygon|10\/23 par
|-damage|p1a: Porygon|7\/23 par
|-damage|p1a: Porygon|4\/23 par
|-hitcount|p1a: Porygon|5
|move|p1a: Porygon|Thunderbolt|p2a: Ferroseed
|-resisted|p2a: Ferroseed
|-damage|p2a: Ferroseed|2\/22
|
|-damage|p1a: Porygon|2\/23 par|[from] Leech Seed|[of] p2a: Ferroseed
|-heal|p2a: Ferroseed|4\/22|[silent]
|upkeep
|turn|8
|choice|switch 2|move bulletseed
|
|switch|p1a: Honedge|Honedge, L5, F|21\/21
|-damage|p1a: Honedge|20\/21|[from] Stealth Rock
|move|p2a: Ferroseed|Bullet Seed|p1a: Honedge
|-resisted|p1a: Honedge
|-damage|p1a: Honedge|19\/21
|-resisted|p1a: Honedge
|-damage|p1a: Honedge|18\/21
|-resisted|p1a: Honedge
|-damage|p1a: Honedge|17\/21
|-resisted|p1a: Honedge
|-damage|p1a: Honedge|16\/21
|-resisted|p1a: Honedge
|-damage|p1a: Honedge|15\/21
|-hitcount|p1a: Honedge|5
|
|upkeep
|turn|9
|choice|move sacredsword|move thunderwave
|
|move|p1a: Honedge|Sacred Sword|p2a: Ferroseed
|-supereffective|p2a: Ferroseed
|-damage|p2a: Ferroseed|0 fnt
|-damage|p1a: Honedge|13\/21|[from] ability: Iron Barbs|[of] p2a: Ferroseed
|faint|p2a: Ferroseed
|
|upkeep
|choice||switch 4
|
|switch|p2a: Magnemite|Magnemite, L5|19\/19
|turn|10
|choice|move sacredsword|move voltswitch
|
|move|p2a: Magnemite|Volt Switch|p1a: Honedge
|-damage|p1a: Honedge|0 fnt
|faint|p1a: Honedge
|choice||switch 5
|
|switch|p2a: Staryu|Staryu, L5|20\/20
|
|upkeep
|choice|switch 6|
|
|switch|p1a: Chikorita|Chikorita, L5, M|21\/21
|-damage|p1a: Chikorita|19\/21|[from] Stealth Rock
|turn|11
|choice|move gigadrain|move psychic
|
|move|p2a: Staryu|Psychic|p1a: Chikorita
|-damage|p1a: Chikorita|10\/21
|-unboost|p1a: Chikorita|spd|1
|move|p1a: Chikorita|Giga Drain|p2a: Staryu
|-supereffective|p2a: Staryu
|-damage|p2a: Staryu|6\/20
|-heal|p1a: Chikorita|17\/21|[from] drain|[of] p2a: Staryu
|
|upkeep
|turn|12
|choice|move gigadrain|move recover
|
|move|p2a: Staryu|Recover|p2a: Staryu
|-heal|p2a: Staryu|16\/20
|move|p1a: Chikorita|Giga Drain|p2a: Staryu
|-supereffective|p2a: Staryu
|-damage|p2a: Staryu|2\/20
|-heal|p1a: Chikorita|21\/21|[from] drain|[of] p2a: Staryu
|
|upkeep
|turn|13
|choice|move gigadrain|move psychic
|
|move|p2a: Staryu|Psychic|p1a: Chikorita
|-damage|p1a: Chikorita|6\/21
|move|p1a: Chikorita|Giga Drain|p2a: Staryu
|-supereffective|p2a: Staryu
|-damage|p2a: Staryu|0 fnt
|-heal|p1a: Chikorita|7\/21|[from] drain|[of] p2a: Staryu
|faint|p2a: Staryu
|
|upkeep
|choice||switch 2
|
|switch|p2a: Torchic|Torchic, L5, F|21\/21
|turn|14
|choice|switch 4|move fireblast
|
|switch|p1a: Onix|Onix, L5, F|20\/20
|-damage|p1a: Onix|19\/20|[from] Stealth Rock
|move|p2a: Torchic|Fire Blast|p1a: Onix|[miss]
|-miss|p2a: Torchic|p1a: Onix
|
|-ability|p2a: Torchic|Speed Boost|boost
|-boost|p2a: Torchic|spe|1
|upkeep
|turn|15
|choice|move earthquake|move hiddenpower
|
|move|p2a: Torchic|Hidden Power|p1a: Onix
|-supereffective|p1a: Onix
|-damage|p1a: Onix|0 fnt
|-damage|p2a: Torchic|19\/21|[from] item: Life Orb
|faint|p1a: Onix
|
|-ability|p2a: Torchic|Speed Boost|boost
|-boost|p2a: Torchic|spe|1
|upkeep
|choice|switch 3|
|
|switch|p1a: Chikorita|Chikorita, L5, M|20\/20
|-damage|p1a: Chikorita|18\/20|[from] Stealth Rock
|turn|16
|choice|move toxic|move fireblast
|
|move|p2a: Torchic|Fire Blast|p1a: Chikorita|[miss]
|-miss|p2a: Torchic|p1a: Chikorita
|move|p1a: Chikorita|Toxic|p2a: Torchic
|-status|p2a: Torchic|tox
|
|-damage|p2a: Torchic|18\/21 tox|[from] psn
|-ability|p2a: Torchic|Speed Boost|boost
|-boost|p2a: Torchic|spe|1
|upkeep
|turn|17
|choice|move hypervoice|move fireblast
|
|move|p2a: Torchic|Fire Blast|p1a: Chikorita
|replace|p1a: Zorua|Zorua, L5, F
|-end|p1a: Zorua|Illusion
|-damage|p1a: Zorua|0 fnt
|-damage|p2a: Torchic|16\/21 tox|[from] item: Life Orb
|faint|p1a: Zorua
|
|-damage|p2a: Torchic|14\/21 tox|[from] psn
|-ability|p2a: Torchic|Speed Boost|boost
|-boost|p2a: Torchic|spe|1
|upkeep
|choice|switch 4|
|
|switch|p1a: Chikorita|Chikorita, L5, M|7\/21
|-damage|p1a: Chikorita|5\/21|[from] Stealth Rock
|turn|18
|choice|move bodyslam|move fireblast
|
|move|p2a: Torchic|Fire Blast|p1a: Chikorita
|-supereffective|p1a: Chikorita
|-damage|p1a: Chikorita|0 fnt
|-damage|p2a: Torchic|12\/21 tox|[from] item: Life Orb
|faint|p1a: Chikorita
|
|-damage|p2a: Torchic|9\/21 tox|[from] psn
|-ability|p2a: Torchic|Speed Boost|boost
|-boost|p2a: Torchic|spe|1
|upkeep
|choice|switch 2|
|
|switch|p1a: Porygon|Porygon, L5|2\/23 par
|-damage|p1a: Porygon|0 fnt|[from] Stealth Rock
|faint|p1a: Porygon
|
|win|A-TexGamer
|raw|BaumSchaf's rating: 1000 &rarr; <strong>1000<\/strong><br \/>(+0 for losing)
|raw|A-TexGamer's rating: 1000 &rarr; <strong>1040<\/strong><br \/>(+40 for winning)
|l|BaumSchaf</script>
</div>
<div class="battle-log battle-log-inline"><div class="inner"><div class="battle-options"></div><div class="inner"><div class="chat"><small>BaumSchaf joined.</small></div><div class="chat"><small>A-TexGamer joined.</small></div><div class=""><small>Format:</small> <br><strong>LC</strong></div><div class="rated"><strong>Rated battle</strong></div><div class=""><small><em>Sleep Clause Mod:</em> Limit one foe put to sleep</small></div><div class=""><small><em>Species Clause:</em> Limit one of each Pokémon</small></div><div class=""><small><em>OHKO Clause:</em> OHKO moves are banned</small></div><div class=""><small><em>Moody Clause:</em> Moody is banned</small></div><div class=""><small><em>Evasion Moves Clause:</em> Evasion moves are banned</small></div><div class=""><small><em>Endless Battle Clause:</em> Forcing endless battles is banned</small></div><div class=""><small><em>HP Percentage Mod:</em> HP is shown in percentages</small></div><div class="chat battle-history"><strong>BaumSchaf's team:</strong> <em style="color:#445566;display:block;">Porygon / Drowzee / Chikorita / Zorua / Honedge / Onix</em></div><div class="chat battle-history"><strong>A-TexGamer's team:</strong> <em style="color:#445566;display:block;">Mienfoo / Torchic / Ferroseed / Magnemite / Staryu / Fletchling</em></div><div class="spacer battle-history"><br></div><div class="battle-history">Battle started between BaumSchaf and A-TexGamer!<br></div><div class="spacer battle-history"><br></div><div class="battle-history">Go! <strong>Drowzee</strong>!<br></div><div class="spacer battle-history"><br></div><div class="battle-history">A-TexGamer sent out <strong>Ferroseed</strong>!<br></div><div class="spacer battle-history"><br></div><h2 class="battle-history">Turn 1</h2><div class="spacer battle-history"><br></div><div class="battle-history">Drowzee used <strong>Brick Break</strong>!<br></div><div class="battle-history"><small>It's super effective!</small><br></div><div class="battle-history"><small>(The opposing Ferroseed lost <abbr title="−6/22">27.3%</abbr> of its health!)</small><br></div><div class="battle-history"><small>[The opposing Ferroseed's Iron Barbs]</small><br><small>Drowzee was hurt!</small><br></div><div class="spacer battle-history"><br></div><div class="battle-history">The opposing Ferroseed used <strong>Stealth Rock</strong>!<br></div><div class="battle-history"><small>Pointed stones float in the air around your team!</small><br></div><div class="spacer battle-history"><br></div><h2 class="battle-history">Turn 2</h2><div class="spacer battle-history"><br></div><div class="battle-history">Drowzee used <strong>Brick Break</strong>!<br></div><div class="battle-history"><small>It's super effective!</small><br></div><div class="battle-history"><small>(The opposing Ferroseed lost <abbr title="−6/22">27.3%</abbr> of its health!)</small><br></div><div class="battle-history"><small>[The opposing Ferroseed's Iron Barbs]</small><br><small>Drowzee was hurt!</small><br></div><div class="spacer battle-history"><br></div><div class="battle-history">The opposing Ferroseed used <strong>Thunder Wave</strong>!<br></div><div class="battle-history"><small>Drowzee is paralyzed! It may be unable to move!</small><br></div><div class="spacer battle-history"><br></div><h2 class="battle-history">Turn 3</h2><div class="spacer battle-history"><br></div><div class="battle-history">The opposing Ferroseed used <strong>Leech Seed</strong>!<br></div><div class="battle-history"><small>Drowzee was seeded!</small><br></div><div class="spacer battle-history"><br></div><div class="battle-history">Drowzee used <strong>Shadow Ball</strong>!<br></div><div class="battle-history"><small>(The opposing Ferroseed lost <abbr title="−3/22">13.6%</abbr> of its health!)</small><br></div><div class="battle-history"><small>The opposing Ferroseed's Special Defense fell!</small><br></div><div class="spacer battle-history"><br></div><div class="battle-history"><small>Drowzee's health is sapped by Leech Seed!</small><br></div><div class="spacer battle-history"><br></div><h2 class="battle-history">Turn 4</h2><div class="spacer battle-history"><br></div><div class="battle-history">The opposing Ferroseed used <strong>Bullet Seed</strong>!<br></div><div class="battle-history"><small>(Drowzee lost <abbr title="−4/22">18.2%</abbr> of its health!)</small><br></div><div class="battle-history"><small>(Drowzee lost <abbr title="−4/22">18.2%</abbr> of its health!)</small><br></div><div class="battle-history"><small>(Drowzee lost <abbr title="−4/22">18.2%</abbr> of its health!)</small><br></div><div class="battle-history"><small>A critical hit!</small><br></div><div class="battle-history"><small>(Drowzee lost <abbr title="−4/22">18.2%</abbr> of its health!)</small><br></div><div class="battle-history"><small>Hit 4 times!</small><br></div><div class="spacer battle-history"><br></div><div class="battle-history">Drowzee fainted!<br></div><div class="spacer battle-history"><br></div><div class="battle-history">Go! <strong>Porygon</strong>!<br></div><div class="battle-history"><small>Pointed stones dug into Porygon!</small><br></div><div class="battle-history"><small>[Porygon's Trace]</small><br><small>[Porygon's Iron Barbs]</small><br><small>Porygon traced the opposing Ferroseed's Iron Barbs!</small><br></div><div class="spacer battle-history"><br></div><h2 class="battle-history">Turn 5</h2><div class="spacer battle-history"><br></div><div class="battle-history">Porygon used <strong>Thunderbolt</strong>!<br></div><div class="battle-history"><small>It's not very effective...</small><br></div><div class="battle-history"><small>(The opposing Ferroseed lost <abbr title="−3/22">13.6%</abbr> of its health!)</small><br></div><div class="spacer battle-history"><br></div><div class="battle-history">The opposing Ferroseed used <strong>Thunder Wave</strong>!<br></div><div class="battle-history"><small>Porygon is paralyzed! It may be unable to move!</small><br></div><div class="spacer battle-history"><br></div><h2 class="battle-history">Turn 6</h2><div class="spacer battle-history"><br></div><div class="battle-history">The opposing Ferroseed used <strong>Leech Seed</strong>!<br></div><div class="battle-history"><small>Porygon was seeded!</small><br></div><div class="spacer battle-history"><br></div><div class="battle-history">Porygon used <strong>Thunderbolt</strong>!<br></div><div class="battle-history"><small>It's not very effective...</small><br></div><div class="battle-history"><small>(The opposing Ferroseed lost <abbr title="−3/22">13.6%</abbr> of its health!)</small><br></div><div class="spacer battle-history"><br></div><div class="battle-history"><small>Porygon's health is sapped by Leech Seed!</small><br></div><div class="spacer battle-history"><br></div><h2 class="battle-history">Turn 7</h2><div class="spacer battle-history"><br></div><div class="battle-history">The opposing Ferroseed used <strong>Bullet Seed</strong>!<br></div><div class="battle-history"><small>(Porygon lost <abbr title="−3/23">13.0%</abbr> of its health!)</small><br></div><div class="battle-history"><small>(Porygon lost <abbr title="−3/23">13.0%</abbr> of its health!)</small><br></div><div class="battle-history"><small>(Porygon lost <abbr title="−3/23">13.0%</abbr> of its health!)</small><br></div><div class="battle-history"><small>(Porygon lost <abbr title="−3/23">13.0%</abbr> of its health!)</small><br></div><div class="battle-history"><small>(Porygon lost <abbr title="−3/23">13.0%</abbr> of its health!)</small><br></div><div class="battle-history"><small>Hit 5 times!</small><br></div><div class="spacer battle-history"><br></div><div class="battle-history">Porygon used <strong>Thunderbolt</strong>!<br></div><div class="battle-history"><small>It's not very effective...</small><br></div><div class="battle-history"><small>(The opposing Ferroseed lost <abbr title="−3/22">13.6%</abbr> of its health!)</small><br></div><div class="spacer battle-history"><br></div><div class="battle-history"><small>Porygon's health is sapped by Leech Seed!</small><br></div><div class="spacer battle-history"><br></div><h2 class="battle-history">Turn 8</h2><div class="spacer battle-history"><br></div><div class="battle-history">Porygon, come back!<br></div><div class="battle-history">Go! <strong>Honedge</strong>!<br></div><div class="battle-history"><small>Pointed stones dug into Honedge!</small><br></div><div class="spacer battle-history"><br></div><div class="battle-history">The opposing Ferroseed used <strong>Bullet Seed</strong>!<br></div><div class="battle-history"><small>It's not very effective...</small><br></div><div class="battle-history"><small>(Honedge lost <abbr title="−1/21">4.8%</abbr> of its health!)</small><br></div><div class="battle-history"><small>It's not very effective...</small><br></div><div class="battle-history"><small>(Honedge lost <abbr title="−1/21">4.8%</abbr> of its health!)</small><br></div><div class="battle-history"><small>It's not very effective...</small><br></div><div class="battle-history"><small>(Honedge lost <abbr title="−1/21">4.8%</abbr> of its health!)</small><br></div><div class="battle-history"><small>It's not very effective...</small><br></div><div class="battle-history"><small>(Honedge lost <abbr title="−1/21">4.8%</abbr> of its health!)</small><br></div><div class="battle-history"><small>It's not very effective...</small><br></div><div class="battle-history"><small>(Honedge lost <abbr title="−1/21">4.8%</abbr> of its health!)</small><br></div><div class="battle-history"><small>Hit 5 times!</small><br></div><div class="spacer battle-history"><br></div><h2 class="battle-history">Turn 9</h2><div class="spacer battle-history"><br></div><div class="battle-history">Honedge used <strong>Sacred Sword</strong>!<br></div><div class="battle-history"><small>It's super effective!</small><br></div><div class="battle-history"><small>(The opposing Ferroseed lost <abbr title="−4/22">18.2%</abbr> of its health!)</small><br></div><div class="battle-history"><small>[The opposing Ferroseed's Iron Barbs]</small><br><small>Honedge was hurt!</small><br></div><div class="spacer battle-history"><br></div><div class="battle-history">The opposing Ferroseed fainted!<br></div><div class="spacer battle-history"><br></div><div class="battle-history">A-TexGamer sent out <strong>Magnemite</strong>!<br></div><div class="spacer battle-history"><br></div><h2 class="battle-history">Turn 10</h2><div class="spacer battle-history"><br></div><div class="battle-history">The opposing Magnemite used <strong>Volt Switch</strong>!<br></div><div class="battle-history"><small>(Honedge lost <abbr title="−13/21">61.9%</abbr> of its health!)</small><br></div><div class="spacer battle-history"><br></div><div class="battle-history">Honedge fainted!<br></div><div class="spacer battle-history"><br></div><div class="battle-history">The opposing Magnemite went back to A-TexGamer!<br></div><div class="battle-history">A-TexGamer sent out <strong>Staryu</strong>!<br></div><div class="spacer battle-history"><br></div><div class="battle-history">Go! <strong>Chikorita</strong>!<br></div><div class="battle-history"><small>Pointed stones dug into Chikorita!</small><br></div><div class="spacer battle-history"><br></div><h2 class="battle-history">Turn 11</h2><div class="spacer battle-history"><br></div><div class="battle-history">The opposing Staryu used <strong>Psychic</strong>!<br></div><div class="battle-history"><small>(Chikorita lost <abbr title="−9/21">42.9%</abbr> of its health!)</small><br></div><div class="battle-history"><small>Chikorita's Special Defense fell!</small><br></div><div class="spacer battle-history"><br></div><div class="battle-history">Chikorita used <strong>Giga Drain</strong>!<br></div><div class="battle-history"><small>It's super effective!</small><br></div><div class="battle-history"><small>(The opposing Staryu lost <abbr title="−14/20">70%</abbr> of its health!)</small><br></div><div class="battle-history"><small>The opposing Staryu had its energy drained!</small><br></div><div class="spacer battle-history"><br></div><h2 class="battle-history">Turn 12</h2><div class="spacer battle-history"><br></div><div class="battle-history">The opposing Staryu used <strong>Recover</strong>!<br></div><div class="battle-history"><small>The opposing Staryu restored its HP.</small><br></div><div class="spacer battle-history"><br></div><div class="battle-history">Chikorita used <strong>Giga Drain</strong>!<br></div><div class="battle-history"><small>It's super effective!</small><br></div><div class="battle-history"><small>(The opposing Staryu lost <abbr title="−14/20">70%</abbr> of its health!)</small><br></div><div class="battle-history"><small>The opposing Staryu had its energy drained!</small><br></div><div class="spacer battle-history"><br></div><h2 class="battle-history">Turn 13</h2><div class="spacer battle-history"><br></div><div class="battle-history">The opposing Staryu used <strong>Psychic</strong>!<br></div><div class="battle-history"><small>(Chikorita lost <abbr title="−15/21">71.4%</abbr> of its health!)</small><br></div><div class="spacer battle-history"><br></div><div class="battle-history">Chikorita used <strong>Giga Drain</strong>!<br></div><div class="battle-history"><small>It's super effective!</small><br></div><div class="battle-history"><small>(The opposing Staryu lost <abbr title="−2/20">10%</abbr> of its health!)</small><br></div><div class="battle-history"><small>The opposing Staryu had its energy drained!</small><br></div><div class="spacer battle-history"><br></div><div class="battle-history">The opposing Staryu fainted!<br></div><div class="spacer battle-history"><br></div><div class="battle-history">A-TexGamer sent out <strong>Torchic</strong>!<br></div><div class="spacer battle-history"><br></div><h2 class="battle-history">Turn 14</h2><div class="spacer battle-history"><br></div><div class="battle-history">Chikorita, come back!<br></div><div class="battle-history">Go! <strong>Onix</strong>!<br></div><div class="battle-history"><small>Pointed stones dug into Onix!</small><br></div><div class="spacer battle-history"><br></div><div class="battle-history">The opposing Torchic used <strong>Fire Blast</strong>!<br></div><div class="battle-history"><small>Onix avoided the attack!</small><br></div><div class="spacer battle-history"><br></div><div class="battle-history"><small>[The opposing Torchic's Speed Boost]</small><br></div><div class="battle-history"><small>The opposing Torchic's Speed rose!</small><br></div><div class="spacer battle-history"><br></div><h2 class="battle-history">Turn 15</h2><div class="spacer battle-history"><br></div><div class="battle-history">The opposing Torchic used <strong>Hidden Power</strong>!<br></div><div class="battle-history"><small>It's super effective!</small><br></div><div class="battle-history"><small>(Onix lost <abbr title="−19/20">95%</abbr> of its health!)</small><br></div><div class="battle-history"><small>The opposing Torchic lost some of its HP!</small><br></div><div class="spacer battle-history"><br></div><div class="battle-history">Onix fainted!<br></div><div class="spacer battle-history"><br></div><div class="battle-history"><small>[The opposing Torchic's Speed Boost]</small><br></div><div class="battle-history"><small>The opposing Torchic's Speed rose!</small><br></div><div class="spacer battle-history"><br></div><div class="battle-history">Go! <strong>Chikorita</strong>!<br></div><div class="battle-history"><small>Pointed stones dug into Chikorita!</small><br></div><div class="spacer battle-history"><br></div><h2 class="battle-history">Turn 16</h2><div class="spacer battle-history"><br></div><div class="battle-history">The opposing Torchic used <strong>Fire Blast</strong>!<br></div><div class="battle-history"><small>Chikorita avoided the attack!</small><br></div><div class="spacer battle-history"><br></div><div class="battle-history">Chikorita used <strong>Toxic</strong>!<br></div><div class="battle-history"><small>The opposing Torchic was badly poisoned!</small><br></div><div class="spacer battle-history"><br></div><div class="battle-history"><small>The opposing Torchic was hurt by poison!</small><br></div><div class="battle-history"><small>[The opposing Torchic's Speed Boost]</small><br></div><div class="battle-history"><small>The opposing Torchic's Speed rose!</small><br></div><div class="spacer battle-history"><br></div><h2 class="battle-history">Turn 17</h2><div class="spacer battle-history"><br></div><div class="battle-history">The opposing Torchic used <strong>Fire Blast</strong>!<br></div><div class="battle-history"><small>Zorua's illusion wore off!</small><br></div><div class="battle-history"><small>(Zorua lost <abbr title="−18/20">90%</abbr> of its health!)</small><br></div><div class="battle-history"><small>The opposing Torchic lost some of its HP!</small><br></div><div class="spacer battle-history"><br></div><div class="battle-history">Zorua fainted!<br></div><div class="spacer battle-history"><br></div><div class="battle-history"><small>The opposing Torchic was hurt by poison!</small><br></div><div class="battle-history"><small>[The opposing Torchic's Speed Boost]</small><br></div><div class="battle-history"><small>The opposing Torchic's Speed rose!</small><br></div><div class="spacer battle-history"><br></div><div class="battle-history">Go! <strong>Chikorita</strong>!<br></div><div class="battle-history"><small>Pointed stones dug into Chikorita!</small><br></div><div class="spacer battle-history"><br></div><h2 class="battle-history">Turn 18</h2><div class="spacer battle-history"><br></div><div class="battle-history">The opposing Torchic used <strong>Fire Blast</strong>!<br></div><div class="battle-history"><small>It's super effective!</small><br></div><div class="battle-history"><small>(Chikorita lost <abbr title="−5/21">23.8%</abbr> of its health!)</small><br></div><div class="battle-history"><small>The opposing Torchic lost some of its HP!</small><br></div><div class="spacer battle-history"><br></div><div class="battle-history">Chikorita fainted!<br></div><div class="spacer battle-history"><br></div><div class="battle-history"><small>The opposing Torchic was hurt by poison!</small><br></div><div class="battle-history"><small>[The opposing Torchic's Speed Boost]</small><br></div><div class="battle-history"><small>The opposing Torchic's Speed rose!</small><br></div><div class="spacer battle-history"><br></div><div class="battle-history">Go! <strong>Porygon</strong>!<br></div><div class="battle-history"><small>Pointed stones dug into Porygon!</small><br></div><div class="spacer battle-history"><br></div><div class="battle-history">Porygon fainted!<br></div><div class="spacer battle-history"><br></div><div class="battle-history"><strong>A-TexGamer</strong> won the battle!<br></div><div class="chat">BaumSchaf's rating: 1000 → <strong>1000</strong><br>(+0 for losing)</div><div class="chat">A-TexGamer's rating: 1000 → <strong>1040</strong><br>(+40 for winning)</div><div class="chat"><small>BaumSchaf left.</small></div></div><div class="inner-preempt"></div></div></div>
</div>
<script>
let daily = Math.floor(Date.now()/1000/60/60/24);document.write('<script src="https://play.pokemonshowdown.com/js/replay-embed.js?version'+daily+'"></'+'script>');
</script>
