<!DOCTYPE html>
<meta charset="utf-8" />
<!-- version 1 -->
<title>LC replay: DarkLalo19 vs. Sk1603</title>
<style>
html,body {font-family:Verdana, sans-serif;font-size:10pt;margin:0;padding:0;}body{padding:12px 0;} .battle-log {font-family:Verdana, sans-serif;font-size:10pt;} .battle-log-inline {border:1px solid #AAAAAA;background:#EEF2F5;color:black;max-width:640px;margin:0 auto 80px;padding-bottom:5px;} .battle-log .inner {padding:4px 8px 0px 8px;} .battle-log .inner-preempt {padding:0 8px 4px 8px;} .battle-log .inner-after {margin-top:0.5em;} .battle-log h2 {margin:0.5em -8px;padding:4px 8px;border:1px solid #AAAAAA;background:#E0E7EA;border-left:0;border-right:0;font-family:Verdana, sans-serif;font-size:13pt;} .battle-log .chat {vertical-align:middle;padding:3px 0 3px 0;font-size:8pt;} .battle-log .chat strong {color:#40576A;} .battle-log .chat em {padding:1px 4px 1px 3px;color:#000000;font-style:normal;} .chat.mine {background:rgba(0,0,0,0.05);margin-left:-8px;margin-right:-8px;padding-left:8px;padding-right:8px;} .spoiler {color:#BBBBBB;background:#BBBBBB;padding:0px 3px;} .spoiler:hover, .spoiler:active, .spoiler-shown {color:#000000;background:#E2E2E2;padding:0px 3px;} .spoiler a {color:#BBBBBB;} .spoiler:hover a, .spoiler:active a, .spoiler-shown a {color:#2288CC;} .chat code, .chat .spoiler:hover code, .chat .spoiler:active code, .chat .spoiler-shown code {border:1px solid #C0C0C0;background:#EEEEEE;color:black;padding:0 2px;} .chat .spoiler code {border:1px solid #CCCCCC;background:#CCCCCC;color:#CCCCCC;} .battle-log .rated {padding:3px 4px;} .battle-log .rated strong {color:white;background:#89A;padding:1px 4px;border-radius:4px;} .spacer {margin-top:0.5em;} .message-announce {background:#6688AA;color:white;padding:1px 4px 2px;} .message-announce a, .broadcast-green a, .broadcast-blue a, .broadcast-red a {color:#DDEEFF;} .broadcast-green {background-color:#559955;color:white;padding:2px 4px;} .broadcast-blue {background-color:#6688AA;color:white;padding:2px 4px;} .infobox {border:1px solid #6688AA;padding:2px 4px;} .infobox-limited {max-height:200px;overflow:auto;overflow-x:hidden;} .broadcast-red {background-color:#AA5544;color:white;padding:2px 4px;} .message-learn-canlearn {font-weight:bold;color:#228822;text-decoration:underline;} .message-learn-cannotlearn {font-weight:bold;color:#CC2222;text-decoration:underline;} .message-effect-weak {font-weight:bold;color:#CC2222;} .message-effect-resist {font-weight:bold;color:#6688AA;} .message-effect-immune {font-weight:bold;color:#666666;} .message-learn-list {margin-top:0;margin-bottom:0;} .message-throttle-notice, .message-error {color:#992222;} .message-overflow, .chat small.message-overflow {font-size:0pt;} .message-overflow::before {font-size:9pt;content:'...';} .subtle {color:#3A4A66;}
</style>
<div class="wrapper replay-wrapper" style="max-width:1180px;margin:0 auto">
<input type="hidden" name="replayid" value="destiny-lc-26105" />
<div class="battle"></div><div class="battle-log"></div><div class="replay-controls"></div><div class="replay-controls-2"></div>
<h1 style="font-weight:normal;text-align:center"><strong>LC</strong><br /><a href="http://pokemonshowdown.com/users/darklalo19" class="subtle" target="_blank">DarkLalo19</a> vs. <a href="http://pokemonshowdown.com/users/sk1603" class="subtle" target="_blank">Sk1603</a></h1>
<script type="text/plain" class="battle-log-data">|j|DarkLalo19
|j|Sk1603
|unlink|||tour
|player|p1|DarkLalo19|169
|player|p2|Sk1603|262
|gametype|singles
|gen|7
|tier|LC
|seed|4645,11791,28522,26916
|rule|Cláusula de Contoneo: se prohibe el uso de Contoneo
|clearpoke
|poke|p1|Eevee, L5, M, shiny|item
|poke|p1|Gastly, L5, M|item
|poke|p1|Pichu, L5, M, shiny|item
|poke|p2|Eevee, L5, M, shiny|item
|poke|p2|Skitty, L5, F|item
|rule|Cláusula-Mod de Dormir: solo puedes dormir a uno de tus oponentes a la vez.
|rule|Cláusula de Especie: Hasta un Pokémon de cada especie
|rule|Cláusula de Golpe Fulminante: los movimientos fulminantes (OHKO) estan prohibidos
|rule|Cláusula de Moody: la habilidad Moody está prohibida
|rule|Cláusula de Movimientos Evasivos: los movimientos de evasion estan prohibidos
|rule|Cláusula de Batallas Eternas: forzar batallas eternas está prohibido
|teampreview
|choice|*team 123|*
|choice|*|*team 21
|choice|team 1, team 2, team 3|team 2, team 1
|
|start
|switch|p1a: Peluchin|Eevee, L5, M, shiny|22\/22
|switch|p2a: Skitty|Skitty, L5, F|21\/21
|turn|1
|choice|*move 1|*
|choice|*|*move 1
|choice|move protect|move fakeout
|
|move|p1a: Peluchin|Protect|p1a: Peluchin
|-singleturn|p1a: Peluchin|Protect
|move|p2a: Skitty|Fake Out|p1a: Peluchin
|-activate|p1a: Peluchin|move: Protect
|
|upkeep
|turn|2
|choice|*|*move 1
|choice|*move 2|*
|choice|move lastresort|move fakeout
|
|move|p2a: Skitty|Fake Out|p1a: Peluchin
|-fail|p2a: Skitty
|-hint|Fake Out only works on your first turn out.
|move|p1a: Peluchin|Last Resort|p2a: Skitty
|-enditem|p2a: Skitty|Focus Sash
|-damage|p2a: Skitty|1\/21
|-start|p1a: Peluchin|Attract|[from] ability: Cute Charm|[of] p2a: Skitty
|
|upkeep
|turn|3
|c|★DarkLalo19|uops :v
|choice|*move 2|*
|choice|*|*move 1
|choice|move lastresort|move fakeout
|
|move|p2a: Skitty|Fake Out|p1a: Peluchin
|-fail|p2a: Skitty
|-hint|Fake Out only works on your first turn out.
|-activate|p1a: Peluchin|move: Attract|[of] p2a: Skitty
|move|p1a: Peluchin|Last Resort|p2a: Skitty
|-damage|p2a: Skitty|0 fnt
|faint|p2a: Skitty
|-end|p1a: Peluchin|Attract|[silent]
|
|upkeep
|choice|*|*switch 2
|choice||switch 2
|
|switch|p2a: Eevee|Eevee, L5, M, shiny|22\/22
|turn|4
|choice|*move 2|*
|choice|*|*move 1
|choice|move lastresort|move tackle
|
|move|p2a: Eevee|Tackle|p1a: Peluchin
|-damage|p1a: Peluchin|14\/22
|move|p1a: Peluchin|Last Resort|p2a: Eevee
|-enditem|p2a: Eevee|Focus Sash
|-damage|p2a: Eevee|1\/22
|
|upkeep
|turn|5
|choice|*move 2|*
|choice|*|*move 1
|choice|move lastresort|move tackle
|
|move|p2a: Eevee|Tackle|p1a: Peluchin
|-damage|p1a: Peluchin|8\/22
|move|p1a: Peluchin|Last Resort|p2a: Eevee
|-damage|p2a: Eevee|0 fnt
|faint|p2a: Eevee
|
|win|DarkLalo19
|player|p1
|player|p2
|c|★DarkLalo19|gg
|j|Gambit0
|l|Gambit0
|l|Sk1603</script>
</div>
<div class="battle-log battle-log-inline"><div class="inner"><div class="battle-options"></div><div class="inner"><div class="chat"><small>DarkLalo19 joined.</small></div><div class="chat"><small>Sk1603 joined.</small></div><div class=""><small>Format:</small> <br><strong>LC</strong></div><div class=""><small><em>Cláusula de Contoneo:</em> se prohibe el uso de Contoneo</small></div><div class=""><small><em>Cláusula-Mod de Dormir:</em> solo puedes dormir a uno de tus oponentes a la vez.</small></div><div class=""><small><em>Cláusula de Especie:</em> Hasta un Pokémon de cada especie</small></div><div class=""><small><em>Cláusula de Golpe Fulminante:</em> los movimientos fulminantes (OHKO) estan prohibidos</small></div><div class=""><small><em>Cláusula de Moody:</em> la habilidad Moody está prohibida</small></div><div class=""><small><em>Cláusula de Movimientos Evasivos:</em> los movimientos de evasion estan prohibidos</small></div><div class=""><small><em>Cláusula de Batallas Eternas:</em> forzar batallas eternas está prohibido</small></div><div class="chat battle-history"><strong>DarkLalo19's team:</strong> <em style="color:#445566;display:block;">Eevee / Gastly / Pichu</em></div><div class="chat battle-history"><strong>Sk1603's team:</strong> <em style="color:#445566;display:block;">Eevee / Skitty</em></div><div class="spacer battle-history"><br></div><div class="battle-history">Battle started between DarkLalo19 and Sk1603!<br></div><div class="spacer battle-history"><br></div><div class="battle-history">Go! Peluchin (<strong>Eevee</strong>)!<br></div><div class="spacer battle-history"><br></div><div class="battle-history">Sk1603 sent out <strong>Skitty</strong>!<br></div><div class="spacer battle-history"><br></div><h2 class="battle-history">Turn 1</h2><div class="spacer battle-history"><br></div><div class="battle-history">Peluchin used <strong>Protect</strong>!<br></div><div class="battle-history"><small>Peluchin protected itself!</small><br></div><div class="spacer battle-history"><br></div><div class="battle-history">The opposing Skitty used <strong>Fake Out</strong>!<br></div><div class="battle-history"><small>Peluchin protected itself!</small><br></div><div class="spacer battle-history"><br></div><h2 class="battle-history">Turn 2</h2><div class="spacer battle-history"><br></div><div class="battle-history">The opposing Skitty used <strong>Fake Out</strong>!<br></div><div class="battle-history"><small>But it failed!</small><br></div><div class="battle-history"><small>(Fake Out only works on your first turn out.)</small><br></div><div class="spacer battle-history"><br></div><div class="battle-history">Peluchin used <strong>Last Resort</strong>!<br></div><div class="battle-history"><small>The opposing Skitty hung on using its Focus Sash!</small><br></div><div class="battle-history"><small>(The opposing Skitty lost <abbr title="−20/21">95.2%</abbr> of its health!)</small><br></div><div class="battle-history"><small>[The opposing Skitty's Cute Charm]</small><br><small>Peluchin fell in love!</small><br></div><div class="spacer battle-history"><br></div><h2 class="battle-history">Turn 3</h2><div class="chat chatmessage-darklalo19"><strong style="color:hsl(203,71%,46%)"><small>★</small><span class="username" data-name="DarkLalo19">DarkLalo19</span>:</strong> <em>uops :v</em></div><div class="spacer battle-history"><br></div><div class="battle-history">The opposing Skitty used <strong>Fake Out</strong>!<br></div><div class="battle-history"><small>But it failed!</small><br></div><div class="battle-history"><small>(Fake Out only works on your first turn out.)</small><br></div><div class="spacer battle-history"><br></div><div class="battle-history"><small>Peluchin is in love with the opposing Skitty!</small><br></div><div class="battle-history">Peluchin used <strong>Last Resort</strong>!<br></div><div class="battle-history"><small>(The opposing Skitty lost <abbr title="−1/21">4.8%</abbr> of its health!)</small><br></div><div class="spacer battle-history"><br></div><div class="battle-history">The opposing Skitty fainted!<br></div><div class="spacer battle-history"><br></div><div class="battle-history">Sk1603 sent out <strong>Eevee</strong>!<br></div><div class="spacer battle-history"><br></div><h2 class="battle-history">Turn 4</h2><div class="spacer battle-history"><br></div><div class="battle-history">The opposing Eevee used <strong>Tackle</strong>!<br></div><div class="battle-history"><small>(Peluchin lost <abbr title="−8/22">36.4%</abbr> of its health!)</small><br></div><div class="spacer battle-history"><br></div><div class="battle-history">Peluchin used <strong>Last Resort</strong>!<br></div><div class="battle-history"><small>The opposing Eevee hung on using its Focus Sash!</small><br></div><div class="battle-history"><small>(The opposing Eevee lost <abbr title="−21/22">95.5%</abbr> of its health!)</small><br></div><div class="spacer battle-history"><br></div><h2 class="battle-history">Turn 5</h2><div class="spacer battle-history"><br></div><div class="battle-history">The opposing Eevee used <strong>Tackle</strong>!<br></div><div class="battle-history"><small>(Peluchin lost <abbr title="−6/22">27.3%</abbr> of its health!)</small><br></div><div class="spacer battle-history"><br></div><div class="battle-history">Peluchin used <strong>Last Resort</strong>!<br></div><div class="battle-history"><small>(The opposing Eevee lost <abbr title="−1/22">4.5%</abbr> of its health!)</small><br></div><div class="spacer battle-history"><br></div><div class="battle-history">The opposing Eevee fainted!<br></div><div class="spacer battle-history"><br></div><div class="battle-history"><strong>DarkLalo19</strong> won the battle!<br></div><div class="chat chatmessage-darklalo19"><strong style="color:hsl(203,71%,46%)"><small>★</small><span class="username" data-name="DarkLalo19">DarkLalo19</span>:</strong> <em>gg</em></div><div class="chat"><small>Gambit0 joined.</small></div><div class="chat"><small>Gambit0 left.</small></div><div class="chat"><small>Sk1603 left.</small></div></div><div class="inner-preempt"></div></div></div>
</div>
<script>
let daily = Math.floor(Date.now()/1000/60/60/24);document.write('<script src="https://play.pokemonshowdown.com/js/replay-embed.js?version'+daily+'"></'+'script>');
</script>
