<!DOCTYPE html>
<meta charset="utf-8" />
<!-- version 1 -->
<title>LC replay: NicolasPuraVida vs. Pinzir</title>
<style>
html,body {font-family:Verdana, sans-serif;font-size:10pt;margin:0;padding:0;}body{padding:12px 0;} .battle-log {font-family:Verdana, sans-serif;font-size:10pt;} .battle-log-inline {border:1px solid #AAAAAA;background:#EEF2F5;color:black;max-width:640px;margin:0 auto 80px;padding-bottom:5px;} .battle-log .inner {padding:4px 8px 0px 8px;} .battle-log .inner-preempt {padding:0 8px 4px 8px;} .battle-log .inner-after {margin-top:0.5em;} .battle-log h2 {margin:0.5em -8px;padding:4px 8px;border:1px solid #AAAAAA;background:#E0E7EA;border-left:0;border-right:0;font-family:Verdana, sans-serif;font-size:13pt;} .battle-log .chat {vertical-align:middle;padding:3px 0 3px 0;font-size:8pt;} .battle-log .chat strong {color:#40576A;} .battle-log .chat em {padding:1px 4px 1px 3px;color:#000000;font-style:normal;} .chat.mine {background:rgba(0,0,0,0.05);margin-left:-8px;margin-right:-8px;padding-left:8px;padding-right:8px;} .spoiler {color:#BBBBBB;background:#BBBBBB;padding:0px 3px;} .spoiler:hover, .spoiler:active, .spoiler-shown {color:#000000;background:#E2E2E2;padding:0px 3px;} .spoiler a {color:#BBBBBB;} .spoiler:hover a, .spoiler:active a, .spoiler-shown a {color:#2288CC;} .chat code, .chat .spoiler:hover code, .chat .spoiler:active code, .chat .spoiler-shown code {border:1px solid #C0C0C0;background:#EEEEEE;color:black;padding:0 2px;} .chat .spoiler code {border:1px solid #CCCCCC;background:#CCCCCC;color:#CCCCCC;} .battle-log .rated {padding:3px 4px;} .battle-log .rated strong {color:white;background:#89A;padding:1px 4px;border-radius:4px;} .spacer {margin-top:0.5em;} .message-announce {background:#6688AA;color:white;padding:1px 4px 2px;} .message-announce a, .broadcast-green a, .broadcast-blue a, .broadcast-red a {color:#DDEEFF;} .broadcast-green {background-color:#559955;color:white;padding:2px 4px;} .broadcast-blue {background-color:#6688AA;color:white;padding:2px 4px;} .infobox {border:1px solid #6688AA;padding:2px 4px;} .infobox-limited {max-height:200px;overflow:auto;overflow-x:hidden;} .broadcast-red {background-color:#AA5544;color:white;padding:2px 4px;} .message-learn-canlearn {font-weight:bold;color:#228822;text-decoration:underline;} .message-learn-cannotlearn {font-weight:bold;color:#CC2222;text-decoration:underline;} .message-effect-weak {font-weight:bold;color:#CC2222;} .message-effect-resist {font-weight:bold;color:#6688AA;} .message-effect-immune {font-weight:bold;color:#666666;} .message-learn-list {margin-top:0;margin-bottom:0;} .message-throttle-notice, .message-error {color:#992222;} .message-overflow, .chat small.message-overflow {font-size:0pt;} .message-overflow::before {font-size:9pt;content:'...';} .subtle {color:#3A4A66;}
</style>
<div class="wrapper replay-wrapper" style="max-width:1180px;margin:0 auto">
<input type="hidden" name="replayid" value="pandora-lc-5082376" />
<div class="battle"></div><div class="battle-log"></div><div class="replay-controls"></div><div class="replay-controls-2"></div>
<h1 style="font-weight:normal;text-align:center"><strong>LC</strong><br /><a href="http://pokemonshowdown.com/users/nicolaspuravida" class="subtle" target="_blank">NicolasPuraVida</a> vs. <a href="http://pokemonshowdown.com/users/pinzir" class="subtle" target="_blank">Pinzir</a></h1>
<script type="text/plain" class="battle-log-data">|j|NicolasPuraVida
|j|Pinzir
|unlink|||tour
|player|p1|NicolasPuraVida|nicolas.gif
|player|p2|Pinzir|167
|gametype|singles
|gen|6
|tier|LC
|seed|15974,62214,21337,13119
|clearpoke
|poke|p1|Purrloin, L5, M|item
|poke|p1|Buneary, L5, F|item
|poke|p1|Archen, L5, M|item
|poke|p1|Gastly, L5, F|item
|poke|p1|Timburr, L5, M|item
|poke|p1|Tirtouga, L5, M|item
|poke|p2|Mienfoo, L5, F|item
|poke|p2|Cottonee, L5, M|item
|poke|p2|Fletchling, L5, M|
|poke|p2|Chinchou, L5, M|item
|poke|p2|Drilbur, L5, M|item
|poke|p2|Abra, L5, M|item
|rule|Cláusula-Mod de Dormir: solo puedes dormir a uno de tus oponentes a la vez.
|rule|Cláusula de Especie: Hasta un Pokémon de cada especie
|rule|Cláusula de Golpe Fulminante: los movimientos fulminantes (OHKO) estan prohibidos
|rule|Cláusula de Moody: la habilidad Moody está prohibida
|rule|Cláusula de Movimientos Evasivos: los movimientos de evasion estan prohibidos
|rule|Cláusula de Batallas Eternas: forzar batallas eternas está prohibido
|rule|Modo de Porcentaje de HP: el HP es mostrado en porcentaje
|teampreview
|choice|*team 321456|*
|choice|*undo|*
|choice|*team 321456|*
|choice|*|*team 213456
|choice|team 3, team 2, team 1, team 4, team 5, team 6|team 2, team 1, team 3, team 4, team 5, team 6
|
|start
|switch|p1a: Archen|Archen, L5, M|23\/23
|switch|p2a: Cottonee|Cottonee, L5, M|23\/23
|turn|1
|choice|*move 1|*
|choice|*|*move 4
|choice|move acrobatics|move gigadrain
|
|move|p1a: Archen|Acrobatics|p2a: Cottonee
|-supereffective|p2a: Cottonee
|-damage|p2a: Cottonee|9\/23
|move|p2a: Cottonee|Giga Drain|p1a: Archen
|-damage|p1a: Archen|14\/23
|-heal|p2a: Cottonee|14\/23|[from] drain|[of] p1a: Archen
|
|turn|2
|j|ϟ②④King☂Hangman♪♫☯
|choice|*switch 2|*
|choice|*undo|*
|choice|*|*switch 4
|choice|*switch 2|*
|choice|switch 2|switch 4
|
|switch|p1a: Buneary|Buneary, L5, F|22\/22
|switch|p2a: Chinchou|Chinchou, L5, M|24\/24
|
|turn|3
|choice|*move 1|*
|choice|*|*move 3
|choice|move return|move voltswitch
|
|move|p1a: Buneary|Return|p2a: Chinchou
|-damage|p2a: Chinchou|5\/24
|move|p2a: Chinchou|Volt Switch|p1a: Buneary
|-damage|p1a: Buneary|10\/22
|choice|*|*switch 3
|choice||switch 3
|
|switch|p2a: Fletchling|Fletchling, L5, M|23\/23
|
|turn|4
|choice|*move 1|*
|choice|*|*move 1
|choice|move return|move acrobatics
|
|move|p2a: Fletchling|Acrobatics|p1a: Buneary
|-damage|p1a: Buneary|0 fnt
|faint|p1a: Buneary
|
|choice|*undo|*
|choice|*switch 6|*
|choice|switch 6|
|
|switch|p1a: Tirtouga|Tirtouga, L5, M|21\/21
|turn|5
|choice|*move 1|*
|choice|*|*move 3
|choice|move shellsmash|move uturn
|
|move|p2a: Fletchling|U-turn|p1a: Tirtouga
|-crit|p1a: Tirtouga
|-damage|p1a: Tirtouga|13\/21
|choice|*|*switch 4
|choice||switch 4
|
|switch|p2a: Cottonee|Cottonee, L5, M|14\/23
|move|p1a: Tirtouga|Shell Smash|p1a: Tirtouga
|-unboost|p1a: Tirtouga|def|1
|-unboost|p1a: Tirtouga|spd|1
|-boost|p1a: Tirtouga|atk|2
|-boost|p1a: Tirtouga|spa|2
|-boost|p1a: Tirtouga|spe|2
|
|turn|6
|choice|*|*move 2
|choice|*switch 4|*
|choice|switch 4|move encore
|
|switch|p1a: Gastly|Gastly, L5, F|19\/19
|move|p2a: Cottonee|Encore|p1a: Gastly
|-fail|p1a: Gastly
|
|turn|7
|c|★Pinzir|creisi
|choice|*move 2|*
|choice|*|*switch 3
|choice|move sludgebomb|switch 3
|
|switch|p2a: Chinchou|Chinchou, L5, M|5\/24
|move|p1a: Gastly|Sludge Bomb|p2a: Chinchou
|-crit|p2a: Chinchou
|-damage|p2a: Chinchou|0 fnt
|faint|p2a: Chinchou
|
|choice|*|*switch 6
|choice||switch 6
|
|switch|p2a: Abra|Abra, L5, M|19\/19
|turn|8
|choice|*|*move 1
|choice|*switch 3|*
|choice|switch 3|move psychic
|
|switch|p1a: Purrloin|Purrloin, L5, M|21\/21
|move|p2a: Abra|Psychic|p1a: Purrloin
|-immune|p1a: Purrloin|[msg]
|
|turn|9
|choice|*move 3|*
|choice|*undo|*
|choice|*|*move 4
|choice|*move 3|*
|choice|move encore|move substitute
|
|move|p1a: Purrloin|Encore|p2a: Abra
|-start|p2a: Abra|Encore
|move|p2a: Abra|Psychic|p1a: Purrloin
|-immune|p1a: Purrloin|[msg]
|
|turn|10
|choice|*move 1|*
|choice|*|*switch 2
|choice|move thunderwave|switch 2
|
|switch|p2a: Mienfoo|Mienfoo, L5, F|21\/21
|move|p1a: Purrloin|Thunder Wave|p2a: Mienfoo
|-status|p2a: Mienfoo|par
|
|turn|11
|choice|*switch 2|*
|choice|*|*move 3
|choice|switch 2|move knockoff
|
|switch|p1a: Archen|Archen, L5, M|14\/23
|move|p2a: Mienfoo|Knock Off|p1a: Archen
|-damage|p1a: Archen|1\/23
|-enditem|p1a: Archen|Choice Scarf|[from] move: Knock Off|[of] p2a: Mienfoo
|
|turn|12
|choice|*move 2|*
|choice|*|*move 1
|choice|move stoneedge|move uturn
|
|move|p1a: Archen|Stone Edge|p2a: Mienfoo
|-resisted|p2a: Mienfoo
|-crit|p2a: Mienfoo
|-damage|p2a: Mienfoo|15\/21 par
|move|p2a: Mienfoo|U-turn|p1a: Archen
|-resisted|p1a: Archen
|-damage|p1a: Archen|0 fnt
|faint|p1a: Archen
|choice|*|*switch 5
|choice||switch 5
|
|switch|p2a: Drilbur|Drilbur, L5, M|23\/23
|-ability|p2a: Drilbur|Mold Breaker
|
|choice|*switch 5|*
|choice|switch 5|
|
|switch|p1a: Timburr|Timburr, L5, M|25\/25
|turn|13
|choice|*move 2|*
|choice|*|*move 3
|choice|move drainpunch|move earthquake
|
|move|p2a: Drilbur|Earthquake|p1a: Timburr
|-damage|p1a: Timburr|7\/25
|move|p1a: Timburr|Drain Punch|p2a: Drilbur
|-damage|p2a: Drilbur|11\/23
|-heal|p1a: Timburr|13\/25|[from] drain|[of] p2a: Drilbur
|
|turn|14
|choice|*|*move 4
|choice|*switch 3|*
|choice|switch 3|move rockslide
|
|switch|p1a: Gastly|Gastly, L5, F|19\/19
|move|p2a: Drilbur|Rock Slide|p1a: Gastly
|-damage|p1a: Gastly|6\/19
|
|turn|15
|choice|*move 1|*
|choice|*|*switch 3
|choice|move shadowball|switch 3
|
|switch|p2a: Cottonee|Cottonee, L5, M|14\/23
|move|p1a: Gastly|Shadow Ball|p2a: Cottonee
|-damage|p2a: Cottonee|4\/23
|
|turn|16
|choice|*move 1|*
|choice|*|*move 1
|choice|move shadowball|move memento
|
|move|p2a: Cottonee|Memento|p1a: Gastly
|-unboost|p1a: Gastly|atk|2
|-unboost|p1a: Gastly|spa|2
|faint|p2a: Cottonee
|move|p1a: Gastly|Shadow Ball|p2: Cottonee|[notarget]
|-notarget
|
|choice|*|*switch 4
|choice||switch 4
|
|switch|p2a: Fletchling|Fletchling, L5, M|23\/23
|turn|17
|choice|*switch 4|*
|choice|*|*move 1
|choice|switch 4|move acrobatics
|
|switch|p1a: Tirtouga|Tirtouga, L5, M|13\/21
|move|p2a: Fletchling|Acrobatics|p1a: Tirtouga
|-resisted|p1a: Tirtouga
|-damage|p1a: Tirtouga|7\/21
|-enditem|p1a: Tirtouga|Berry Juice
|-heal|p1a: Tirtouga|21\/21|[from] item: Berry Juice
|
|turn|18
|choice|*move 1|*
|c|★Pinzir|dormi
|choice|*|*move 2
|choice|move shellsmash|move swordsdance
|
|move|p2a: Fletchling|Swords Dance|p2a: Fletchling
|-boost|p2a: Fletchling|atk|2
|move|p1a: Tirtouga|Shell Smash|p1a: Tirtouga
|-unboost|p1a: Tirtouga|def|1
|-unboost|p1a: Tirtouga|spd|1
|-boost|p1a: Tirtouga|atk|2
|-boost|p1a: Tirtouga|spa|2
|-boost|p1a: Tirtouga|spe|2
|
|turn|19
|choice|*|*move 1
|choice|*move 2|*
|choice|move waterfall|move acrobatics
|
|move|p2a: Fletchling|Acrobatics|p1a: Tirtouga
|-resisted|p1a: Tirtouga
|-damage|p1a: Tirtouga|4\/21
|move|p1a: Tirtouga|Waterfall|p2a: Fletchling
|-damage|p2a: Fletchling|0 fnt
|faint|p2a: Fletchling
|
|choice|*|*switch 5
|choice||switch 5
|
|switch|p2a: Mienfoo|Mienfoo, L5, F|21\/21 par
|turn|20
|choice|*move 2|*
|choice|*|*move 3
|choice|move waterfall|move knockoff
|
|move|p1a: Tirtouga|Waterfall|p2a: Mienfoo
|-damage|p2a: Mienfoo|0 fnt
|faint|p2a: Mienfoo
|
|choice|*|*switch 2
|choice||switch 2
|
|switch|p2a: Abra|Abra, L5, M|19\/19
|turn|21
|choice|*move 4|*
|choice|*|*move 1
|choice|move aquajet|move psychic
|
|move|p1a: Tirtouga|Aqua Jet|p2a: Abra
|-damage|p2a: Abra|0 fnt
|faint|p2a: Abra
|
|choice|*|*switch 3
|choice||switch 3
|
|switch|p2a: Drilbur|Drilbur, L5, M|11\/23
|-ability|p2a: Drilbur|Mold Breaker
|turn|22
|choice|*|*move 3
|choice|*move 4|*
|choice|move aquajet|move earthquake
|
|move|p1a: Tirtouga|Aqua Jet|p2a: Drilbur
|-supereffective|p2a: Drilbur
|-crit|p2a: Drilbur
|-damage|p2a: Drilbur|0 fnt
|faint|p2a: Drilbur
|
|win|NicolasPuraVida
|player|p1
|player|p2
|c|★NicolasPuraVida|gg
|l|Pinzir</script>
</div>
<div class="battle-log battle-log-inline"><div class="inner"><div class="battle-options"></div><div class="inner"><div class="chat"><small>NicolasPuraVida joined.</small></div><div class="chat"><small>Pinzir joined.</small></div><div class=""><small>Format:</small> <br><strong>LC</strong></div><div class=""><small><em>Cláusula-Mod de Dormir:</em> solo puedes dormir a uno de tus oponentes a la vez.</small></div><div class=""><small><em>Cláusula de Especie:</em> Hasta un Pokémon de cada especie</small></div><div class=""><small><em>Cláusula de Golpe Fulminante:</em> los movimientos fulminantes (OHKO) estan prohibidos</small></div><div class=""><small><em>Cláusula de Moody:</em> la habilidad Moody está prohibida</small></div><div class=""><small><em>Cláusula de Movimientos Evasivos:</em> los movimientos de evasion estan prohibidos</small></div><div class=""><small><em>Cláusula de Batallas Eternas:</em> forzar batallas eternas está prohibido</small></div><div class=""><small><em>Modo de Porcentaje de HP:</em> el HP es mostrado en porcentaje</small></div><div class="chat battle-history"><strong>NicolasPuraVida's team:</strong> <em style="color:#445566;display:block;">Purrloin / Buneary / Archen / Gastly / Timburr / Tirtouga</em></div><div class="chat battle-history"><strong>Pinzir's team:</strong> <em style="color:#445566;display:block;">Mienfoo / Cottonee / Fletchling / Chinchou / Drilbur / Abra</em></div><div class="spacer battle-history"><br></div><div class="battle-history">Battle started between NicolasPuraVida and Pinzir!<br></div><div class="spacer battle-history"><br></div><div class="battle-history">Go! <strong>Archen</strong>!<br></div><div class="spacer battle-history"><br></div><div class="battle-history">Pinzir sent out <strong>Cottonee</strong>!<br></div><div class="spacer battle-history"><br></div><h2 class="battle-history">Turn 1</h2><div class="spacer battle-history"><br></div><div class="battle-history">Archen used <strong>Acrobatics</strong>!<br></div><div class="battle-history"><small>It's super effective!</small><br></div><div class="battle-history"><small>(The opposing Cottonee lost <abbr title="−14/23">60.9%</abbr> of its health!)</small><br></div><div class="spacer battle-history"><br></div><div class="battle-history">The opposing Cottonee used <strong>Giga Drain</strong>!<br></div><div class="battle-history"><small>(Archen lost <abbr title="−9/23">39.1%</abbr> of its health!)</small><br></div><div class="battle-history"><small>Archen had its energy drained!</small><br></div><div class="spacer battle-history"><br></div><h2 class="battle-history">Turn 2</h2><div class="chat"><small>ϟ②④King☂Hangman♪♫☯ joined.</small></div><div class="spacer battle-history"><br></div><div class="battle-history">Archen, come back!<br></div><div class="battle-history">Go! <strong>Buneary</strong>!<br></div><div class="spacer battle-history"><br></div><div class="battle-history">Pinzir withdrew Cottonee!<br></div><div class="battle-history">Pinzir sent out <strong>Chinchou</strong>!<br></div><div class="spacer battle-history"><br></div><h2 class="battle-history">Turn 3</h2><div class="spacer battle-history"><br></div><div class="battle-history">Buneary used <strong>Return</strong>!<br></div><div class="battle-history"><small>(The opposing Chinchou lost <abbr title="−19/24">79.2%</abbr> of its health!)</small><br></div><div class="spacer battle-history"><br></div><div class="battle-history">The opposing Chinchou used <strong>Volt Switch</strong>!<br></div><div class="battle-history"><small>(Buneary lost <abbr title="−12/22">54.5%</abbr> of its health!)</small><br></div><div class="spacer battle-history"><br></div><div class="battle-history">The opposing Chinchou went back to Pinzir!<br></div><div class="battle-history">Pinzir sent out <strong>Fletchling</strong>!<br></div><div class="spacer battle-history"><br></div><h2 class="battle-history">Turn 4</h2><div class="spacer battle-history"><br></div><div class="battle-history">The opposing Fletchling used <strong>Acrobatics</strong>!<br></div><div class="battle-history"><small>(Buneary lost <abbr title="−10/22">45.5%</abbr> of its health!)</small><br></div><div class="spacer battle-history"><br></div><div class="battle-history">Buneary fainted!<br></div><div class="spacer battle-history"><br></div><div class="battle-history">Go! <strong>Tirtouga</strong>!<br></div><div class="spacer battle-history"><br></div><h2 class="battle-history">Turn 5</h2><div class="spacer battle-history"><br></div><div class="battle-history">The opposing Fletchling used <strong>U-turn</strong>!<br></div><div class="battle-history"><small>A critical hit!</small><br></div><div class="battle-history"><small>(Tirtouga lost <abbr title="−8/21">38.1%</abbr> of its health!)</small><br></div><div class="spacer battle-history"><br></div><div class="battle-history">The opposing Fletchling went back to Pinzir!<br></div><div class="battle-history">Pinzir sent out <strong>Cottonee</strong>!<br></div><div class="spacer battle-history"><br></div><div class="battle-history">Tirtouga used <strong>Shell Smash</strong>!<br></div><div class="battle-history"><small>Tirtouga's Defense fell!</small><br></div><div class="battle-history"><small>Tirtouga's Special Defense fell!</small><br></div><div class="battle-history"><small>Tirtouga's Attack rose sharply!</small><br></div><div class="battle-history"><small>Tirtouga's Special Attack rose sharply!</small><br></div><div class="battle-history"><small>Tirtouga's Speed rose sharply!</small><br></div><div class="spacer battle-history"><br></div><h2 class="battle-history">Turn 6</h2><div class="spacer battle-history"><br></div><div class="battle-history">Tirtouga, come back!<br></div><div class="battle-history">Go! <strong>Gastly</strong>!<br></div><div class="spacer battle-history"><br></div><div class="battle-history">The opposing Cottonee used <strong>Encore</strong>!<br></div><div class="battle-history"><small>But it failed!</small><br></div><div class="spacer battle-history"><br></div><h2 class="battle-history">Turn 7</h2><div class="chat chatmessage-pinzir"><strong style="color:hsl(75,81%,32%)"><small>★</small><span class="username" data-name="Pinzir">Pinzir</span>:</strong> <em>creisi</em></div><div class="spacer battle-history"><br></div><div class="battle-history">Pinzir withdrew Cottonee!<br></div><div class="battle-history">Pinzir sent out <strong>Chinchou</strong>!<br></div><div class="spacer battle-history"><br></div><div class="battle-history">Gastly used <strong>Sludge Bomb</strong>!<br></div><div class="battle-history"><small>A critical hit!</small><br></div><div class="battle-history"><small>(The opposing Chinchou lost <abbr title="−5/24">20.8%</abbr> of its health!)</small><br></div><div class="spacer battle-history"><br></div><div class="battle-history">The opposing Chinchou fainted!<br></div><div class="spacer battle-history"><br></div><div class="battle-history">Pinzir sent out <strong>Abra</strong>!<br></div><div class="spacer battle-history"><br></div><h2 class="battle-history">Turn 8</h2><div class="spacer battle-history"><br></div><div class="battle-history">Gastly, come back!<br></div><div class="battle-history">Go! <strong>Purrloin</strong>!<br></div><div class="spacer battle-history"><br></div><div class="battle-history">The opposing Abra used <strong>Psychic</strong>!<br></div><div class="battle-history"><small>It doesn't affect Purrloin...</small><br></div><div class="spacer battle-history"><br></div><h2 class="battle-history">Turn 9</h2><div class="spacer battle-history"><br></div><div class="battle-history">Purrloin used <strong>Encore</strong>!<br></div><div class="battle-history"><small>The opposing Abra received an encore!</small><br></div><div class="spacer battle-history"><br></div><div class="battle-history">The opposing Abra used <strong>Psychic</strong>!<br></div><div class="battle-history"><small>It doesn't affect Purrloin...</small><br></div><div class="spacer battle-history"><br></div><h2 class="battle-history">Turn 10</h2><div class="spacer battle-history"><br></div><div class="battle-history">Pinzir withdrew Abra!<br></div><div class="battle-history">Pinzir sent out <strong>Mienfoo</strong>!<br></div><div class="spacer battle-history"><br></div><div class="battle-history">Purrloin used <strong>Thunder Wave</strong>!<br></div><div class="battle-history"><small>The opposing Mienfoo is paralyzed! It may be unable to move!</small><br></div><div class="spacer battle-history"><br></div><h2 class="battle-history">Turn 11</h2><div class="spacer battle-history"><br></div><div class="battle-history">Purrloin, come back!<br></div><div class="battle-history">Go! <strong>Archen</strong>!<br></div><div class="spacer battle-history"><br></div><div class="battle-history">The opposing Mienfoo used <strong>Knock Off</strong>!<br></div><div class="battle-history"><small>(Archen lost <abbr title="−13/23">56.5%</abbr> of its health!)</small><br></div><div class="battle-history"><small>The opposing Mienfoo knocked off Archen's Choice Scarf!</small><br></div><div class="spacer battle-history"><br></div><h2 class="battle-history">Turn 12</h2><div class="spacer battle-history"><br></div><div class="battle-history">Archen used <strong>Stone Edge</strong>!<br></div><div class="battle-history"><small>It's not very effective...</small><br></div><div class="battle-history"><small>A critical hit!</small><br></div><div class="battle-history"><small>(The opposing Mienfoo lost <abbr title="−6/21">28.6%</abbr> of its health!)</small><br></div><div class="spacer battle-history"><br></div><div class="battle-history">The opposing Mienfoo used <strong>U-turn</strong>!<br></div><div class="battle-history"><small>It's not very effective...</small><br></div><div class="battle-history"><small>(Archen lost <abbr title="−1/23">4.3%</abbr> of its health!)</small><br></div><div class="spacer battle-history"><br></div><div class="battle-history">Archen fainted!<br></div><div class="spacer battle-history"><br></div><div class="battle-history">The opposing Mienfoo went back to Pinzir!<br></div><div class="battle-history">Pinzir sent out <strong>Drilbur</strong>!<br></div><div class="battle-history"><small>[The opposing Drilbur's Mold Breaker]</small><br><small>The opposing Drilbur breaks the mold!</small><br></div><div class="spacer battle-history"><br></div><div class="battle-history">Go! <strong>Timburr</strong>!<br></div><div class="spacer battle-history"><br></div><h2 class="battle-history">Turn 13</h2><div class="spacer battle-history"><br></div><div class="battle-history">The opposing Drilbur used <strong>Earthquake</strong>!<br></div><div class="battle-history"><small>(Timburr lost <abbr title="−18/25">72%</abbr> of its health!)</small><br></div><div class="spacer battle-history"><br></div><div class="battle-history">Timburr used <strong>Drain Punch</strong>!<br></div><div class="battle-history"><small>(The opposing Drilbur lost <abbr title="−12/23">52.2%</abbr> of its health!)</small><br></div><div class="battle-history"><small>The opposing Drilbur had its energy drained!</small><br></div><div class="spacer battle-history"><br></div><h2 class="battle-history">Turn 14</h2><div class="spacer battle-history"><br></div><div class="battle-history">Timburr, come back!<br></div><div class="battle-history">Go! <strong>Gastly</strong>!<br></div><div class="spacer battle-history"><br></div><div class="battle-history">The opposing Drilbur used <strong>Rock Slide</strong>!<br></div><div class="battle-history"><small>(Gastly lost <abbr title="−13/19">68.4%</abbr> of its health!)</small><br></div><div class="spacer battle-history"><br></div><h2 class="battle-history">Turn 15</h2><div class="spacer battle-history"><br></div><div class="battle-history">Pinzir withdrew Drilbur!<br></div><div class="battle-history">Pinzir sent out <strong>Cottonee</strong>!<br></div><div class="spacer battle-history"><br></div><div class="battle-history">Gastly used <strong>Shadow Ball</strong>!<br></div><div class="battle-history"><small>(The opposing Cottonee lost <abbr title="−10/23">43.5%</abbr> of its health!)</small><br></div><div class="spacer battle-history"><br></div><h2 class="battle-history">Turn 16</h2><div class="spacer battle-history"><br></div><div class="battle-history">The opposing Cottonee used <strong>Memento</strong>!<br></div><div class="battle-history"><small>Gastly's Attack fell harshly!</small><br></div><div class="battle-history"><small>Gastly's Special Attack fell harshly!</small><br></div><div class="spacer battle-history"><br></div><div class="battle-history">The opposing Cottonee fainted!<br></div><div class="battle-history">Gastly used <strong>Shadow Ball</strong>!<br></div><div class="battle-history"><small>But there was no target...</small><br></div><div class="spacer battle-history"><br></div><div class="battle-history">Pinzir sent out <strong>Fletchling</strong>!<br></div><div class="spacer battle-history"><br></div><h2 class="battle-history">Turn 17</h2><div class="spacer battle-history"><br></div><div class="battle-history">Gastly, come back!<br></div><div class="battle-history">Go! <strong>Tirtouga</strong>!<br></div><div class="spacer battle-history"><br></div><div class="battle-history">The opposing Fletchling used <strong>Acrobatics</strong>!<br></div><div class="battle-history"><small>It's not very effective...</small><br></div><div class="battle-history"><small>(Tirtouga lost <abbr title="−6/21">28.6%</abbr> of its health!)</small><br></div><div class="battle-history"><small>(Tirtouga used its Berry Juice!)</small><br></div><div class="battle-history"><small>Tirtouga restored HP using its Berry Juice!</small><br></div><div class="spacer battle-history"><br></div><h2 class="battle-history">Turn 18</h2><div class="chat chatmessage-pinzir"><strong style="color:hsl(75,81%,32%)"><small>★</small><span class="username" data-name="Pinzir">Pinzir</span>:</strong> <em>dormi</em></div><div class="spacer battle-history"><br></div><div class="battle-history">The opposing Fletchling used <strong>Swords Dance</strong>!<br></div><div class="battle-history"><small>The opposing Fletchling's Attack rose sharply!</small><br></div><div class="spacer battle-history"><br></div><div class="battle-history">Tirtouga used <strong>Shell Smash</strong>!<br></div><div class="battle-history"><small>Tirtouga's Defense fell!</small><br></div><div class="battle-history"><small>Tirtouga's Special Defense fell!</small><br></div><div class="battle-history"><small>Tirtouga's Attack rose sharply!</small><br></div><div class="battle-history"><small>Tirtouga's Special Attack rose sharply!</small><br></div><div class="battle-history"><small>Tirtouga's Speed rose sharply!</small><br></div><div class="spacer battle-history"><br></div><h2 class="battle-history">Turn 19</h2><div class="spacer battle-history"><br></div><div class="battle-history">The opposing Fletchling used <strong>Acrobatics</strong>!<br></div><div class="battle-history"><small>It's not very effective...</small><br></div><div class="battle-history"><small>(Tirtouga lost <abbr title="−17/21">81.0%</abbr> of its health!)</small><br></div><div class="spacer battle-history"><br></div><div class="battle-history">Tirtouga used <strong>Waterfall</strong>!<br></div><div class="battle-history"><small>(The opposing Fletchling lost <abbr title="−23/23">100%</abbr> of its health!)</small><br></div><div class="spacer battle-history"><br></div><div class="battle-history">The opposing Fletchling fainted!<br></div><div class="spacer battle-history"><br></div><div class="battle-history">Pinzir sent out <strong>Mienfoo</strong>!<br></div><div class="spacer battle-history"><br></div><h2 class="battle-history">Turn 20</h2><div class="spacer battle-history"><br></div><div class="battle-history">Tirtouga used <strong>Waterfall</strong>!<br></div><div class="battle-history"><small>(The opposing Mienfoo lost <abbr title="−21/21">100%</abbr> of its health!)</small><br></div><div class="spacer battle-history"><br></div><div class="battle-history">The opposing Mienfoo fainted!<br></div><div class="spacer battle-history"><br></div><div class="battle-history">Pinzir sent out <strong>Abra</strong>!<br></div><div class="spacer battle-history"><br></div><h2 class="battle-history">Turn 21</h2><div class="spacer battle-history"><br></div><div class="battle-history">Tirtouga used <strong>Aqua Jet</strong>!<br></div><div class="battle-history"><small>(The opposing Abra lost <abbr title="−19/19">100%</abbr> of its health!)</small><br></div><div class="spacer battle-history"><br></div><div class="battle-history">The opposing Abra fainted!<br></div><div class="spacer battle-history"><br></div><div class="battle-history">Pinzir sent out <strong>Drilbur</strong>!<br></div><div class="battle-history"><small>[The opposing Drilbur's Mold Breaker]</small><br><small>The opposing Drilbur breaks the mold!</small><br></div><div class="spacer battle-history"><br></div><h2 class="battle-history">Turn 22</h2><div class="spacer battle-history"><br></div><div class="battle-history">Tirtouga used <strong>Aqua Jet</strong>!<br></div><div class="battle-history"><small>It's super effective!</small><br></div><div class="battle-history"><small>A critical hit!</small><br></div><div class="battle-history"><small>(The opposing Drilbur lost <abbr title="−11/23">47.8%</abbr> of its health!)</small><br></div><div class="spacer battle-history"><br></div><div class="battle-history">The opposing Drilbur fainted!<br></div><div class="spacer battle-history"><br></div><div class="battle-history"><strong>NicolasPuraVida</strong> won the battle!<br></div><div class="chat chatmessage-nicolaspuravida"><strong style="color:hsl(340,67%,48.8537947135527%)"><small>★</small><span class="username" data-name="NicolasPuraVida">NicolasPuraVida</span>:</strong> <em>gg</em></div><div class="chat"><small>Pinzir left.</small></div></div><div class="inner-preempt"></div></div></div>
</div>
<script>
let daily = Math.floor(Date.now()/1000/60/60/24);document.write('<script src="https://play.pokemonshowdown.com/js/replay-embed.js?version'+daily+'"></'+'script>');
</script>
