<!DOCTYPE html>
<meta charset="utf-8" />
<!-- version 1 -->
<title>LC replay: OmniMonster vs. Commando Jeff</title>
<style>
html,body {font-family:Verdana, sans-serif;font-size:10pt;margin:0;padding:0;}body{padding:12px 0;} .battle-log {font-family:Verdana, sans-serif;font-size:10pt;} .battle-log-inline {border:1px solid #AAAAAA;background:#EEF2F5;color:black;max-width:640px;margin:0 auto 80px;padding-bottom:5px;} .battle-log .inner {padding:4px 8px 0px 8px;} .battle-log .inner-preempt {padding:0 8px 4px 8px;} .battle-log .inner-after {margin-top:0.5em;} .battle-log h2 {margin:0.5em -8px;padding:4px 8px;border:1px solid #AAAAAA;background:#E0E7EA;border-left:0;border-right:0;font-family:Verdana, sans-serif;font-size:13pt;} .battle-log .chat {vertical-align:middle;padding:3px 0 3px 0;font-size:8pt;} .battle-log .chat strong {color:#40576A;} .battle-log .chat em {padding:1px 4px 1px 3px;color:#000000;font-style:normal;} .chat.mine {background:rgba(0,0,0,0.05);margin-left:-8px;margin-right:-8px;padding-left:8px;padding-right:8px;} .spoiler {color:#BBBBBB;background:#BBBBBB;padding:0px 3px;} .spoiler:hover, .spoiler:active, .spoiler-shown {color:#000000;background:#E2E2E2;padding:0px 3px;} .spoiler a {color:#BBBBBB;} .spoiler:hover a, .spoiler:active a, .spoiler-shown a {color:#2288CC;} .chat code, .chat .spoiler:hover code, .chat .spoiler:active code, .chat .spoiler-shown code {border:1px solid #C0C0C0;background:#EEEEEE;color:black;padding:0 2px;} .chat .spoiler code {border:1px solid #CCCCCC;background:#CCCCCC;color:#CCCCCC;} .battle-log .rated {padding:3px 4px;} .battle-log .rated strong {color:white;background:#89A;padding:1px 4px;border-radius:4px;} .spacer {margin-top:0.5em;} .message-announce {background:#6688AA;color:white;padding:1px 4px 2px;} .message-announce a, .broadcast-green a, .broadcast-blue a, .broadcast-red a {color:#DDEEFF;} .broadcast-green {background-color:#559955;color:white;padding:2px 4px;} .broadcast-blue {background-color:#6688AA;color:white;padding:2px 4px;} .infobox {border:1px solid #6688AA;padding:2px 4px;} .infobox-limited {max-height:200px;overflow:auto;overflow-x:hidden;} .broadcast-red {background-color:#AA5544;color:white;padding:2px 4px;} .message-learn-canlearn {font-weight:bold;color:#228822;text-decoration:underline;} .message-learn-cannotlearn {font-weight:bold;color:#CC2222;text-decoration:underline;} .message-effect-weak {font-weight:bold;color:#CC2222;} .message-effect-resist {font-weight:bold;color:#6688AA;} .message-effect-immune {font-weight:bold;color:#666666;} .message-learn-list {margin-top:0;margin-bottom:0;} .message-throttle-notice, .message-error {color:#992222;} .message-overflow, .chat small.message-overflow {font-size:0pt;} .message-overflow::before {font-size:9pt;content:'...';} .subtle {color:#3A4A66;}
</style>
<div class="wrapper replay-wrapper" style="max-width:1180px;margin:0 auto">
<input type="hidden" name="replayid" value="lc-482210358" />
<div class="battle"></div><div class="battle-log"></div><div class="replay-controls"></div><div class="replay-controls-2"></div>
<h1 style="font-weight:normal;text-align:center"><strong>LC</strong><br /><a href="http://pokemonshowdown.com/users/omnimonster" class="subtle" target="_blank">OmniMonster</a> vs. <a href="http://pokemonshowdown.com/users/commandojeff" class="subtle" target="_blank">Commando Jeff</a></h1>
<script type="text/plain" class="battle-log-data">|j|OmniMonster
|j|Commando Jeff
|player|p1|OmniMonster|163
|player|p2|Commando Jeff|252
|gametype|singles
|gen|6
|tier|LC
|rated
|seed|48256,14323,30167,46209
|clearpoke
|poke|p1|Chinchou, L5, M|item
|poke|p1|Mienfoo, L5, M|item
|poke|p1|Magnemite, L5|item
|poke|p1|Tirtouga, L5, M|item
|poke|p1|Foongus, L5, M|item
|poke|p1|Natu, L5, F|item
|poke|p2|Diglett, L5, M|item
|poke|p2|Zigzagoon, L5, F|item
|poke|p2|Pawniard, L5, F|item
|poke|p2|Corphish, L5, M|item
|poke|p2|Elekid, L5, M|item
|poke|p2|Growlithe, L5, F|item
|rule|Sleep Clause Mod: Limit one foe put to sleep
|rule|Species Clause: Limit one of each Pokémon
|rule|OHKO Clause: OHKO moves are banned
|rule|Moody Clause: Moody is banned
|rule|Evasion Moves Clause: Evasion moves are banned
|rule|Endless Battle Clause: Forcing endless battles is banned
|rule|HP Percentage Mod: HP is shown in percentages
|teampreview
|choice|team 2, team 1, team 3, team 4, team 5, team 6|team 6, team 2, team 3, team 4, team 5, team 1
|
|start
|switch|p1a: Heir T|Mienfoo, L5, M|21\/21
|switch|p2a: Growlithe|Growlithe, L5, F|22\/22
|-ability|p2a: Growlithe|Intimidate|boost
|-unboost|p1a: Heir T|atk|1
|turn|1
|choice|move uturn|move flareblitz
|
|move|p1a: Heir T|U-turn|p2a: Growlithe
|-resisted|p2a: Growlithe
|-damage|p2a: Growlithe|19\/22
|choice|switch 2|
|
|switch|p1a: Clinch|Chinchou, L5, M|24\/24
|move|p2a: Growlithe|Flare Blitz|p1a: Clinch
|-resisted|p1a: Clinch
|-damage|p1a: Clinch|15\/24
|-damage|p2a: Growlithe|16\/22|[from] recoil|[of] p1a: Clinch
|
|turn|2
|choice|move scald|switch 5
|
|switch|p2a: Elekid|Elekid, L5, M|21\/21
|move|p1a: Clinch|Scald|p2a: Elekid
|-damage|p2a: Elekid|8\/21
|
|turn|3
|choice|move scald|move voltswitch
|
|move|p1a: Clinch|Scald|p2a: Elekid
|-damage|p2a: Elekid|0 fnt
|faint|p2a: Elekid
|
|choice||switch 4
|
|switch|p2a: Corphish|Corphish, L5, M|20\/20
|turn|4
|choice|switch 5|move dragondance
|
|switch|p1a: Jock Itch|Foongus, L5, M|23\/23
|move|p2a: Corphish|Dragon Dance|p2a: Corphish
|-boost|p2a: Corphish|atk|1
|-boost|p2a: Corphish|spe|1
|
|turn|5
|choice|move spore|move dragondance
|
|move|p2a: Corphish|Dragon Dance|p2a: Corphish
|-boost|p2a: Corphish|atk|1
|-boost|p2a: Corphish|spe|1
|move|p1a: Jock Itch|Spore|p2a: Corphish
|-status|p2a: Corphish|slp
|
|turn|6
|c|★Commando Jeff|penis munc\he]
|choice|move clearsmog|switch 3
|
|switch|p2a: Pawniard|Pawniard, L5, F|21\/21
|move|p1a: Jock Itch|Clear Smog|p2a: Pawniard
|-immune|p2a: Pawniard|[msg]
|
|turn|7
|choice|switch 2|move swordsdance
|
|switch|p1a: Heir T|Mienfoo, L5, M|21\/21
|move|p2a: Pawniard|Swords Dance|p2a: Pawniard
|-boost|p2a: Pawniard|atk|2
|
|turn|8
|choice|move drainpunch|move suckerpunch
|
|move|p2a: Pawniard|Sucker Punch|p1a: Heir T
|-resisted|p1a: Heir T
|-damage|p1a: Heir T|5\/21
|move|p1a: Heir T|Drain Punch|p2a: Pawniard
|-supereffective|p2a: Pawniard
|-damage|p2a: Pawniard|0 fnt
|-heal|p1a: Heir T|16\/21|[from] drain|[of] p2a: Pawniard
|faint|p2a: Pawniard
|
|choice||switch 6
|
|switch|p2a: Diglett|Diglett, L5, M|17\/17
|turn|9
|choice|move drainpunch|move stealthrock
|
|move|p1a: Heir T|Drain Punch|p2a: Diglett
|-enditem|p2a: Diglett|Focus Sash
|-damage|p2a: Diglett|1\/17
|-heal|p1a: Heir T|21\/21|[from] drain|[of] p2a: Diglett
|move|p2a: Diglett|Stealth Rock|p1a: Heir T
|-sidestart|p1: OmniMonster|move: Stealth Rock
|
|turn|10
|choice|move drainpunch|switch 3
|
|switch|p2a: Corphish|Corphish, L5, M|20\/20 slp
|move|p1a: Heir T|Drain Punch|p2a: Corphish
|-damage|p2a: Corphish|11\/20 slp
|
|turn|11
|choice|move drainpunch|move crabhammer
|
|move|p1a: Heir T|Drain Punch|p2a: Corphish
|-damage|p2a: Corphish|2\/20 slp
|cant|p2a: Corphish|slp
|
|turn|12
|choice|move drainpunch|move crabhammer
|
|move|p1a: Heir T|Drain Punch|p2a: Corphish
|-crit|p2a: Corphish
|-damage|p2a: Corphish|0 fnt
|faint|p2a: Corphish
|
|choice||switch 5
|
|switch|p2a: Growlithe|Growlithe, L5, F|16\/22
|-ability|p2a: Growlithe|Intimidate|boost
|-unboost|p1a: Heir T|atk|1
|turn|13
|choice|switch 5|move wildcharge
|
|switch|p1a: Clinch|Chinchou, L5, M|15\/24
|-damage|p1a: Clinch|12\/24|[from] Stealth Rock
|move|p2a: Growlithe|Wild Charge|p1a: Clinch
|-heal|p1a: Clinch|18\/24|[from] ability: Volt Absorb|[of] p2a: Growlithe
|
|turn|14
|choice|move scald|move outrage
|
|move|p1a: Clinch|Scald|p2a: Growlithe
|-supereffective|p2a: Growlithe
|-damage|p2a: Growlithe|0 fnt
|faint|p2a: Growlithe
|
|choice||switch 3
|
|switch|p2a: Diglett|Diglett, L5, M|1\/17
|turn|15
|choice|move scald|move memento
|
|move|p1a: Clinch|Scald|p2a: Diglett
|-supereffective|p2a: Diglett
|-damage|p2a: Diglett|0 fnt
|faint|p2a: Diglett
|
|choice||switch 2
|
|switch|p2a: Zigzagoon|Zigzagoon, L5, F|21\/21
|turn|16
|choice|move scald|move bellydrum
|
|move|p1a: Clinch|Scald|p2a: Zigzagoon
|-damage|p2a: Zigzagoon|9\/21
|-enditem|p2a: Zigzagoon|Berry Juice
|-heal|p2a: Zigzagoon|21\/21|[from] item: Berry Juice
|move|p2a: Zigzagoon|Belly Drum|p2a: Zigzagoon
|-damage|p2a: Zigzagoon|11\/21
|-setboost|p2a: Zigzagoon|atk|6|[from] move: Belly Drum
|
|turn|17
|c|★Commando Jeff|ahahahahahahahah
|choice|move scald|move extremespeed
|
|move|p2a: Zigzagoon|Extreme Speed|p1a: Clinch
|-crit|p1a: Clinch
|-damage|p1a: Clinch|0 fnt
|faint|p1a: Clinch
|
|choice|switch 3|
|
|switch|p1a: How does it WORK?!|Magnemite, L5|19\/19
|-damage|p1a: How does it WORK?!|18\/19|[from] Stealth Rock
|turn|18
|choice|move endure|move extremespeed
|
|move|p1a: How does it WORK?!|Endure|p1a: How does it WORK?!
|-singleturn|p1a: How does it WORK?!|move: Endure
|move|p2a: Zigzagoon|Extreme Speed|p1a: How does it WORK?!
|-resisted|p1a: How does it WORK?!
|-damage|p1a: How does it WORK?!|2\/19
|-enditem|p1a: How does it WORK?!|Berry Juice
|-heal|p1a: How does it WORK?!|19\/19|[from] item: Berry Juice
|
|-item|p2a: Zigzagoon|Berry Juice|[from] ability: Pickup
|turn|19
|choice|move flashcannon|move extremespeed
|
|move|p2a: Zigzagoon|Extreme Speed|p1a: How does it WORK?!
|-resisted|p1a: How does it WORK?!
|-damage|p1a: How does it WORK?!|1\/19
|move|p1a: How does it WORK?!|Flash Cannon|p2a: Zigzagoon
|-damage|p2a: Zigzagoon|0 fnt
|faint|p2a: Zigzagoon
|
|win|OmniMonster
|player|p1
|player|p2
|c|★OmniMonster|gigi
|c|★Commando Jeff|be that way
|raw|OmniMonster's rating: 1224 &rarr; <strong>1239<\/strong><br \/>(+15 for winning)
|raw|Commando Jeff's rating: 1085 &rarr; <strong>1071<\/strong><br \/>(-14 for losing)
|l|Commando Jeff</script>
</div>
<div class="battle-log battle-log-inline"><div class="inner"><div class="battle-options"></div><div class="inner"><div class="chat"><small>OmniMonster joined.</small></div><div class="chat"><small>Commando Jeff joined.</small></div><div class=""><small>Format:</small> <br><strong>LC</strong></div><div class="rated"><strong>Rated battle</strong></div><div class=""><small><em>Sleep Clause Mod:</em> Limit one foe put to sleep</small></div><div class=""><small><em>Species Clause:</em> Limit one of each Pokémon</small></div><div class=""><small><em>OHKO Clause:</em> OHKO moves are banned</small></div><div class=""><small><em>Moody Clause:</em> Moody is banned</small></div><div class=""><small><em>Evasion Moves Clause:</em> Evasion moves are banned</small></div><div class=""><small><em>Endless Battle Clause:</em> Forcing endless battles is banned</small></div><div class=""><small><em>HP Percentage Mod:</em> HP is shown in percentages</small></div><div class="chat battle-history"><strong>OmniMonster's team:</strong> <em style="color:#445566;display:block;">Chinchou / Mienfoo / Magnemite / Tirtouga / Foongus / Natu</em></div><div class="chat battle-history"><strong>Commando Jeff's team:</strong> <em style="color:#445566;display:block;">Diglett / Zigzagoon / Pawniard / Corphish / Elekid / Growlithe</em></div><div class="spacer battle-history"><br></div><div class="battle-history">Battle started between OmniMonster and Commando Jeff!<br></div><div class="spacer battle-history"><br></div><div class="battle-history">Go! Heir T (<strong>Mienfoo</strong>)!<br></div><div class="spacer battle-history"><br></div><div class="battle-history">Commando Jeff sent out <strong>Growlithe</strong>!<br></div><div class="battle-history"><small>[The opposing Growlithe's Intimidate]</small><br></div><div class="battle-history"><small>Heir T's Attack fell!</small><br></div><div class="spacer battle-history"><br></div><h2 class="battle-history">Turn 1</h2><div class="spacer battle-history"><br></div><div class="battle-history">Heir T used <strong>U-turn</strong>!<br></div><div class="battle-history"><small>It's not very effective...</small><br></div><div class="battle-history"><small>(The opposing Growlithe lost <abbr title="−3/22">13.6%</abbr> of its health!)</small><br></div><div class="spacer battle-history"><br></div><div class="battle-history">Heir T went back to OmniMonster!<br></div><div class="battle-history">Go! Clinch (<strong>Chinchou</strong>)!<br></div><div class="spacer battle-history"><br></div><div class="battle-history">The opposing Growlithe used <strong>Flare Blitz</strong>!<br></div><div class="battle-history"><small>It's not very effective...</small><br></div><div class="battle-history"><small>(Clinch lost <abbr title="−9/24">37.5%</abbr> of its health!)</small><br></div><div class="battle-history"><small>The opposing Growlithe is damaged by the recoil!</small><br></div><div class="spacer battle-history"><br></div><h2 class="battle-history">Turn 2</h2><div class="spacer battle-history"><br></div><div class="battle-history">Commando Jeff withdrew Growlithe!<br></div><div class="battle-history">Commando Jeff sent out <strong>Elekid</strong>!<br></div><div class="spacer battle-history"><br></div><div class="battle-history">Clinch used <strong>Scald</strong>!<br></div><div class="battle-history"><small>(The opposing Elekid lost <abbr title="−13/21">61.9%</abbr> of its health!)</small><br></div><div class="spacer battle-history"><br></div><h2 class="battle-history">Turn 3</h2><div class="spacer battle-history"><br></div><div class="battle-history">Clinch used <strong>Scald</strong>!<br></div><div class="battle-history"><small>(The opposing Elekid lost <abbr title="−8/21">38.1%</abbr> of its health!)</small><br></div><div class="spacer battle-history"><br></div><div class="battle-history">The opposing Elekid fainted!<br></div><div class="spacer battle-history"><br></div><div class="battle-history">Commando Jeff sent out <strong>Corphish</strong>!<br></div><div class="spacer battle-history"><br></div><h2 class="battle-history">Turn 4</h2><div class="spacer battle-history"><br></div><div class="battle-history">Clinch, come back!<br></div><div class="battle-history">Go! Jock Itch (<strong>Foongus</strong>)!<br></div><div class="spacer battle-history"><br></div><div class="battle-history">The opposing Corphish used <strong>Dragon Dance</strong>!<br></div><div class="battle-history"><small>The opposing Corphish's Attack rose!</small><br></div><div class="battle-history"><small>The opposing Corphish's Speed rose!</small><br></div><div class="spacer battle-history"><br></div><h2 class="battle-history">Turn 5</h2><div class="spacer battle-history"><br></div><div class="battle-history">The opposing Corphish used <strong>Dragon Dance</strong>!<br></div><div class="battle-history"><small>The opposing Corphish's Attack rose!</small><br></div><div class="battle-history"><small>The opposing Corphish's Speed rose!</small><br></div><div class="spacer battle-history"><br></div><div class="battle-history">Jock Itch used <strong>Spore</strong>!<br></div><div class="battle-history"><small>The opposing Corphish fell asleep!</small><br></div><div class="spacer battle-history"><br></div><h2 class="battle-history">Turn 6</h2><div class="chat chatmessage-commandojeff"><strong style="color:hsl(247,40%,62.24700003620427%)"><small>★</small><span class="username" data-name="Commando Jeff">Commando Jeff</span>:</strong> <em>penis munc\he]</em></div><div class="spacer battle-history"><br></div><div class="battle-history">Commando Jeff withdrew Corphish!<br></div><div class="battle-history">Commando Jeff sent out <strong>Pawniard</strong>!<br></div><div class="spacer battle-history"><br></div><div class="battle-history">Jock Itch used <strong>Clear Smog</strong>!<br></div><div class="battle-history"><small>It doesn't affect the opposing Pawniard...</small><br></div><div class="spacer battle-history"><br></div><h2 class="battle-history">Turn 7</h2><div class="spacer battle-history"><br></div><div class="battle-history">Jock Itch, come back!<br></div><div class="battle-history">Go! Heir T (<strong>Mienfoo</strong>)!<br></div><div class="spacer battle-history"><br></div><div class="battle-history">The opposing Pawniard used <strong>Swords Dance</strong>!<br></div><div class="battle-history"><small>The opposing Pawniard's Attack rose sharply!</small><br></div><div class="spacer battle-history"><br></div><h2 class="battle-history">Turn 8</h2><div class="spacer battle-history"><br></div><div class="battle-history">The opposing Pawniard used <strong>Sucker Punch</strong>!<br></div><div class="battle-history"><small>It's not very effective...</small><br></div><div class="battle-history"><small>(Heir T lost <abbr title="−16/21">76.2%</abbr> of its health!)</small><br></div><div class="spacer battle-history"><br></div><div class="battle-history">Heir T used <strong>Drain Punch</strong>!<br></div><div class="battle-history"><small>It's super effective!</small><br></div><div class="battle-history"><small>(The opposing Pawniard lost <abbr title="−21/21">100%</abbr> of its health!)</small><br></div><div class="battle-history"><small>The opposing Pawniard had its energy drained!</small><br></div><div class="spacer battle-history"><br></div><div class="battle-history">The opposing Pawniard fainted!<br></div><div class="spacer battle-history"><br></div><div class="battle-history">Commando Jeff sent out <strong>Diglett</strong>!<br></div><div class="spacer battle-history"><br></div><h2 class="battle-history">Turn 9</h2><div class="spacer battle-history"><br></div><div class="battle-history">Heir T used <strong>Drain Punch</strong>!<br></div><div class="battle-history"><small>The opposing Diglett hung on using its Focus Sash!</small><br></div><div class="battle-history"><small>(The opposing Diglett lost <abbr title="−16/17">94.1%</abbr> of its health!)</small><br></div><div class="battle-history"><small>The opposing Diglett had its energy drained!</small><br></div><div class="spacer battle-history"><br></div><div class="battle-history">The opposing Diglett used <strong>Stealth Rock</strong>!<br></div><div class="battle-history"><small>Pointed stones float in the air around your team!</small><br></div><div class="spacer battle-history"><br></div><h2 class="battle-history">Turn 10</h2><div class="spacer battle-history"><br></div><div class="battle-history">Commando Jeff withdrew Diglett!<br></div><div class="battle-history">Commando Jeff sent out <strong>Corphish</strong>!<br></div><div class="spacer battle-history"><br></div><div class="battle-history">Heir T used <strong>Drain Punch</strong>!<br></div><div class="battle-history"><small>(The opposing Corphish lost <abbr title="−9/20">45%</abbr> of its health!)</small><br></div><div class="spacer battle-history"><br></div><h2 class="battle-history">Turn 11</h2><div class="spacer battle-history"><br></div><div class="battle-history">Heir T used <strong>Drain Punch</strong>!<br></div><div class="battle-history"><small>(The opposing Corphish lost <abbr title="−9/20">45%</abbr> of its health!)</small><br></div><div class="spacer battle-history"><br></div><div class="battle-history">The opposing Corphish is fast asleep.<br></div><div class="spacer battle-history"><br></div><h2 class="battle-history">Turn 12</h2><div class="spacer battle-history"><br></div><div class="battle-history">Heir T used <strong>Drain Punch</strong>!<br></div><div class="battle-history"><small>A critical hit!</small><br></div><div class="battle-history"><small>(The opposing Corphish lost <abbr title="−2/20">10%</abbr> of its health!)</small><br></div><div class="spacer battle-history"><br></div><div class="battle-history">The opposing Corphish fainted!<br></div><div class="spacer battle-history"><br></div><div class="battle-history">Commando Jeff sent out <strong>Growlithe</strong>!<br></div><div class="battle-history"><small>[The opposing Growlithe's Intimidate]</small><br></div><div class="battle-history"><small>Heir T's Attack fell!</small><br></div><div class="spacer battle-history"><br></div><h2 class="battle-history">Turn 13</h2><div class="spacer battle-history"><br></div><div class="battle-history">Heir T, come back!<br></div><div class="battle-history">Go! Clinch (<strong>Chinchou</strong>)!<br></div><div class="battle-history"><small>Pointed stones dug into Clinch!</small><br></div><div class="spacer battle-history"><br></div><div class="battle-history">The opposing Growlithe used <strong>Wild Charge</strong>!<br></div><div class="battle-history"><small>[Clinch's Volt Absorb]</small><br><small>Clinch restored its HP.</small><br></div><div class="spacer battle-history"><br></div><h2 class="battle-history">Turn 14</h2><div class="spacer battle-history"><br></div><div class="battle-history">Clinch used <strong>Scald</strong>!<br></div><div class="battle-history"><small>It's super effective!</small><br></div><div class="battle-history"><small>(The opposing Growlithe lost <abbr title="−16/22">72.7%</abbr> of its health!)</small><br></div><div class="spacer battle-history"><br></div><div class="battle-history">The opposing Growlithe fainted!<br></div><div class="spacer battle-history"><br></div><div class="battle-history">Commando Jeff sent out <strong>Diglett</strong>!<br></div><div class="spacer battle-history"><br></div><h2 class="battle-history">Turn 15</h2><div class="spacer battle-history"><br></div><div class="battle-history">Clinch used <strong>Scald</strong>!<br></div><div class="battle-history"><small>It's super effective!</small><br></div><div class="battle-history"><small>(The opposing Diglett lost <abbr title="−1/17">5.9%</abbr> of its health!)</small><br></div><div class="spacer battle-history"><br></div><div class="battle-history">The opposing Diglett fainted!<br></div><div class="spacer battle-history"><br></div><div class="battle-history">Commando Jeff sent out <strong>Zigzagoon</strong>!<br></div><div class="spacer battle-history"><br></div><h2 class="battle-history">Turn 16</h2><div class="spacer battle-history"><br></div><div class="battle-history">Clinch used <strong>Scald</strong>!<br></div><div class="battle-history"><small>(The opposing Zigzagoon lost <abbr title="−12/21">57.1%</abbr> of its health!)</small><br></div><div class="battle-history"><small>(The opposing Zigzagoon used its Berry Juice!)</small><br></div><div class="battle-history"><small>The opposing Zigzagoon restored HP using its Berry Juice!</small><br></div><div class="spacer battle-history"><br></div><div class="battle-history">The opposing Zigzagoon used <strong>Belly Drum</strong>!<br></div><div class="battle-history"><small>(The opposing Zigzagoon lost <abbr title="−10/21">47.6%</abbr> of its health!)</small><br></div><div class="battle-history"><small>The opposing Zigzagoon cut its own HP and maximized its Attack!</small><br></div><div class="spacer battle-history"><br></div><h2 class="battle-history">Turn 17</h2><div class="chat chatmessage-commandojeff"><strong style="color:hsl(247,40%,62.24700003620427%)"><small>★</small><span class="username" data-name="Commando Jeff">Commando Jeff</span>:</strong> <em>ahahahahahahahah</em></div><div class="spacer battle-history"><br></div><div class="battle-history">The opposing Zigzagoon used <strong>Extreme Speed</strong>!<br></div><div class="battle-history"><small>A critical hit!</small><br></div><div class="battle-history"><small>(Clinch lost <abbr title="−18/24">75%</abbr> of its health!)</small><br></div><div class="spacer battle-history"><br></div><div class="battle-history">Clinch fainted!<br></div><div class="spacer battle-history"><br></div><div class="battle-history">Go! How does it WORK?! (<strong>Magnemite</strong>)!<br></div><div class="battle-history"><small>Pointed stones dug into How does it WORK?!!</small><br></div><div class="spacer battle-history"><br></div><h2 class="battle-history">Turn 18</h2><div class="spacer battle-history"><br></div><div class="battle-history">How does it WORK?! used <strong>Endure</strong>!<br></div><div class="battle-history"><small>How does it WORK?! braced itself!</small><br></div><div class="spacer battle-history"><br></div><div class="battle-history">The opposing Zigzagoon used <strong>Extreme Speed</strong>!<br></div><div class="battle-history"><small>It's not very effective...</small><br></div><div class="battle-history"><small>(How does it WORK?! lost <abbr title="−16/19">84.2%</abbr> of its health!)</small><br></div><div class="battle-history"><small>(How does it WORK?! used its Berry Juice!)</small><br></div><div class="battle-history"><small>How does it WORK?! restored HP using its Berry Juice!</small><br></div><div class="spacer battle-history"><br></div><div class="battle-history"><small>[The opposing Zigzagoon's Pickup]</small><br><small>The opposing Zigzagoon found one Berry Juice!</small><br></div><div class="spacer battle-history"><br></div><h2 class="battle-history">Turn 19</h2><div class="spacer battle-history"><br></div><div class="battle-history">The opposing Zigzagoon used <strong>Extreme Speed</strong>!<br></div><div class="battle-history"><small>It's not very effective...</small><br></div><div class="battle-history"><small>(How does it WORK?! lost <abbr title="−18/19">94.7%</abbr> of its health!)</small><br></div><div class="spacer battle-history"><br></div><div class="battle-history">How does it WORK?! used <strong>Flash Cannon</strong>!<br></div><div class="battle-history"><small>(The opposing Zigzagoon lost <abbr title="−11/21">52.4%</abbr> of its health!)</small><br></div><div class="spacer battle-history"><br></div><div class="battle-history">The opposing Zigzagoon fainted!<br></div><div class="spacer battle-history"><br></div><div class="battle-history"><strong>OmniMonster</strong> won the battle!<br></div><div class="chat chatmessage-omnimonster"><strong style="color:hsl(321,71%,44%)"><small>★</small><span class="username" data-name="OmniMonster">OmniMonster</span>:</strong> <em>gigi</em></div><div class="chat chatmessage-commandojeff"><strong style="color:hsl(247,40%,62.24700003620427%)"><small>★</small><span class="username" data-name="Commando Jeff">Commando Jeff</span>:</strong> <em>be that way</em></div><div class="chat">OmniMonster's rating: 1224 → <strong>1239</strong><br>(+15 for winning)</div><div class="chat">Commando Jeff's rating: 1085 → <strong>1071</strong><br>(-14 for losing)</div><div class="chat"><small>Commando Jeff left.</small></div></div><div class="inner-preempt"></div></div></div>
</div>
<script>
let daily = Math.floor(Date.now()/1000/60/60/24);document.write('<script src="https://play.pokemonshowdown.com/js/replay-embed.js?version'+daily+'"></'+'script>');
</script>
