<!DOCTYPE html>
<meta charset="utf-8" />
<!-- version 1 -->
<title>LC replay: SilentMango vs. Imilfs</title>
<style>
html,body {font-family:Verdana, sans-serif;font-size:10pt;margin:0;padding:0;}body{padding:12px 0;} .battle-log {font-family:Verdana, sans-serif;font-size:10pt;} .battle-log-inline {border:1px solid #AAAAAA;background:#EEF2F5;color:black;max-width:640px;margin:0 auto 80px;padding-bottom:5px;} .battle-log .inner {padding:4px 8px 0px 8px;} .battle-log .inner-preempt {padding:0 8px 4px 8px;} .battle-log .inner-after {margin-top:0.5em;} .battle-log h2 {margin:0.5em -8px;padding:4px 8px;border:1px solid #AAAAAA;background:#E0E7EA;border-left:0;border-right:0;font-family:Verdana, sans-serif;font-size:13pt;} .battle-log .chat {vertical-align:middle;padding:3px 0 3px 0;font-size:8pt;} .battle-log .chat strong {color:#40576A;} .battle-log .chat em {padding:1px 4px 1px 3px;color:#000000;font-style:normal;} .chat.mine {background:rgba(0,0,0,0.05);margin-left:-8px;margin-right:-8px;padding-left:8px;padding-right:8px;} .spoiler {color:#BBBBBB;background:#BBBBBB;padding:0px 3px;} .spoiler:hover, .spoiler:active, .spoiler-shown {color:#000000;background:#E2E2E2;padding:0px 3px;} .spoiler a {color:#BBBBBB;} .spoiler:hover a, .spoiler:active a, .spoiler-shown a {color:#2288CC;} .chat code, .chat .spoiler:hover code, .chat .spoiler:active code, .chat .spoiler-shown code {border:1px solid #C0C0C0;background:#EEEEEE;color:black;padding:0 2px;} .chat .spoiler code {border:1px solid #CCCCCC;background:#CCCCCC;color:#CCCCCC;} .battle-log .rated {padding:3px 4px;} .battle-log .rated strong {color:white;background:#89A;padding:1px 4px;border-radius:4px;} .spacer {margin-top:0.5em;} .message-announce {background:#6688AA;color:white;padding:1px 4px 2px;} .message-announce a, .broadcast-green a, .broadcast-blue a, .broadcast-red a {color:#DDEEFF;} .broadcast-green {background-color:#559955;color:white;padding:2px 4px;} .broadcast-blue {background-color:#6688AA;color:white;padding:2px 4px;} .infobox {border:1px solid #6688AA;padding:2px 4px;} .infobox-limited {max-height:200px;overflow:auto;overflow-x:hidden;} .broadcast-red {background-color:#AA5544;color:white;padding:2px 4px;} .message-learn-canlearn {font-weight:bold;color:#228822;text-decoration:underline;} .message-learn-cannotlearn {font-weight:bold;color:#CC2222;text-decoration:underline;} .message-effect-weak {font-weight:bold;color:#CC2222;} .message-effect-resist {font-weight:bold;color:#6688AA;} .message-effect-immune {font-weight:bold;color:#666666;} .message-learn-list {margin-top:0;margin-bottom:0;} .message-throttle-notice, .message-error {color:#992222;} .message-overflow, .chat small.message-overflow {font-size:0pt;} .message-overflow::before {font-size:9pt;content:'...';} .subtle {color:#3A4A66;}
</style>
<div class="wrapper replay-wrapper" style="max-width:1180px;margin:0 auto">
<input type="hidden" name="replayid" value="lc-589495653" />
<div class="battle"></div><div class="battle-log"></div><div class="replay-controls"></div><div class="replay-controls-2"></div>
<h1 style="font-weight:normal;text-align:center"><strong>LC</strong><br /><a href="http://pokemonshowdown.com/users/silentmango" class="subtle" target="_blank">SilentMango</a> vs. <a href="http://pokemonshowdown.com/users/imilfs" class="subtle" target="_blank">Imilfs</a></h1>
<script type="text/plain" class="battle-log-data">|j|SilentMango
|j|Imilfs
|player|p1|SilentMango|261
|teamsize|p1|6
|player|p2|Imilfs|255
|teamsize|p2|6
|gametype|singles
|gen|6
|tier|LC
|seed|41393,54041,11718,9346
|clearpoke
|poke|p1|Snivy, L5, F|item
|poke|p1|Porygon, L5|item
|poke|p1|Vullaby, L5, F|item
|poke|p1|Snubbull, L5, M|item
|poke|p1|Pawniard, L5, F|item
|poke|p1|Mienfoo, L5, M|item
|poke|p2|Corphish, L5, F|item
|poke|p2|Chinchou, L5, M|item
|poke|p2|Foongus, L5, F|item
|poke|p2|Diglett, L5, F|item
|poke|p2|Pawniard, L5, M|item
|poke|p2|Mienfoo, L5, M|item
|rule|Sleep Clause Mod: Limit one foe put to sleep
|rule|Species Clause: Limit one of each Pokémon
|rule|OHKO Clause: OHKO moves are banned
|rule|Moody Clause: Moody is banned
|rule|Evasion Moves Clause: Evasion moves are banned
|rule|Endless Battle Clause: Forcing endless battles is banned
|rule|HP Percentage Mod: HP is shown in percentages
|teampreview
|j|Fiend Hound
|c|+Fiend Hound|wait
|c|+Fiend Hound|don't i have that team
|j|ggggd
|c|+Fiend Hound|and didn't i use it in testing
|c|+Fiend Hound|well, v similar team
|c|+Fiend Hound|gl mango
|c| ggggd|BA please remove this awful name
|c|☆SilentMango|ty
|c| ggggd|it makes me sick
|choice|team 2, team 1, team 3, team 4, team 5, team 6|team 6, team 2, team 3, team 4, team 5, team 1
|
|start
|switch|p1a: Porygon|Porygon, L5|25\/25
|switch|p2a: Retired BA|Mienfoo, L5, M|23\/23
|-ability|p1a: Porygon|Download|boost
|-boost|p1a: Porygon|spa|1
|turn|1
|j|Nineage
|j|ItzViper482
|l|ItzViper482
|j|Xayahh
|j|ItzViper482
|choice|switch 4|move uturn
|
|switch|p1a: Snubbull|Snubbull, L5, M|23\/23
|-ability|p1a: Snubbull|Intimidate|boost
|-unboost|p2a: Retired BA|atk|1
|move|p2a: Retired BA|U-turn|p1a: Snubbull
|-resisted|p1a: Snubbull
|-damage|p1a: Snubbull|22\/23
|choice||switch 5
|
|switch|p2a: Gollets are amazin|Pawniard, L5, M|21\/21
|
|upkeep
|turn|2
|c| ItzViper482|mango play me for ssnl after y\/n
|c|☆SilentMango|n
|choice|switch 6|move stealthrock
|
|switch|p1a: Mienfoo|Mienfoo, L5, M|21\/21
|move|p2a: Gollets are amazin|Stealth Rock|p1a: Mienfoo
|-sidestart|p1: SilentMango|move: Stealth Rock
|
|upkeep
|turn|3
|choice|move knockoff|switch 3
|
|switch|p2a: Subeme La Radio|Foongus, L5, F|25\/25
|move|p1a: Mienfoo|Knock Off|p2a: Subeme La Radio
|-damage|p2a: Subeme La Radio|19\/25
|-enditem|p2a: Subeme La Radio|Eviolite|[from] move: Knock Off|[of] p1a: Mienfoo
|
|upkeep
|turn|4
|j|imanalt
|choice|move uturn|move sludgebomb
|
|move|p1a: Mienfoo|U-turn|p2a: Subeme La Radio
|-damage|p2a: Subeme La Radio|12\/25
|choice|switch 5|
|
|switch|p1a: Pawniard|Pawniard, L5, F|21\/21
|-damage|p1a: Pawniard|20\/21|[from] Stealth Rock
|move|p2a: Subeme La Radio|Sludge Bomb|p1a: Pawniard
|-immune|p1a: Pawniard|[msg]
|
|upkeep
|turn|5
|choice|move ironhead|switch 5
|
|switch|p2a: Retired BA|Mienfoo, L5, M|23\/23
|move|p1a: Pawniard|Iron Head|p2a: Retired BA
|-damage|p2a: Retired BA|14\/23
|
|upkeep
|turn|6
|j|Drew
|choice|switch 6|move uturn
|
|switch|p1a: Snubbull|Snubbull, L5, M|22\/23
|-damage|p1a: Snubbull|20\/23|[from] Stealth Rock
|-ability|p1a: Snubbull|Intimidate|boost
|-unboost|p2a: Retired BA|atk|1
|move|p2a: Retired BA|U-turn|p1a: Snubbull
|-resisted|p1a: Snubbull
|-damage|p1a: Snubbull|19\/23
|c| Drew|GO MANGO
|c| Drew|I LUV U
|j|fitzy
|j|OP
|choice||switch 3
|
|switch|p2a: Gollets are amazin|Pawniard, L5, M|21\/21
|
|upkeep
|turn|7
|choice|switch 5|move ironhead
|
|switch|p1a: Mienfoo|Mienfoo, L5, M|21\/21
|-damage|p1a: Mienfoo|20\/21|[from] Stealth Rock
|move|p2a: Gollets are amazin|Iron Head|p1a: Mienfoo
|-damage|p1a: Mienfoo|11\/21
|
|upkeep
|turn|8
|choice|move uturn|switch 3
|
|switch|p2a: Retired BA|Mienfoo, L5, M|21\/23
|move|p1a: Mienfoo|U-turn|p2a: Retired BA
|-resisted|p2a: Retired BA
|-damage|p2a: Retired BA|19\/23
|choice|switch 5|
|
|switch|p1a: Snubbull|Snubbull, L5, M|19\/23
|-damage|p1a: Snubbull|17\/23|[from] Stealth Rock
|-ability|p1a: Snubbull|Intimidate|boost
|-unboost|p2a: Retired BA|atk|1
|
|upkeep
|turn|9
|choice|move firepunch|move uturn
|
|move|p2a: Retired BA|U-turn|p1a: Snubbull
|-resisted|p1a: Snubbull
|-damage|p1a: Snubbull|16\/23
|choice||switch 6
|
|switch|p2a: Milf|Corphish, L5, F|20\/20
|move|p1a: Snubbull|Fire Punch|p2a: Milf
|-resisted|p2a: Milf
|-damage|p2a: Milf|18\/20
|
|upkeep
|turn|10
|j|Quote
|j|GrilloFerreyra
|choice|move thunderwave|move crabhammer
|
|move|p2a: Milf|Crabhammer|p1a: Snubbull
|-damage|p1a: Snubbull|4\/23
|move|p1a: Snubbull|Thunder Wave|p2a: Milf
|-status|p2a: Milf|par
|
|upkeep
|turn|11
|choice|switch 2|move crabhammer
|
|switch|p1a: Snivy|Snivy, L5, F|21\/21
|-damage|p1a: Snivy|19\/21|[from] Stealth Rock
|cant|p2a: Milf|par
|
|upkeep
|turn|12
|choice|move leafstorm|switch 3
|
|switch|p2a: Gollets are amazin|Pawniard, L5, M|21\/21
|move|p1a: Snivy|Leaf Storm|p2a: Gollets are amazin
|-resisted|p2a: Gollets are amazin
|-damage|p2a: Gollets are amazin|15\/21
|-boost|p1a: Snivy|spa|2
|
|upkeep
|turn|13
|choice|move glare|move knockoff
|
|move|p1a: Snivy|Glare|p2a: Gollets are amazin
|-status|p2a: Gollets are amazin|par
|move|p2a: Gollets are amazin|Knock Off|p1a: Snivy
|-damage|p1a: Snivy|7\/21
|-enditem|p1a: Snivy|Eviolite|[from] move: Knock Off|[of] p2a: Gollets are amazin
|
|upkeep
|turn|14
|choice|move synthesis|move knockoff
|
|move|p1a: Snivy|Synthesis|p1a: Snivy
|-heal|p1a: Snivy|17\/21
|move|p2a: Gollets are amazin|Knock Off|p1a: Snivy
|-damage|p1a: Snivy|5\/21
|
|upkeep
|turn|15
|choice|move synthesis|move ironhead
|
|move|p1a: Snivy|Synthesis|p1a: Snivy
|-heal|p1a: Snivy|15\/21
|move|p2a: Gollets are amazin|Iron Head|p1a: Snivy
|-damage|p1a: Snivy|2\/21
|
|upkeep
|turn|16
|j|Sken
|choice|move synthesis|move ironhead
|
|move|p1a: Snivy|Synthesis|p1a: Snivy
|-heal|p1a: Snivy|12\/21
|move|p2a: Gollets are amazin|Iron Head|p1a: Snivy
|-damage|p1a: Snivy|0 fnt
|faint|p1a: Snivy
|
|upkeep
|choice|switch 5|
|
|switch|p1a: Mienfoo|Mienfoo, L5, M|18\/21
|-damage|p1a: Mienfoo|17\/21|[from] Stealth Rock
|turn|17
|choice|move highjumpkick|switch 5
|
|switch|p2a: Subeme La Radio|Foongus, L5, F|20\/25
|move|p1a: Mienfoo|High Jump Kick|p2a: Subeme La Radio
|-resisted|p2a: Subeme La Radio
|-damage|p2a: Subeme La Radio|12\/25
|
|upkeep
|turn|18
|choice|move uturn|switch 3
|
|switch|p2a: Milf|Corphish, L5, F|18\/20 par
|move|p1a: Mienfoo|U-turn|p2a: Milf
|-damage|p2a: Milf|13\/20 par
|choice|switch 4|
|
|switch|p1a: Porygon|Porygon, L5|25\/25
|-damage|p1a: Porygon|22\/25|[from] Stealth Rock
|-ability|p1a: Porygon|Download|boost
|-boost|p1a: Porygon|spa|1
|
|upkeep
|turn|19
|choice|move triattack|move crabhammer
|
|move|p1a: Porygon|Tri Attack|p2a: Milf
|-damage|p2a: Milf|0 fnt
|faint|p2a: Milf
|
|upkeep
|choice||switch 6
|
|switch|p2a: Retired BA|Mienfoo, L5, M|23\/23
|turn|20
|l|GrilloFerreyra
|choice|switch 3|move highjumpkick
|
|switch|p1a: Vullaby|Vullaby, L5, F|25\/25
|-damage|p1a: Vullaby|19\/25|[from] Stealth Rock
|move|p2a: Retired BA|High Jump Kick|p1a: Vullaby
|-damage|p1a: Vullaby|3\/25
|-ability|p1a: Vullaby|Weak Armor|boost
|-unboost|p1a: Vullaby|def|1
|-boost|p1a: Vullaby|spe|1
|-enditem|p1a: Vullaby|Berry Juice
|-heal|p1a: Vullaby|23\/25|[from] item: Berry Juice
|
|upkeep
|turn|21
|choice|move airslash|move highjumpkick
|
|move|p1a: Vullaby|Air Slash|p2a: Retired BA
|-supereffective|p2a: Retired BA
|-damage|p2a: Retired BA|9\/23
|cant|p2a: Retired BA|flinch
|
|upkeep
|turn|22
|j|lars stindl
|j|Kumih0
|choice|move airslash|switch 2
|
|switch|p2a: super Milf|Chinchou, L5, M|24\/24
|move|p1a: Vullaby|Air Slash|p2a: super Milf|[miss]
|-miss|p1a: Vullaby|p2a: super Milf
|
|upkeep
|turn|23
|choice|switch 4|move voltswitch
|
|switch|p1a: Mienfoo|Mienfoo, L5, M|21\/21
|-damage|p1a: Mienfoo|20\/21|[from] Stealth Rock
|move|p2a: super Milf|Volt Switch|p1a: Mienfoo
|-damage|p1a: Mienfoo|13\/21
|choice||switch 3
|
|switch|p2a: Subeme La Radio|Foongus, L5, F|20\/25
|
|upkeep
|turn|24
|choice|move uturn|move spore
|
|move|p1a: Mienfoo|U-turn|p2a: Subeme La Radio
|-damage|p2a: Subeme La Radio|13\/25
|choice|switch 6|
|
|switch|p1a: Pawniard|Pawniard, L5, F|20\/21
|-damage|p1a: Pawniard|19\/21|[from] Stealth Rock
|move|p2a: Subeme La Radio|Spore|p1a: Pawniard
|-status|p1a: Pawniard|slp
|
|upkeep
|turn|25
|c| Nineage|GOOO MANGO
|choice|switch 6|switch 2
|
|switch|p1a: Mienfoo|Mienfoo, L5, M|20\/21
|-damage|p1a: Mienfoo|19\/21|[from] Stealth Rock
|switch|p2a: Retired BA|Mienfoo, L5, M|16\/23
|
|upkeep
|turn|26
|choice|move knockoff|move uturn
|
|move|p1a: Mienfoo|Knock Off|p2a: Retired BA
|-resisted|p2a: Retired BA
|-damage|p2a: Retired BA|13\/23
|-enditem|p2a: Retired BA|Eviolite|[from] move: Knock Off|[of] p1a: Mienfoo
|move|p2a: Retired BA|U-turn|p1a: Mienfoo
|-resisted|p1a: Mienfoo
|-damage|p1a: Mienfoo|17\/21
|choice||switch 2
|
|switch|p2a: Subeme La Radio|Foongus, L5, F|21\/25
|
|upkeep
|turn|27
|choice|move knockoff|move sludgebomb
|
|move|p1a: Mienfoo|Knock Off|p2a: Subeme La Radio
|-damage|p2a: Subeme La Radio|15\/25
|move|p2a: Subeme La Radio|Sludge Bomb|p1a: Mienfoo
|-damage|p1a: Mienfoo|10\/21
|
|upkeep
|turn|28
|choice|move uturn|switch 2
|
|switch|p2a: Retired BA|Mienfoo, L5, M|20\/23
|move|p1a: Mienfoo|U-turn|p2a: Retired BA
|-resisted|p2a: Retired BA
|-damage|p2a: Retired BA|17\/23
|l|Xayahh
|choice|switch 4|
|
|switch|p1a: Vullaby|Vullaby, L5, F|23\/25
|-damage|p1a: Vullaby|17\/25|[from] Stealth Rock
|
|upkeep
|turn|29
|j|tko
|c| tko|is this lcpl
|c| tko|GO mANGO
|choice|move darkpulse|switch 3
|
|switch|p2a: super Milf|Chinchou, L5, M|24\/24
|move|p1a: Vullaby|Dark Pulse|p2a: super Milf
|-damage|p2a: super Milf|12\/24
|
|upkeep
|turn|30
|c| Drew|y
|j|spaceworm
|c| Drew|MAGNO
|choice|switch 6|move voltswitch
|
|switch|p1a: Pawniard|Pawniard, L5, F|19\/21 slp
|-damage|p1a: Pawniard|18\/21 slp|[from] Stealth Rock
|move|p2a: super Milf|Volt Switch|p1a: Pawniard
|-damage|p1a: Pawniard|6\/21 slp
|choice||switch 4
|
|switch|p2a: ggggd is a john|Diglett, L5, F|17\/17
|
|upkeep
|turn|31
|choice|move knockoff|move substitute
|
|cant|p1a: Pawniard|slp
|move|p2a: ggggd is a john|Substitute|p2a: ggggd is a john
|-start|p2a: ggggd is a john|Substitute
|-damage|p2a: ggggd is a john|13\/17
|
|upkeep
|turn|32
|c|+Fiend Hound|lol
|c|☆Imilfs|live love hax
|choice|move ironhead|move earthquake
|
|-curestatus|p1a: Pawniard|slp|[msg]
|move|p1a: Pawniard|Iron Head|p2a: ggggd is a john
|-end|p2a: ggggd is a john|Substitute
|move|p2a: ggggd is a john|Earthquake|p1a: Pawniard
|-supereffective|p1a: Pawniard
|-damage|p1a: Pawniard|0 fnt
|-damage|p2a: ggggd is a john|12\/17|[from] item: Life Orb
|faint|p1a: Pawniard
|
|upkeep
|c|☆Imilfs|!
|c| ggggd|this was
|c| ggggd|1 turn sleep
|c| ggggd|wasnt it
|c|☆Imilfs|y
|choice|switch 4|
|
|switch|p1a: Mienfoo|Mienfoo, L5, M|17\/21
|-damage|p1a: Mienfoo|16\/21|[from] Stealth Rock
|turn|33
|l|Quote
|choice|move highjumpkick|move substitute
|
|move|p2a: ggggd is a john|Substitute|p2a: ggggd is a john
|-start|p2a: ggggd is a john|Substitute
|-damage|p2a: ggggd is a john|8\/17
|move|p1a: Mienfoo|High Jump Kick|p2a: ggggd is a john
|-end|p2a: ggggd is a john|Substitute
|
|upkeep
|turn|34
|l|spaceworm
|l|Kumih0
|l|imanalt
|choice|move uturn|switch 2
|
|switch|p2a: Subeme La Radio|Foongus, L5, F|23\/25
|move|p1a: Mienfoo|U-turn|p2a: Subeme La Radio
|-crit|p2a: Subeme La Radio
|-damage|p2a: Subeme La Radio|13\/25
|choice|switch 3|
|
|switch|p1a: Porygon|Porygon, L5|22\/25
|-damage|p1a: Porygon|19\/25|[from] Stealth Rock
|-ability|p1a: Porygon|Download|boost
|-boost|p1a: Porygon|spa|1
|
|upkeep
|turn|35
|choice|move psychic|switch 2
|
|switch|p2a: ggggd is a john|Diglett, L5, F|8\/17
|move|p1a: Porygon|Psychic|p2a: ggggd is a john
|-damage|p2a: ggggd is a john|0 fnt
|faint|p2a: ggggd is a john
|
|upkeep
|c| lars stindl|anyone saw this
|c| lars stindl|so good wtf
|choice||switch 3
|
|switch|p2a: Retired BA|Mienfoo, L5, M|23\/23
|turn|36
|j|Vileman
|choice|switch 2|move highjumpkick
|
|switch|p1a: Snubbull|Snubbull, L5, M|4\/23
|-damage|p1a: Snubbull|2\/23|[from] Stealth Rock
|-ability|p1a: Snubbull|Intimidate|boost
|-unboost|p2a: Retired BA|atk|1
|move|p2a: Retired BA|High Jump Kick|p1a: Snubbull
|-resisted|p1a: Snubbull
|-crit|p1a: Snubbull
|-damage|p1a: Snubbull|0 fnt
|faint|p1a: Snubbull
|
|upkeep
|choice|switch 3|
|
|switch|p1a: Mienfoo|Mienfoo, L5, M|21\/21
|-damage|p1a: Mienfoo|20\/21|[from] Stealth Rock
|turn|37
|choice|move highjumpkick|move uturn
|
|move|p1a: Mienfoo|High Jump Kick|p2a: Retired BA
|-damage|p2a: Retired BA|5\/23
|move|p2a: Retired BA|U-turn|p1a: Mienfoo
|-resisted|p1a: Mienfoo
|-damage|p1a: Mienfoo|19\/21
|choice||switch 2
|
|switch|p2a: Subeme La Radio|Foongus, L5, F|21\/25
|
|upkeep
|turn|38
|choice|move uturn|move spore
|
|move|p1a: Mienfoo|U-turn|p2a: Subeme La Radio
|-damage|p2a: Subeme La Radio|14\/25
|choice|switch 6|
|
|switch|p1a: Vullaby|Vullaby, L5, F|17\/25
|-damage|p1a: Vullaby|11\/25|[from] Stealth Rock
|move|p2a: Subeme La Radio|Spore|p1a: Vullaby
|-status|p1a: Vullaby|slp
|
|upkeep
|turn|39
|j|Plasmagby
|choice|switch 2|switch 4
|
|switch|p1a: Porygon|Porygon, L5|19\/25
|-damage|p1a: Porygon|16\/25|[from] Stealth Rock
|-ability|p1a: Porygon|Download|boost
|-boost|p1a: Porygon|spa|1
|switch|p2a: super Milf|Chinchou, L5, M|12\/24
|
|upkeep
|turn|40
|choice|move recover|move voltswitch
|
|move|p2a: super Milf|Volt Switch|p1a: Porygon
|-damage|p1a: Porygon|9\/25
|choice||switch 5
|
|switch|p2a: Gollets are amazin|Pawniard, L5, M|15\/21 par
|move|p1a: Porygon|Recover|p1a: Porygon
|-heal|p1a: Porygon|22\/25
|
|upkeep
|turn|41
|choice|move hiddenpower|switch 2
|
|switch|p2a: Retired BA|Mienfoo, L5, M|12\/23
|move|p1a: Porygon|Hidden Power|p2a: Retired BA
|-damage|p2a: Retired BA|2\/23
|
|upkeep
|turn|42
|l|OP
|c| lars stindl|so good
|choice|switch 6|move highjumpkick
|
|switch|p1a: Mienfoo|Mienfoo, L5, M|21\/21
|-damage|p1a: Mienfoo|20\/21|[from] Stealth Rock
|move|p2a: Retired BA|High Jump Kick|p1a: Mienfoo
|-damage|p1a: Mienfoo|10\/21
|
|upkeep
|turn|43
|j|tahu
|j|rozes
|choice|move uturn|switch 4
|
|switch|p2a: Subeme La Radio|Foongus, L5, F|22\/25
|move|p1a: Mienfoo|U-turn|p2a: Subeme La Radio
|-damage|p2a: Subeme La Radio|15\/25
|choice|switch 6|
|
|switch|p1a: Porygon|Porygon, L5|22\/25
|-damage|p1a: Porygon|19\/25|[from] Stealth Rock
|-ability|p1a: Porygon|Download|boost
|-boost|p1a: Porygon|spa|1
|
|upkeep
|turn|44
|choice|move triattack|switch 2
|
|switch|p2a: Gollets are amazin|Pawniard, L5, M|15\/21 par
|move|p1a: Porygon|Tri Attack|p2a: Gollets are amazin
|-resisted|p2a: Gollets are amazin
|-damage|p2a: Gollets are amazin|8\/21 par
|
|upkeep
|turn|45
|j|chump 4 days
|l|chump 4 days
|l|tahu
|j|tahu
|choice|switch 6|move knockoff
|
|switch|p1a: Mienfoo|Mienfoo, L5, M|17\/21
|-damage|p1a: Mienfoo|16\/21|[from] Stealth Rock
|move|p2a: Gollets are amazin|Knock Off|p1a: Mienfoo
|-resisted|p1a: Mienfoo
|-damage|p1a: Mienfoo|11\/21
|-enditem|p1a: Mienfoo|Eviolite|[from] move: Knock Off|[of] p2a: Gollets are amazin
|
|upkeep
|turn|46
|choice|move highjumpkick|switch 2
|
|switch|p2a: Subeme La Radio|Foongus, L5, F|23\/25
|move|p1a: Mienfoo|High Jump Kick|p2a: Subeme La Radio
|-resisted|p2a: Subeme La Radio
|-damage|p2a: Subeme La Radio|15\/25
|
|upkeep
|turn|47
|choice|move uturn|move sludgebomb
|
|move|p1a: Mienfoo|U-turn|p2a: Subeme La Radio
|-damage|p2a: Subeme La Radio|8\/25
|choice|switch 6|
|
|switch|p1a: Porygon|Porygon, L5|19\/25
|-damage|p1a: Porygon|16\/25|[from] Stealth Rock
|-ability|p1a: Porygon|Download|boost
|-boost|p1a: Porygon|spa|1
|move|p2a: Subeme La Radio|Sludge Bomb|p1a: Porygon
|-damage|p1a: Porygon|9\/25
|-status|p1a: Porygon|psn
|
|-damage|p1a: Porygon|6\/25 psn|[from] psn
|upkeep
|turn|48
|choice|move recover|switch 2
|
|switch|p2a: Gollets are amazin|Pawniard, L5, M|8\/21 par
|move|p1a: Porygon|Recover|p1a: Porygon
|-heal|p1a: Porygon|19\/25 psn
|
|-damage|p1a: Porygon|16\/25 psn|[from] psn
|upkeep
|turn|49
|l|ggggd
|j|ggggd
|choice|move recover|move ironhead
|
|move|p1a: Porygon|Recover|p1a: Porygon
|-heal|p1a: Porygon|25\/25 psn
|cant|p2a: Gollets are amazin|par
|
|-damage|p1a: Porygon|22\/25 psn|[from] psn
|upkeep
|turn|50
|choice|move hiddenpower|move knockoff
|
|move|p1a: Porygon|Hidden Power|p2a: Gollets are amazin
|-supereffective|p2a: Gollets are amazin
|-damage|p2a: Gollets are amazin|0 fnt
|faint|p2a: Gollets are amazin
|
|-damage|p1a: Porygon|19\/25 psn|[from] psn
|upkeep
|choice||switch 4
|
|switch|p2a: Retired BA|Mienfoo, L5, M|9\/23
|turn|51
|l|Vileman
|j|starmaster
|l|tahu
|l|Nineage
|j|tahu
|choice|switch 2|move highjumpkick
|
|switch|p1a: Vullaby|Vullaby, L5, F|11\/25 slp
|-damage|p1a: Vullaby|5\/25 slp|[from] Stealth Rock
|move|p2a: Retired BA|High Jump Kick|p1a: Vullaby
|-damage|p1a: Vullaby|0 fnt
|faint|p1a: Vullaby
|
|upkeep
|choice|switch 6|
|
|switch|p1a: Mienfoo|Mienfoo, L5, M|18\/21
|-damage|p1a: Mienfoo|17\/21|[from] Stealth Rock
|turn|52
|j|therealslap
|choice|move highjumpkick|switch 2
|
|switch|p2a: Subeme La Radio|Foongus, L5, F|16\/25
|move|p1a: Mienfoo|High Jump Kick|p2a: Subeme La Radio
|-resisted|p2a: Subeme La Radio
|-damage|p2a: Subeme La Radio|8\/25
|
|upkeep
|turn|53
|choice|move highjumpkick|switch 5
|
|switch|p2a: super Milf|Chinchou, L5, M|12\/24
|move|p1a: Mienfoo|High Jump Kick|p2a: super Milf
|-damage|p2a: super Milf|0 fnt
|faint|p2a: super Milf
|
|upkeep
|choice||switch 5
|
|switch|p2a: Subeme La Radio|Foongus, L5, F|16\/25
|turn|54
|choice|move uturn|switch 2
|
|switch|p2a: Retired BA|Mienfoo, L5, M|16\/23
|move|p1a: Mienfoo|U-turn|p2a: Retired BA
|-resisted|p2a: Retired BA
|-damage|p2a: Retired BA|13\/23
|choice|switch 2|
|
|switch|p1a: Porygon|Porygon, L5|19\/25 psn
|-damage|p1a: Porygon|16\/25 psn|[from] Stealth Rock
|-ability|p1a: Porygon|Download|boost
|-boost|p1a: Porygon|spa|1
|
|-damage|p1a: Porygon|13\/25 psn|[from] psn
|upkeep
|turn|55
|choice|switch 2|move acrobatics
|
|switch|p1a: Mienfoo|Mienfoo, L5, M|21\/21
|-damage|p1a: Mienfoo|20\/21|[from] Stealth Rock
|move|p2a: Retired BA|Acrobatics|p1a: Mienfoo
|-supereffective|p1a: Mienfoo
|-damage|p1a: Mienfoo|0 fnt
|faint|p1a: Mienfoo
|
|upkeep
|c|+Fiend Hound|gg
|c|☆SilentMango|gg
|c| Plasmagby|so good
|c|☆Imilfs|i need to hit the hjk
|c|☆Imilfs|yet
|choice|switch 2|
|
|switch|p1a: Porygon|Porygon, L5|13\/25 psn
|-damage|p1a: Porygon|10\/25 psn|[from] Stealth Rock
|-ability|p1a: Porygon|Download|boost
|-boost|p1a: Porygon|spa|1
|turn|56
|choice|move psychic|move highjumpkick
|
|move|p2a: Retired BA|High Jump Kick|p1a: Porygon
|-supereffective|p1a: Porygon
|-damage|p1a: Porygon|0 fnt
|faint|p1a: Porygon
|
|win|Imilfs
|c|☆Imilfs|gg Mango
|l|starmaster
|c|☆SilentMango|gg
|j|Nineage
|l|tko
|l|Nineage
|l|SilentMango
|c| tahu|love ba
|l|ggggd
|l|Sken
|l|rozes
|l|lars stindl
|l|tahu
|l|Plasmagby
|l|therealslap
|l|fitzy
|l|ItzViper482
|l|Drew
|l|Fiend Hound
|j|SilentMango</script>
</div>
<div class="battle-log battle-log-inline"><div class="inner"><div class="battle-options"></div><div class="inner"><div class="chat"><small>SilentMango joined.</small></div><div class="chat"><small>Imilfs joined.</small></div><div class=""><small>Format:</small> <br><strong>LC</strong></div><div class=""><small><em>Sleep Clause Mod:</em> Limit one foe put to sleep</small></div><div class=""><small><em>Species Clause:</em> Limit one of each Pokémon</small></div><div class=""><small><em>OHKO Clause:</em> OHKO moves are banned</small></div><div class=""><small><em>Moody Clause:</em> Moody is banned</small></div><div class=""><small><em>Evasion Moves Clause:</em> Evasion moves are banned</small></div><div class=""><small><em>Endless Battle Clause:</em> Forcing endless battles is banned</small></div><div class=""><small><em>HP Percentage Mod:</em> HP is shown in percentages</small></div><div class="chat battle-history"><strong>SilentMango's team:</strong> <em style="color:#445566;display:block;">Snivy / Porygon / Vullaby / Snubbull / Pawniard / Mienfoo</em></div><div class="chat battle-history"><strong>Imilfs's team:</strong> <em style="color:#445566;display:block;">Corphish / Chinchou / Foongus / Diglett / Pawniard / Mienfoo</em></div><div class="chat"><small>Fiend Hound joined.</small></div><div class="chat chatmessage-fiendhound"><strong style="color:hsl(347,87%,41.48433827180416%)"><small>+</small><span class="username" data-name="Fiend Hound">Fiend Hound</span>:</strong> <em>wait</em></div><div class="chat chatmessage-fiendhound"><strong style="color:hsl(347,87%,41.48433827180416%)"><small>+</small><span class="username" data-name="Fiend Hound">Fiend Hound</span>:</strong> <em>don't i have that team</em></div><div class="chat"><small>ggggd joined.</small></div><div class="chat chatmessage-fiendhound"><strong style="color:hsl(347,87%,41.48433827180416%)"><small>+</small><span class="username" data-name="Fiend Hound">Fiend Hound</span>:</strong> <em>and didn't i use it in testing</em></div><div class="chat chatmessage-fiendhound"><strong style="color:hsl(347,87%,41.48433827180416%)"><small>+</small><span class="username" data-name="Fiend Hound">Fiend Hound</span>:</strong> <em>well, v similar team</em></div><div class="chat chatmessage-fiendhound"><strong style="color:hsl(347,87%,41.48433827180416%)"><small>+</small><span class="username" data-name="Fiend Hound">Fiend Hound</span>:</strong> <em>gl mango</em></div><div class="chat chatmessage-ggggd"><strong style="color:hsl(235,77%,63.10391646397442%)"><small> </small><span class="username" data-name="ggggd">ggggd</span>:</strong> <em>BA please remove this awful name</em></div><div class="chat chatmessage-silentmango"><strong style="color:hsl(267,70%,55.9667247398302%)"><small>☆</small><span class="username" data-name="SilentMango">SilentMango</span>:</strong> <em>ty</em></div><div class="chat chatmessage-ggggd"><strong style="color:hsl(235,77%,63.10391646397442%)"><small> </small><span class="username" data-name="ggggd">ggggd</span>:</strong> <em>it makes me sick</em></div><div class="spacer battle-history"><br></div><div class="battle-history">Battle started between SilentMango and Imilfs!<br></div><div class="spacer battle-history"><br></div><div class="battle-history">Go! <strong>Porygon</strong>!<br></div><div class="spacer battle-history"><br></div><div class="battle-history">Imilfs sent out Retired BA (<strong>Mienfoo</strong>)!<br></div><div class="battle-history"><small>[Porygon's Download]</small><br></div><div class="battle-history"><small>Porygon's Special Attack rose!</small><br></div><div class="spacer battle-history"><br></div><h2 class="battle-history">Turn 1</h2><div class="chat"><small>Nineage joined.</small></div><div class="chat"><small>ItzViper482 joined.</small></div><div class="chat"><small>ItzViper482 left.</small></div><div class="chat"><small>Xayahh joined.</small></div><div class="chat"><small>ItzViper482 joined.</small></div><div class="spacer battle-history"><br></div><div class="battle-history">Porygon, come back!<br></div><div class="battle-history">Go! <strong>Snubbull</strong>!<br></div><div class="battle-history"><small>[Snubbull's Intimidate]</small><br></div><div class="battle-history"><small>The opposing Retired BA's Attack fell!</small><br></div><div class="spacer battle-history"><br></div><div class="battle-history">The opposing Retired BA used <strong>U-turn</strong>!<br></div><div class="battle-history"><small>It's not very effective...</small><br></div><div class="battle-history"><small>(Snubbull lost <abbr title="−1/23">4.3%</abbr> of its health!)</small><br></div><div class="spacer battle-history"><br></div><div class="battle-history">The opposing Retired BA went back to Imilfs!<br></div><div class="battle-history">Imilfs sent out Gollets are amazin (<strong>Pawniard</strong>)!<br></div><div class="spacer battle-history"><br></div><h2 class="battle-history">Turn 2</h2><div class="chat chatmessage-itzviper482"><strong style="color:hsl(213,55%,47.223109525696195%)"><small> </small><span class="username" data-name="ItzViper482">ItzViper482</span>:</strong> <em>mango play me for ssnl after y/n</em></div><div class="chat chatmessage-silentmango"><strong style="color:hsl(267,70%,55.9667247398302%)"><small>☆</small><span class="username" data-name="SilentMango">SilentMango</span>:</strong> <em>n</em></div><div class="spacer battle-history"><br></div><div class="battle-history">Snubbull, come back!<br></div><div class="battle-history">Go! <strong>Mienfoo</strong>!<br></div><div class="spacer battle-history"><br></div><div class="battle-history">The opposing Gollets are amazin used <strong>Stealth Rock</strong>!<br></div><div class="battle-history"><small>Pointed stones float in the air around your team!</small><br></div><div class="spacer battle-history"><br></div><h2 class="battle-history">Turn 3</h2><div class="spacer battle-history"><br></div><div class="battle-history">Imilfs withdrew Gollets are amazin!<br></div><div class="battle-history">Imilfs sent out Subeme La Radio (<strong>Foongus</strong>)!<br></div><div class="spacer battle-history"><br></div><div class="battle-history">Mienfoo used <strong>Knock Off</strong>!<br></div><div class="battle-history"><small>(The opposing Subeme La Radio lost <abbr title="−6/25">24%</abbr> of its health!)</small><br></div><div class="battle-history"><small>Mienfoo knocked off the opposing Subeme La Radio's Eviolite!</small><br></div><div class="spacer battle-history"><br></div><h2 class="battle-history">Turn 4</h2><div class="chat"><small>imanalt joined.</small></div><div class="spacer battle-history"><br></div><div class="battle-history">Mienfoo used <strong>U-turn</strong>!<br></div><div class="battle-history"><small>(The opposing Subeme La Radio lost <abbr title="−7/25">28.0%</abbr> of its health!)</small><br></div><div class="spacer battle-history"><br></div><div class="battle-history">Mienfoo went back to SilentMango!<br></div><div class="battle-history">Go! <strong>Pawniard</strong>!<br></div><div class="battle-history"><small>Pointed stones dug into Pawniard!</small><br></div><div class="spacer battle-history"><br></div><div class="battle-history">The opposing Subeme La Radio used <strong>Sludge Bomb</strong>!<br></div><div class="battle-history"><small>It doesn't affect Pawniard...</small><br></div><div class="spacer battle-history"><br></div><h2 class="battle-history">Turn 5</h2><div class="spacer battle-history"><br></div><div class="battle-history">Imilfs withdrew Subeme La Radio!<br></div><div class="battle-history">Imilfs sent out Retired BA (<strong>Mienfoo</strong>)!<br></div><div class="spacer battle-history"><br></div><div class="battle-history">Pawniard used <strong>Iron Head</strong>!<br></div><div class="battle-history"><small>(The opposing Retired BA lost <abbr title="−9/23">39.1%</abbr> of its health!)</small><br></div><div class="spacer battle-history"><br></div><h2 class="battle-history">Turn 6</h2><div class="chat"><small>Drew joined.</small></div><div class="spacer battle-history"><br></div><div class="battle-history">Pawniard, come back!<br></div><div class="battle-history">Go! <strong>Snubbull</strong>!<br></div><div class="battle-history"><small>Pointed stones dug into Snubbull!</small><br></div><div class="battle-history"><small>[Snubbull's Intimidate]</small><br></div><div class="battle-history"><small>The opposing Retired BA's Attack fell!</small><br></div><div class="spacer battle-history"><br></div><div class="battle-history">The opposing Retired BA used <strong>U-turn</strong>!<br></div><div class="battle-history"><small>It's not very effective...</small><br></div><div class="battle-history"><small>(Snubbull lost <abbr title="−1/23">4.3%</abbr> of its health!)</small><br></div><div class="chat chatmessage-drew"><strong style="color:hsl(54,79%,34.52871986776996%)"><small> </small><span class="username" data-name="Drew">Drew</span>:</strong> <em>GO MANGO</em></div><div class="chat chatmessage-drew"><strong style="color:hsl(54,79%,34.52871986776996%)"><small> </small><span class="username" data-name="Drew">Drew</span>:</strong> <em>I LUV U</em></div><div class="chat"><small>fitzy joined.</small></div><div class="chat"><small>OP joined.</small></div><div class="spacer battle-history"><br></div><div class="battle-history">The opposing Retired BA went back to Imilfs!<br></div><div class="battle-history">Imilfs sent out Gollets are amazin (<strong>Pawniard</strong>)!<br></div><div class="spacer battle-history"><br></div><h2 class="battle-history">Turn 7</h2><div class="spacer battle-history"><br></div><div class="battle-history">Snubbull, come back!<br></div><div class="battle-history">Go! <strong>Mienfoo</strong>!<br></div><div class="battle-history"><small>Pointed stones dug into Mienfoo!</small><br></div><div class="spacer battle-history"><br></div><div class="battle-history">The opposing Gollets are amazin used <strong>Iron Head</strong>!<br></div><div class="battle-history"><small>(Mienfoo lost <abbr title="−9/21">42.9%</abbr> of its health!)</small><br></div><div class="spacer battle-history"><br></div><h2 class="battle-history">Turn 8</h2><div class="spacer battle-history"><br></div><div class="battle-history">Imilfs withdrew Gollets are amazin!<br></div><div class="battle-history">Imilfs sent out Retired BA (<strong>Mienfoo</strong>)!<br></div><div class="spacer battle-history"><br></div><div class="battle-history">Mienfoo used <strong>U-turn</strong>!<br></div><div class="battle-history"><small>It's not very effective...</small><br></div><div class="battle-history"><small>(The opposing Retired BA lost <abbr title="−2/23">8.7%</abbr> of its health!)</small><br></div><div class="spacer battle-history"><br></div><div class="battle-history">Mienfoo went back to SilentMango!<br></div><div class="battle-history">Go! <strong>Snubbull</strong>!<br></div><div class="battle-history"><small>Pointed stones dug into Snubbull!</small><br></div><div class="battle-history"><small>[Snubbull's Intimidate]</small><br></div><div class="battle-history"><small>The opposing Retired BA's Attack fell!</small><br></div><div class="spacer battle-history"><br></div><h2 class="battle-history">Turn 9</h2><div class="spacer battle-history"><br></div><div class="battle-history">The opposing Retired BA used <strong>U-turn</strong>!<br></div><div class="battle-history"><small>It's not very effective...</small><br></div><div class="battle-history"><small>(Snubbull lost <abbr title="−1/23">4.3%</abbr> of its health!)</small><br></div><div class="spacer battle-history"><br></div><div class="battle-history">The opposing Retired BA went back to Imilfs!<br></div><div class="battle-history">Imilfs sent out Milf (<strong>Corphish</strong>)!<br></div><div class="spacer battle-history"><br></div><div class="battle-history">Snubbull used <strong>Fire Punch</strong>!<br></div><div class="battle-history"><small>It's not very effective...</small><br></div><div class="battle-history"><small>(The opposing Milf lost <abbr title="−2/20">10%</abbr> of its health!)</small><br></div><div class="spacer battle-history"><br></div><h2 class="battle-history">Turn 10</h2><div class="chat"><small>Quote joined.</small></div><div class="chat"><small>GrilloFerreyra joined.</small></div><div class="spacer battle-history"><br></div><div class="battle-history">The opposing Milf used <strong>Crabhammer</strong>!<br></div><div class="battle-history"><small>(Snubbull lost <abbr title="−12/23">52.2%</abbr> of its health!)</small><br></div><div class="spacer battle-history"><br></div><div class="battle-history">Snubbull used <strong>Thunder Wave</strong>!<br></div><div class="battle-history"><small>The opposing Milf is paralyzed! It may be unable to move!</small><br></div><div class="spacer battle-history"><br></div><h2 class="battle-history">Turn 11</h2><div class="spacer battle-history"><br></div><div class="battle-history">Snubbull, come back!<br></div><div class="battle-history">Go! <strong>Snivy</strong>!<br></div><div class="battle-history"><small>Pointed stones dug into Snivy!</small><br></div><div class="spacer battle-history"><br></div><div class="battle-history">The opposing Milf is paralyzed! It can't move!<br></div><div class="spacer battle-history"><br></div><h2 class="battle-history">Turn 12</h2><div class="spacer battle-history"><br></div><div class="battle-history">Imilfs withdrew Milf!<br></div><div class="battle-history">Imilfs sent out Gollets are amazin (<strong>Pawniard</strong>)!<br></div><div class="spacer battle-history"><br></div><div class="battle-history">Snivy used <strong>Leaf Storm</strong>!<br></div><div class="battle-history"><small>It's not very effective...</small><br></div><div class="battle-history"><small>(The opposing Gollets are amazin lost <abbr title="−6/21">28.6%</abbr> of its health!)</small><br></div><div class="battle-history"><small>Snivy's Special Attack rose sharply!</small><br></div><div class="spacer battle-history"><br></div><h2 class="battle-history">Turn 13</h2><div class="spacer battle-history"><br></div><div class="battle-history">Snivy used <strong>Glare</strong>!<br></div><div class="battle-history"><small>The opposing Gollets are amazin is paralyzed! It may be unable to move!</small><br></div><div class="spacer battle-history"><br></div><div class="battle-history">The opposing Gollets are amazin used <strong>Knock Off</strong>!<br></div><div class="battle-history"><small>(Snivy lost <abbr title="−12/21">57.1%</abbr> of its health!)</small><br></div><div class="battle-history"><small>The opposing Gollets are amazin knocked off Snivy's Eviolite!</small><br></div><div class="spacer battle-history"><br></div><h2 class="battle-history">Turn 14</h2><div class="spacer battle-history"><br></div><div class="battle-history">Snivy used <strong>Synthesis</strong>!<br></div><div class="battle-history"><small>Snivy restored its HP.</small><br></div><div class="spacer battle-history"><br></div><div class="battle-history">The opposing Gollets are amazin used <strong>Knock Off</strong>!<br></div><div class="battle-history"><small>(Snivy lost <abbr title="−12/21">57.1%</abbr> of its health!)</small><br></div><div class="spacer battle-history"><br></div><h2 class="battle-history">Turn 15</h2><div class="spacer battle-history"><br></div><div class="battle-history">Snivy used <strong>Synthesis</strong>!<br></div><div class="battle-history"><small>Snivy restored its HP.</small><br></div><div class="spacer battle-history"><br></div><div class="battle-history">The opposing Gollets are amazin used <strong>Iron Head</strong>!<br></div><div class="battle-history"><small>(Snivy lost <abbr title="−13/21">61.9%</abbr> of its health!)</small><br></div><div class="spacer battle-history"><br></div><h2 class="battle-history">Turn 16</h2><div class="chat"><small>Sken joined.</small></div><div class="spacer battle-history"><br></div><div class="battle-history">Snivy used <strong>Synthesis</strong>!<br></div><div class="battle-history"><small>Snivy restored its HP.</small><br></div><div class="spacer battle-history"><br></div><div class="battle-history">The opposing Gollets are amazin used <strong>Iron Head</strong>!<br></div><div class="battle-history"><small>(Snivy lost <abbr title="−12/21">57.1%</abbr> of its health!)</small><br></div><div class="spacer battle-history"><br></div><div class="battle-history">Snivy fainted!<br></div><div class="spacer battle-history"><br></div><div class="battle-history">Go! <strong>Mienfoo</strong>!<br></div><div class="battle-history"><small>Pointed stones dug into Mienfoo!</small><br></div><div class="spacer battle-history"><br></div><h2 class="battle-history">Turn 17</h2><div class="spacer battle-history"><br></div><div class="battle-history">Imilfs withdrew Gollets are amazin!<br></div><div class="battle-history">Imilfs sent out Subeme La Radio (<strong>Foongus</strong>)!<br></div><div class="spacer battle-history"><br></div><div class="battle-history">Mienfoo used <strong>High Jump Kick</strong>!<br></div><div class="battle-history"><small>It's not very effective...</small><br></div><div class="battle-history"><small>(The opposing Subeme La Radio lost <abbr title="−8/25">32%</abbr> of its health!)</small><br></div><div class="spacer battle-history"><br></div><h2 class="battle-history">Turn 18</h2><div class="spacer battle-history"><br></div><div class="battle-history">Imilfs withdrew Subeme La Radio!<br></div><div class="battle-history">Imilfs sent out Milf (<strong>Corphish</strong>)!<br></div><div class="spacer battle-history"><br></div><div class="battle-history">Mienfoo used <strong>U-turn</strong>!<br></div><div class="battle-history"><small>(The opposing Milf lost <abbr title="−5/20">25%</abbr> of its health!)</small><br></div><div class="spacer battle-history"><br></div><div class="battle-history">Mienfoo went back to SilentMango!<br></div><div class="battle-history">Go! <strong>Porygon</strong>!<br></div><div class="battle-history"><small>Pointed stones dug into Porygon!</small><br></div><div class="battle-history"><small>[Porygon's Download]</small><br></div><div class="battle-history"><small>Porygon's Special Attack rose!</small><br></div><div class="spacer battle-history"><br></div><h2 class="battle-history">Turn 19</h2><div class="spacer battle-history"><br></div><div class="battle-history">Porygon used <strong>Tri Attack</strong>!<br></div><div class="battle-history"><small>(The opposing Milf lost <abbr title="−13/20">65%</abbr> of its health!)</small><br></div><div class="spacer battle-history"><br></div><div class="battle-history">The opposing Milf fainted!<br></div><div class="spacer battle-history"><br></div><div class="battle-history">Imilfs sent out Retired BA (<strong>Mienfoo</strong>)!<br></div><div class="spacer battle-history"><br></div><h2 class="battle-history">Turn 20</h2><div class="chat"><small>GrilloFerreyra left.</small></div><div class="spacer battle-history"><br></div><div class="battle-history">Porygon, come back!<br></div><div class="battle-history">Go! <strong>Vullaby</strong>!<br></div><div class="battle-history"><small>Pointed stones dug into Vullaby!</small><br></div><div class="spacer battle-history"><br></div><div class="battle-history">The opposing Retired BA used <strong>High Jump Kick</strong>!<br></div><div class="battle-history"><small>(Vullaby lost <abbr title="−16/25">64%</abbr> of its health!)</small><br></div><div class="battle-history"><small>[Vullaby's Weak Armor]</small><br></div><div class="battle-history"><small>Vullaby's Defense fell!</small><br></div><div class="battle-history"><small>Vullaby's Speed rose!</small><br></div><div class="battle-history"><small>(Vullaby used its Berry Juice!)</small><br></div><div class="battle-history"><small>Vullaby restored HP using its Berry Juice!</small><br></div><div class="spacer battle-history"><br></div><h2 class="battle-history">Turn 21</h2><div class="spacer battle-history"><br></div><div class="battle-history">Vullaby used <strong>Air Slash</strong>!<br></div><div class="battle-history"><small>It's super effective!</small><br></div><div class="battle-history"><small>(The opposing Retired BA lost <abbr title="−14/23">60.9%</abbr> of its health!)</small><br></div><div class="spacer battle-history"><br></div><div class="battle-history">The opposing Retired BA flinched and couldn't move!<br></div><div class="spacer battle-history"><br></div><h2 class="battle-history">Turn 22</h2><div class="chat"><small>lars stindl joined.</small></div><div class="chat"><small>Kumih0 joined.</small></div><div class="spacer battle-history"><br></div><div class="battle-history">Imilfs withdrew Retired BA!<br></div><div class="battle-history">Imilfs sent out super Milf (<strong>Chinchou</strong>)!<br></div><div class="spacer battle-history"><br></div><div class="battle-history">Vullaby used <strong>Air Slash</strong>!<br></div><div class="battle-history"><small>The opposing super Milf avoided the attack!</small><br></div><div class="spacer battle-history"><br></div><h2 class="battle-history">Turn 23</h2><div class="spacer battle-history"><br></div><div class="battle-history">Vullaby, come back!<br></div><div class="battle-history">Go! <strong>Mienfoo</strong>!<br></div><div class="battle-history"><small>Pointed stones dug into Mienfoo!</small><br></div><div class="spacer battle-history"><br></div><div class="battle-history">The opposing super Milf used <strong>Volt Switch</strong>!<br></div><div class="battle-history"><small>(Mienfoo lost <abbr title="−7/21">33.3%</abbr> of its health!)</small><br></div><div class="spacer battle-history"><br></div><div class="battle-history">The opposing super Milf went back to Imilfs!<br></div><div class="battle-history">Imilfs sent out Subeme La Radio (<strong>Foongus</strong>)!<br></div><div class="spacer battle-history"><br></div><h2 class="battle-history">Turn 24</h2><div class="spacer battle-history"><br></div><div class="battle-history">Mienfoo used <strong>U-turn</strong>!<br></div><div class="battle-history"><small>(The opposing Subeme La Radio lost <abbr title="−7/25">28.0%</abbr> of its health!)</small><br></div><div class="spacer battle-history"><br></div><div class="battle-history">Mienfoo went back to SilentMango!<br></div><div class="battle-history">Go! <strong>Pawniard</strong>!<br></div><div class="battle-history"><small>Pointed stones dug into Pawniard!</small><br></div><div class="spacer battle-history"><br></div><div class="battle-history">The opposing Subeme La Radio used <strong>Spore</strong>!<br></div><div class="battle-history"><small>Pawniard fell asleep!</small><br></div><div class="spacer battle-history"><br></div><h2 class="battle-history">Turn 25</h2><div class="chat chatmessage-nineage"><strong style="color:hsl(296,70%,49%)"><small> </small><span class="username" data-name="Nineage">Nineage</span>:</strong> <em>GOOO MANGO</em></div><div class="spacer battle-history"><br></div><div class="battle-history">Pawniard, come back!<br></div><div class="battle-history">Go! <strong>Mienfoo</strong>!<br></div><div class="battle-history"><small>Pointed stones dug into Mienfoo!</small><br></div><div class="spacer battle-history"><br></div><div class="battle-history">Imilfs withdrew Subeme La Radio!<br></div><div class="battle-history">Imilfs sent out Retired BA (<strong>Mienfoo</strong>)!<br></div><div class="spacer battle-history"><br></div><h2 class="battle-history">Turn 26</h2><div class="spacer battle-history"><br></div><div class="battle-history">Mienfoo used <strong>Knock Off</strong>!<br></div><div class="battle-history"><small>It's not very effective...</small><br></div><div class="battle-history"><small>(The opposing Retired BA lost <abbr title="−3/23">13.0%</abbr> of its health!)</small><br></div><div class="battle-history"><small>Mienfoo knocked off the opposing Retired BA's Eviolite!</small><br></div><div class="spacer battle-history"><br></div><div class="battle-history">The opposing Retired BA used <strong>U-turn</strong>!<br></div><div class="battle-history"><small>It's not very effective...</small><br></div><div class="battle-history"><small>(Mienfoo lost <abbr title="−2/21">9.5%</abbr> of its health!)</small><br></div><div class="spacer battle-history"><br></div><div class="battle-history">The opposing Retired BA went back to Imilfs!<br></div><div class="battle-history">Imilfs sent out Subeme La Radio (<strong>Foongus</strong>)!<br></div><div class="spacer battle-history"><br></div><h2 class="battle-history">Turn 27</h2><div class="spacer battle-history"><br></div><div class="battle-history">Mienfoo used <strong>Knock Off</strong>!<br></div><div class="battle-history"><small>(The opposing Subeme La Radio lost <abbr title="−6/25">24%</abbr> of its health!)</small><br></div><div class="spacer battle-history"><br></div><div class="battle-history">The opposing Subeme La Radio used <strong>Sludge Bomb</strong>!<br></div><div class="battle-history"><small>(Mienfoo lost <abbr title="−7/21">33.3%</abbr> of its health!)</small><br></div><div class="spacer battle-history"><br></div><h2 class="battle-history">Turn 28</h2><div class="spacer battle-history"><br></div><div class="battle-history">Imilfs withdrew Subeme La Radio!<br></div><div class="battle-history">Imilfs sent out Retired BA (<strong>Mienfoo</strong>)!<br></div><div class="spacer battle-history"><br></div><div class="battle-history">Mienfoo used <strong>U-turn</strong>!<br></div><div class="battle-history"><small>It's not very effective...</small><br></div><div class="battle-history"><small>(The opposing Retired BA lost <abbr title="−3/23">13.0%</abbr> of its health!)</small><br></div><div class="chat"><small>Xayahh left.</small></div><div class="spacer battle-history"><br></div><div class="battle-history">Mienfoo went back to SilentMango!<br></div><div class="battle-history">Go! <strong>Vullaby</strong>!<br></div><div class="battle-history"><small>Pointed stones dug into Vullaby!</small><br></div><div class="spacer battle-history"><br></div><h2 class="battle-history">Turn 29</h2><div class="chat"><small>tko joined.</small></div><div class="chat chatmessage-tko"><strong style="color:hsl(152,69%,38.419153807401294%)"><small> </small><span class="username" data-name="tko">tko</span>:</strong> <em>is this lcpl</em></div><div class="chat chatmessage-tko"><strong style="color:hsl(152,69%,38.419153807401294%)"><small> </small><span class="username" data-name="tko">tko</span>:</strong> <em>GO mANGO</em></div><div class="spacer battle-history"><br></div><div class="battle-history">Imilfs withdrew Retired BA!<br></div><div class="battle-history">Imilfs sent out super Milf (<strong>Chinchou</strong>)!<br></div><div class="spacer battle-history"><br></div><div class="battle-history">Vullaby used <strong>Dark Pulse</strong>!<br></div><div class="battle-history"><small>(The opposing super Milf lost <abbr title="−12/24">50%</abbr> of its health!)</small><br></div><div class="spacer battle-history"><br></div><h2 class="battle-history">Turn 30</h2><div class="chat chatmessage-drew"><strong style="color:hsl(54,79%,34.52871986776996%)"><small> </small><span class="username" data-name="Drew">Drew</span>:</strong> <em>y</em></div><div class="chat"><small>spaceworm joined.</small></div><div class="chat chatmessage-drew"><strong style="color:hsl(54,79%,34.52871986776996%)"><small> </small><span class="username" data-name="Drew">Drew</span>:</strong> <em>MAGNO</em></div><div class="spacer battle-history"><br></div><div class="battle-history">Vullaby, come back!<br></div><div class="battle-history">Go! <strong>Pawniard</strong>!<br></div><div class="battle-history"><small>Pointed stones dug into Pawniard!</small><br></div><div class="spacer battle-history"><br></div><div class="battle-history">The opposing super Milf used <strong>Volt Switch</strong>!<br></div><div class="battle-history"><small>(Pawniard lost <abbr title="−12/21">57.1%</abbr> of its health!)</small><br></div><div class="spacer battle-history"><br></div><div class="battle-history">The opposing super Milf went back to Imilfs!<br></div><div class="battle-history">Imilfs sent out ggggd is a john (<strong>Diglett</strong>)!<br></div><div class="spacer battle-history"><br></div><h2 class="battle-history">Turn 31</h2><div class="spacer battle-history"><br></div><div class="battle-history">Pawniard is fast asleep.<br></div><div class="spacer battle-history"><br></div><div class="battle-history">The opposing ggggd is a john used <strong>Substitute</strong>!<br></div><div class="battle-history"><small>The opposing ggggd is a john put in a substitute!</small><br></div><div class="battle-history"><small>(The opposing ggggd is a john lost <abbr title="−4/17">23.5%</abbr> of its health!)</small><br></div><div class="spacer battle-history"><br></div><h2 class="battle-history">Turn 32</h2><div class="chat chatmessage-fiendhound"><strong style="color:hsl(347,87%,41.48433827180416%)"><small>+</small><span class="username" data-name="Fiend Hound">Fiend Hound</span>:</strong> <em>lol</em></div><div class="chat chatmessage-imilfs"><strong style="color:hsl(140,74%,37.56802417856877%)"><small>☆</small><span class="username" data-name="Imilfs">Imilfs</span>:</strong> <em>live love hax</em></div><div class="spacer battle-history"><br></div><div class="battle-history"><small>Pawniard woke up!</small><br></div><div class="spacer battle-history"><br></div><div class="battle-history">Pawniard used <strong>Iron Head</strong>!<br></div><div class="battle-history"><small>The opposing ggggd is a john's substitute faded!</small><br></div><div class="spacer battle-history"><br></div><div class="battle-history">The opposing ggggd is a john used <strong>Earthquake</strong>!<br></div><div class="battle-history"><small>It's super effective!</small><br></div><div class="battle-history"><small>(Pawniard lost <abbr title="−6/21">28.6%</abbr> of its health!)</small><br></div><div class="battle-history"><small>The opposing ggggd is a john lost some of its HP!</small><br></div><div class="spacer battle-history"><br></div><div class="battle-history">Pawniard fainted!<br></div><div class="chat chatmessage-imilfs"><strong style="color:hsl(140,74%,37.56802417856877%)"><small>☆</small><span class="username" data-name="Imilfs">Imilfs</span>:</strong> <em>!</em></div><div class="chat chatmessage-ggggd"><strong style="color:hsl(235,77%,63.10391646397442%)"><small> </small><span class="username" data-name="ggggd">ggggd</span>:</strong> <em>this was</em></div><div class="chat chatmessage-ggggd"><strong style="color:hsl(235,77%,63.10391646397442%)"><small> </small><span class="username" data-name="ggggd">ggggd</span>:</strong> <em>1 turn sleep</em></div><div class="chat chatmessage-ggggd"><strong style="color:hsl(235,77%,63.10391646397442%)"><small> </small><span class="username" data-name="ggggd">ggggd</span>:</strong> <em>wasnt it</em></div><div class="chat chatmessage-imilfs"><strong style="color:hsl(140,74%,37.56802417856877%)"><small>☆</small><span class="username" data-name="Imilfs">Imilfs</span>:</strong> <em>y</em></div><div class="spacer battle-history"><br></div><div class="battle-history">Go! <strong>Mienfoo</strong>!<br></div><div class="battle-history"><small>Pointed stones dug into Mienfoo!</small><br></div><div class="spacer battle-history"><br></div><h2 class="battle-history">Turn 33</h2><div class="chat"><small>Quote left.</small></div><div class="spacer battle-history"><br></div><div class="battle-history">The opposing ggggd is a john used <strong>Substitute</strong>!<br></div><div class="battle-history"><small>The opposing ggggd is a john put in a substitute!</small><br></div><div class="battle-history"><small>(The opposing ggggd is a john lost <abbr title="−4/17">23.5%</abbr> of its health!)</small><br></div><div class="spacer battle-history"><br></div><div class="battle-history">Mienfoo used <strong>High Jump Kick</strong>!<br></div><div class="battle-history"><small>The opposing ggggd is a john's substitute faded!</small><br></div><div class="spacer battle-history"><br></div><h2 class="battle-history">Turn 34</h2><div class="chat"><small>spaceworm left.</small></div><div class="chat"><small>Kumih0 left.</small></div><div class="chat"><small>imanalt left.</small></div><div class="spacer battle-history"><br></div><div class="battle-history">Imilfs withdrew ggggd is a john!<br></div><div class="battle-history">Imilfs sent out Subeme La Radio (<strong>Foongus</strong>)!<br></div><div class="spacer battle-history"><br></div><div class="battle-history">Mienfoo used <strong>U-turn</strong>!<br></div><div class="battle-history"><small>A critical hit!</small><br></div><div class="battle-history"><small>(The opposing Subeme La Radio lost <abbr title="−10/25">40%</abbr> of its health!)</small><br></div><div class="spacer battle-history"><br></div><div class="battle-history">Mienfoo went back to SilentMango!<br></div><div class="battle-history">Go! <strong>Porygon</strong>!<br></div><div class="battle-history"><small>Pointed stones dug into Porygon!</small><br></div><div class="battle-history"><small>[Porygon's Download]</small><br></div><div class="battle-history"><small>Porygon's Special Attack rose!</small><br></div><div class="spacer battle-history"><br></div><h2 class="battle-history">Turn 35</h2><div class="spacer battle-history"><br></div><div class="battle-history">Imilfs withdrew Subeme La Radio!<br></div><div class="battle-history">Imilfs sent out ggggd is a john (<strong>Diglett</strong>)!<br></div><div class="spacer battle-history"><br></div><div class="battle-history">Porygon used <strong>Psychic</strong>!<br></div><div class="battle-history"><small>(The opposing ggggd is a john lost <abbr title="−8/17">47.1%</abbr> of its health!)</small><br></div><div class="spacer battle-history"><br></div><div class="battle-history">The opposing ggggd is a john fainted!<br></div><div class="chat chatmessage-larsstindl"><strong style="color:hsl(290,47%,51.95199271052442%)"><small> </small><span class="username" data-name="lars stindl">lars stindl</span>:</strong> <em>anyone saw this</em></div><div class="chat chatmessage-larsstindl"><strong style="color:hsl(290,47%,51.95199271052442%)"><small> </small><span class="username" data-name="lars stindl">lars stindl</span>:</strong> <em>so good wtf</em></div><div class="spacer battle-history"><br></div><div class="battle-history">Imilfs sent out Retired BA (<strong>Mienfoo</strong>)!<br></div><div class="spacer battle-history"><br></div><h2 class="battle-history">Turn 36</h2><div class="chat"><small>Vileman joined.</small></div><div class="spacer battle-history"><br></div><div class="battle-history">Porygon, come back!<br></div><div class="battle-history">Go! <strong>Snubbull</strong>!<br></div><div class="battle-history"><small>Pointed stones dug into Snubbull!</small><br></div><div class="battle-history"><small>[Snubbull's Intimidate]</small><br></div><div class="battle-history"><small>The opposing Retired BA's Attack fell!</small><br></div><div class="spacer battle-history"><br></div><div class="battle-history">The opposing Retired BA used <strong>High Jump Kick</strong>!<br></div><div class="battle-history"><small>It's not very effective...</small><br></div><div class="battle-history"><small>A critical hit!</small><br></div><div class="battle-history"><small>(Snubbull lost <abbr title="−2/23">8.7%</abbr> of its health!)</small><br></div><div class="spacer battle-history"><br></div><div class="battle-history">Snubbull fainted!<br></div><div class="spacer battle-history"><br></div><div class="battle-history">Go! <strong>Mienfoo</strong>!<br></div><div class="battle-history"><small>Pointed stones dug into Mienfoo!</small><br></div><div class="spacer battle-history"><br></div><h2 class="battle-history">Turn 37</h2><div class="spacer battle-history"><br></div><div class="battle-history">Mienfoo used <strong>High Jump Kick</strong>!<br></div><div class="battle-history"><small>(The opposing Retired BA lost <abbr title="−18/23">78.3%</abbr> of its health!)</small><br></div><div class="spacer battle-history"><br></div><div class="battle-history">The opposing Retired BA used <strong>U-turn</strong>!<br></div><div class="battle-history"><small>It's not very effective...</small><br></div><div class="battle-history"><small>(Mienfoo lost <abbr title="−1/21">4.8%</abbr> of its health!)</small><br></div><div class="spacer battle-history"><br></div><div class="battle-history">The opposing Retired BA went back to Imilfs!<br></div><div class="battle-history">Imilfs sent out Subeme La Radio (<strong>Foongus</strong>)!<br></div><div class="spacer battle-history"><br></div><h2 class="battle-history">Turn 38</h2><div class="spacer battle-history"><br></div><div class="battle-history">Mienfoo used <strong>U-turn</strong>!<br></div><div class="battle-history"><small>(The opposing Subeme La Radio lost <abbr title="−7/25">28.0%</abbr> of its health!)</small><br></div><div class="spacer battle-history"><br></div><div class="battle-history">Mienfoo went back to SilentMango!<br></div><div class="battle-history">Go! <strong>Vullaby</strong>!<br></div><div class="battle-history"><small>Pointed stones dug into Vullaby!</small><br></div><div class="spacer battle-history"><br></div><div class="battle-history">The opposing Subeme La Radio used <strong>Spore</strong>!<br></div><div class="battle-history"><small>Vullaby fell asleep!</small><br></div><div class="spacer battle-history"><br></div><h2 class="battle-history">Turn 39</h2><div class="chat"><small>Plasmagby joined.</small></div><div class="spacer battle-history"><br></div><div class="battle-history">Vullaby, come back!<br></div><div class="battle-history">Go! <strong>Porygon</strong>!<br></div><div class="battle-history"><small>Pointed stones dug into Porygon!</small><br></div><div class="battle-history"><small>[Porygon's Download]</small><br></div><div class="battle-history"><small>Porygon's Special Attack rose!</small><br></div><div class="spacer battle-history"><br></div><div class="battle-history">Imilfs withdrew Subeme La Radio!<br></div><div class="battle-history">Imilfs sent out super Milf (<strong>Chinchou</strong>)!<br></div><div class="spacer battle-history"><br></div><h2 class="battle-history">Turn 40</h2><div class="spacer battle-history"><br></div><div class="battle-history">The opposing super Milf used <strong>Volt Switch</strong>!<br></div><div class="battle-history"><small>(Porygon lost <abbr title="−7/25">28.0%</abbr> of its health!)</small><br></div><div class="spacer battle-history"><br></div><div class="battle-history">The opposing super Milf went back to Imilfs!<br></div><div class="battle-history">Imilfs sent out Gollets are amazin (<strong>Pawniard</strong>)!<br></div><div class="spacer battle-history"><br></div><div class="battle-history">Porygon used <strong>Recover</strong>!<br></div><div class="battle-history"><small>Porygon restored its HP.</small><br></div><div class="spacer battle-history"><br></div><h2 class="battle-history">Turn 41</h2><div class="spacer battle-history"><br></div><div class="battle-history">Imilfs withdrew Gollets are amazin!<br></div><div class="battle-history">Imilfs sent out Retired BA (<strong>Mienfoo</strong>)!<br></div><div class="spacer battle-history"><br></div><div class="battle-history">Porygon used <strong>Hidden Power</strong>!<br></div><div class="battle-history"><small>(The opposing Retired BA lost <abbr title="−10/23">43.5%</abbr> of its health!)</small><br></div><div class="spacer battle-history"><br></div><h2 class="battle-history">Turn 42</h2><div class="chat"><small>OP left.</small></div><div class="chat chatmessage-larsstindl"><strong style="color:hsl(290,47%,51.95199271052442%)"><small> </small><span class="username" data-name="lars stindl">lars stindl</span>:</strong> <em>so good</em></div><div class="spacer battle-history"><br></div><div class="battle-history">Porygon, come back!<br></div><div class="battle-history">Go! <strong>Mienfoo</strong>!<br></div><div class="battle-history"><small>Pointed stones dug into Mienfoo!</small><br></div><div class="spacer battle-history"><br></div><div class="battle-history">The opposing Retired BA used <strong>High Jump Kick</strong>!<br></div><div class="battle-history"><small>(Mienfoo lost <abbr title="−10/21">47.6%</abbr> of its health!)</small><br></div><div class="spacer battle-history"><br></div><h2 class="battle-history">Turn 43</h2><div class="chat"><small>tahu joined.</small></div><div class="chat"><small>rozes joined.</small></div><div class="spacer battle-history"><br></div><div class="battle-history">Imilfs withdrew Retired BA!<br></div><div class="battle-history">Imilfs sent out Subeme La Radio (<strong>Foongus</strong>)!<br></div><div class="spacer battle-history"><br></div><div class="battle-history">Mienfoo used <strong>U-turn</strong>!<br></div><div class="battle-history"><small>(The opposing Subeme La Radio lost <abbr title="−7/25">28.0%</abbr> of its health!)</small><br></div><div class="spacer battle-history"><br></div><div class="battle-history">Mienfoo went back to SilentMango!<br></div><div class="battle-history">Go! <strong>Porygon</strong>!<br></div><div class="battle-history"><small>Pointed stones dug into Porygon!</small><br></div><div class="battle-history"><small>[Porygon's Download]</small><br></div><div class="battle-history"><small>Porygon's Special Attack rose!</small><br></div><div class="spacer battle-history"><br></div><h2 class="battle-history">Turn 44</h2><div class="spacer battle-history"><br></div><div class="battle-history">Imilfs withdrew Subeme La Radio!<br></div><div class="battle-history">Imilfs sent out Gollets are amazin (<strong>Pawniard</strong>)!<br></div><div class="spacer battle-history"><br></div><div class="battle-history">Porygon used <strong>Tri Attack</strong>!<br></div><div class="battle-history"><small>It's not very effective...</small><br></div><div class="battle-history"><small>(The opposing Gollets are amazin lost <abbr title="−7/21">33.3%</abbr> of its health!)</small><br></div><div class="spacer battle-history"><br></div><h2 class="battle-history">Turn 45</h2><div class="chat"><small>chump 4 days joined.</small></div><div class="chat"><small>chump 4 days left.</small></div><div class="chat"><small>tahu left.</small></div><div class="chat"><small>tahu joined.</small></div><div class="spacer battle-history"><br></div><div class="battle-history">Porygon, come back!<br></div><div class="battle-history">Go! <strong>Mienfoo</strong>!<br></div><div class="battle-history"><small>Pointed stones dug into Mienfoo!</small><br></div><div class="spacer battle-history"><br></div><div class="battle-history">The opposing Gollets are amazin used <strong>Knock Off</strong>!<br></div><div class="battle-history"><small>It's not very effective...</small><br></div><div class="battle-history"><small>(Mienfoo lost <abbr title="−5/21">23.8%</abbr> of its health!)</small><br></div><div class="battle-history"><small>The opposing Gollets are amazin knocked off Mienfoo's Eviolite!</small><br></div><div class="spacer battle-history"><br></div><h2 class="battle-history">Turn 46</h2><div class="spacer battle-history"><br></div><div class="battle-history">Imilfs withdrew Gollets are amazin!<br></div><div class="battle-history">Imilfs sent out Subeme La Radio (<strong>Foongus</strong>)!<br></div><div class="spacer battle-history"><br></div><div class="battle-history">Mienfoo used <strong>High Jump Kick</strong>!<br></div><div class="battle-history"><small>It's not very effective...</small><br></div><div class="battle-history"><small>(The opposing Subeme La Radio lost <abbr title="−8/25">32%</abbr> of its health!)</small><br></div><div class="spacer battle-history"><br></div><h2 class="battle-history">Turn 47</h2><div class="spacer battle-history"><br></div><div class="battle-history">Mienfoo used <strong>U-turn</strong>!<br></div><div class="battle-history"><small>(The opposing Subeme La Radio lost <abbr title="−7/25">28.0%</abbr> of its health!)</small><br></div><div class="spacer battle-history"><br></div><div class="battle-history">Mienfoo went back to SilentMango!<br></div><div class="battle-history">Go! <strong>Porygon</strong>!<br></div><div class="battle-history"><small>Pointed stones dug into Porygon!</small><br></div><div class="battle-history"><small>[Porygon's Download]</small><br></div><div class="battle-history"><small>Porygon's Special Attack rose!</small><br></div><div class="spacer battle-history"><br></div><div class="battle-history">The opposing Subeme La Radio used <strong>Sludge Bomb</strong>!<br></div><div class="battle-history"><small>(Porygon lost <abbr title="−7/25">28.0%</abbr> of its health!)</small><br></div><div class="battle-history"><small>Porygon was poisoned!</small><br></div><div class="spacer battle-history"><br></div><div class="battle-history"><small>Porygon was hurt by poison!</small><br></div><div class="spacer battle-history"><br></div><h2 class="battle-history">Turn 48</h2><div class="spacer battle-history"><br></div><div class="battle-history">Imilfs withdrew Subeme La Radio!<br></div><div class="battle-history">Imilfs sent out Gollets are amazin (<strong>Pawniard</strong>)!<br></div><div class="spacer battle-history"><br></div><div class="battle-history">Porygon used <strong>Recover</strong>!<br></div><div class="battle-history"><small>Porygon restored its HP.</small><br></div><div class="spacer battle-history"><br></div><div class="battle-history"><small>Porygon was hurt by poison!</small><br></div><div class="spacer battle-history"><br></div><h2 class="battle-history">Turn 49</h2><div class="chat"><small>ggggd left.</small></div><div class="chat"><small>ggggd joined.</small></div><div class="spacer battle-history"><br></div><div class="battle-history">Porygon used <strong>Recover</strong>!<br></div><div class="battle-history"><small>Porygon restored its HP.</small><br></div><div class="spacer battle-history"><br></div><div class="battle-history">The opposing Gollets are amazin is paralyzed! It can't move!<br></div><div class="spacer battle-history"><br></div><div class="battle-history"><small>Porygon was hurt by poison!</small><br></div><div class="spacer battle-history"><br></div><h2 class="battle-history">Turn 50</h2><div class="spacer battle-history"><br></div><div class="battle-history">Porygon used <strong>Hidden Power</strong>!<br></div><div class="battle-history"><small>It's super effective!</small><br></div><div class="battle-history"><small>(The opposing Gollets are amazin lost <abbr title="−8/21">38.1%</abbr> of its health!)</small><br></div><div class="spacer battle-history"><br></div><div class="battle-history">The opposing Gollets are amazin fainted!<br></div><div class="spacer battle-history"><br></div><div class="battle-history"><small>Porygon was hurt by poison!</small><br></div><div class="spacer battle-history"><br></div><div class="battle-history">Imilfs sent out Retired BA (<strong>Mienfoo</strong>)!<br></div><div class="spacer battle-history"><br></div><h2 class="battle-history">Turn 51</h2><div class="chat"><small>Vileman left.</small></div><div class="chat"><small>starmaster joined.</small></div><div class="chat"><small>tahu left.</small></div><div class="chat"><small>Nineage left.</small></div><div class="chat"><small>tahu joined.</small></div><div class="spacer battle-history"><br></div><div class="battle-history">Porygon, come back!<br></div><div class="battle-history">Go! <strong>Vullaby</strong>!<br></div><div class="battle-history"><small>Pointed stones dug into Vullaby!</small><br></div><div class="spacer battle-history"><br></div><div class="battle-history">The opposing Retired BA used <strong>High Jump Kick</strong>!<br></div><div class="battle-history"><small>(Vullaby lost <abbr title="−5/25">20%</abbr> of its health!)</small><br></div><div class="spacer battle-history"><br></div><div class="battle-history">Vullaby fainted!<br></div><div class="spacer battle-history"><br></div><div class="battle-history">Go! <strong>Mienfoo</strong>!<br></div><div class="battle-history"><small>Pointed stones dug into Mienfoo!</small><br></div><div class="spacer battle-history"><br></div><h2 class="battle-history">Turn 52</h2><div class="chat"><small>therealslap joined.</small></div><div class="spacer battle-history"><br></div><div class="battle-history">Imilfs withdrew Retired BA!<br></div><div class="battle-history">Imilfs sent out Subeme La Radio (<strong>Foongus</strong>)!<br></div><div class="spacer battle-history"><br></div><div class="battle-history">Mienfoo used <strong>High Jump Kick</strong>!<br></div><div class="battle-history"><small>It's not very effective...</small><br></div><div class="battle-history"><small>(The opposing Subeme La Radio lost <abbr title="−8/25">32%</abbr> of its health!)</small><br></div><div class="spacer battle-history"><br></div><h2 class="battle-history">Turn 53</h2><div class="spacer battle-history"><br></div><div class="battle-history">Imilfs withdrew Subeme La Radio!<br></div><div class="battle-history">Imilfs sent out super Milf (<strong>Chinchou</strong>)!<br></div><div class="spacer battle-history"><br></div><div class="battle-history">Mienfoo used <strong>High Jump Kick</strong>!<br></div><div class="battle-history"><small>(The opposing super Milf lost <abbr title="−12/24">50%</abbr> of its health!)</small><br></div><div class="spacer battle-history"><br></div><div class="battle-history">The opposing super Milf fainted!<br></div><div class="spacer battle-history"><br></div><div class="battle-history">Imilfs sent out Subeme La Radio (<strong>Foongus</strong>)!<br></div><div class="spacer battle-history"><br></div><h2 class="battle-history">Turn 54</h2><div class="spacer battle-history"><br></div><div class="battle-history">Imilfs withdrew Subeme La Radio!<br></div><div class="battle-history">Imilfs sent out Retired BA (<strong>Mienfoo</strong>)!<br></div><div class="spacer battle-history"><br></div><div class="battle-history">Mienfoo used <strong>U-turn</strong>!<br></div><div class="battle-history"><small>It's not very effective...</small><br></div><div class="battle-history"><small>(The opposing Retired BA lost <abbr title="−3/23">13.0%</abbr> of its health!)</small><br></div><div class="spacer battle-history"><br></div><div class="battle-history">Mienfoo went back to SilentMango!<br></div><div class="battle-history">Go! <strong>Porygon</strong>!<br></div><div class="battle-history"><small>Pointed stones dug into Porygon!</small><br></div><div class="battle-history"><small>[Porygon's Download]</small><br></div><div class="battle-history"><small>Porygon's Special Attack rose!</small><br></div><div class="spacer battle-history"><br></div><div class="battle-history"><small>Porygon was hurt by poison!</small><br></div><div class="spacer battle-history"><br></div><h2 class="battle-history">Turn 55</h2><div class="spacer battle-history"><br></div><div class="battle-history">Porygon, come back!<br></div><div class="battle-history">Go! <strong>Mienfoo</strong>!<br></div><div class="battle-history"><small>Pointed stones dug into Mienfoo!</small><br></div><div class="spacer battle-history"><br></div><div class="battle-history">The opposing Retired BA used <strong>Acrobatics</strong>!<br></div><div class="battle-history"><small>It's super effective!</small><br></div><div class="battle-history"><small>(Mienfoo lost <abbr title="−20/21">95.2%</abbr> of its health!)</small><br></div><div class="spacer battle-history"><br></div><div class="battle-history">Mienfoo fainted!<br></div><div class="chat chatmessage-fiendhound"><strong style="color:hsl(347,87%,41.48433827180416%)"><small>+</small><span class="username" data-name="Fiend Hound">Fiend Hound</span>:</strong> <em>gg</em></div><div class="chat chatmessage-silentmango"><strong style="color:hsl(267,70%,55.9667247398302%)"><small>☆</small><span class="username" data-name="SilentMango">SilentMango</span>:</strong> <em>gg</em></div><div class="chat chatmessage-plasmagby"><strong style="color:hsl(287,66%,44.93586719695389%)"><small> </small><span class="username" data-name="Plasmagby">Plasmagby</span>:</strong> <em>so good</em></div><div class="chat chatmessage-imilfs"><strong style="color:hsl(140,74%,37.56802417856877%)"><small>☆</small><span class="username" data-name="Imilfs">Imilfs</span>:</strong> <em>i need to hit the hjk</em></div><div class="chat chatmessage-imilfs"><strong style="color:hsl(140,74%,37.56802417856877%)"><small>☆</small><span class="username" data-name="Imilfs">Imilfs</span>:</strong> <em>yet</em></div><div class="spacer battle-history"><br></div><div class="battle-history">Go! <strong>Porygon</strong>!<br></div><div class="battle-history"><small>Pointed stones dug into Porygon!</small><br></div><div class="battle-history"><small>[Porygon's Download]</small><br></div><div class="battle-history"><small>Porygon's Special Attack rose!</small><br></div><div class="spacer battle-history"><br></div><h2 class="battle-history">Turn 56</h2><div class="spacer battle-history"><br></div><div class="battle-history">The opposing Retired BA used <strong>High Jump Kick</strong>!<br></div><div class="battle-history"><small>It's super effective!</small><br></div><div class="battle-history"><small>(Porygon lost <abbr title="−10/25">40%</abbr> of its health!)</small><br></div><div class="spacer battle-history"><br></div><div class="battle-history">Porygon fainted!<br></div><div class="spacer battle-history"><br></div><div class="battle-history"><strong>Imilfs</strong> won the battle!<br></div><div class="chat chatmessage-imilfs"><strong style="color:hsl(140,74%,37.56802417856877%)"><small>☆</small><span class="username" data-name="Imilfs">Imilfs</span>:</strong> <em>gg Mango</em></div><div class="chat"><small>starmaster left.</small></div><div class="chat chatmessage-silentmango"><strong style="color:hsl(267,70%,55.9667247398302%)"><small>☆</small><span class="username" data-name="SilentMango">SilentMango</span>:</strong> <em>gg</em></div><div class="chat"><small>Nineage joined.</small></div><div class="chat"><small>tko left.</small></div><div class="chat"><small>Nineage left.</small></div><div class="chat"><small>SilentMango left.</small></div><div class="chat chatmessage-tahu"><strong style="color:hsl(13,48%,45.79297179779011%)"><small> </small><span class="username" data-name="tahu">tahu</span>:</strong> <em>love ba</em></div><div class="chat"><small>ggggd left.</small></div><div class="chat"><small>Sken left.</small></div><div class="chat"><small>rozes left.</small></div><div class="chat"><small>lars stindl left.</small></div><div class="chat"><small>tahu left.</small></div><div class="chat"><small>Plasmagby left.</small></div><div class="chat"><small>therealslap left.</small></div><div class="chat"><small>fitzy left.</small></div><div class="chat"><small>ItzViper482 left.</small></div><div class="chat"><small>Drew left.</small></div><div class="chat"><small>Fiend Hound left.</small></div><div class="chat"><small>SilentMango joined.</small></div></div><div class="inner-preempt"></div></div></div>
</div>
<script>
let daily = Math.floor(Date.now()/1000/60/60/24);document.write('<script src="https://play.pokemonshowdown.com/js/replay-embed.js?version'+daily+'"></'+'script>');
</script>
