<!DOCTYPE html>
<meta charset="utf-8" />
<!-- version 1 -->
<title>LC replay: Prince Pikachusif vs. Grandpa John</title>
<style>
html,body {font-family:Verdana, sans-serif;font-size:10pt;margin:0;padding:0;}body{padding:12px 0;} .battle-log {font-family:Verdana, sans-serif;font-size:10pt;} .battle-log-inline {border:1px solid #AAAAAA;background:#EEF2F5;color:black;max-width:640px;margin:0 auto 80px;padding-bottom:5px;} .battle-log .inner {padding:4px 8px 0px 8px;} .battle-log .inner-preempt {padding:0 8px 4px 8px;} .battle-log .inner-after {margin-top:0.5em;} .battle-log h2 {margin:0.5em -8px;padding:4px 8px;border:1px solid #AAAAAA;background:#E0E7EA;border-left:0;border-right:0;font-family:Verdana, sans-serif;font-size:13pt;} .battle-log .chat {vertical-align:middle;padding:3px 0 3px 0;font-size:8pt;} .battle-log .chat strong {color:#40576A;} .battle-log .chat em {padding:1px 4px 1px 3px;color:#000000;font-style:normal;} .chat.mine {background:rgba(0,0,0,0.05);margin-left:-8px;margin-right:-8px;padding-left:8px;padding-right:8px;} .spoiler {color:#BBBBBB;background:#BBBBBB;padding:0px 3px;} .spoiler:hover, .spoiler:active, .spoiler-shown {color:#000000;background:#E2E2E2;padding:0px 3px;} .spoiler a {color:#BBBBBB;} .spoiler:hover a, .spoiler:active a, .spoiler-shown a {color:#2288CC;} .chat code, .chat .spoiler:hover code, .chat .spoiler:active code, .chat .spoiler-shown code {border:1px solid #C0C0C0;background:#EEEEEE;color:black;padding:0 2px;} .chat .spoiler code {border:1px solid #CCCCCC;background:#CCCCCC;color:#CCCCCC;} .battle-log .rated {padding:3px 4px;} .battle-log .rated strong {color:white;background:#89A;padding:1px 4px;border-radius:4px;} .spacer {margin-top:0.5em;} .message-announce {background:#6688AA;color:white;padding:1px 4px 2px;} .message-announce a, .broadcast-green a, .broadcast-blue a, .broadcast-red a {color:#DDEEFF;} .broadcast-green {background-color:#559955;color:white;padding:2px 4px;} .broadcast-blue {background-color:#6688AA;color:white;padding:2px 4px;} .infobox {border:1px solid #6688AA;padding:2px 4px;} .infobox-limited {max-height:200px;overflow:auto;overflow-x:hidden;} .broadcast-red {background-color:#AA5544;color:white;padding:2px 4px;} .message-learn-canlearn {font-weight:bold;color:#228822;text-decoration:underline;} .message-learn-cannotlearn {font-weight:bold;color:#CC2222;text-decoration:underline;} .message-effect-weak {font-weight:bold;color:#CC2222;} .message-effect-resist {font-weight:bold;color:#6688AA;} .message-effect-immune {font-weight:bold;color:#666666;} .message-learn-list {margin-top:0;margin-bottom:0;} .message-throttle-notice, .message-error {color:#992222;} .message-overflow, .chat small.message-overflow {font-size:0pt;} .message-overflow::before {font-size:9pt;content:'...';} .subtle {color:#3A4A66;}
</style>
<div class="wrapper replay-wrapper" style="max-width:1180px;margin:0 auto">
<input type="hidden" name="replayid" value="lc-515349828" />
<div class="battle"></div><div class="battle-log"></div><div class="replay-controls"></div><div class="replay-controls-2"></div>
<h1 style="font-weight:normal;text-align:center"><strong>LC</strong><br /><a href="http://pokemonshowdown.com/users/princepikachusif" class="subtle" target="_blank">Prince Pikachusif</a> vs. <a href="http://pokemonshowdown.com/users/grandpajohn" class="subtle" target="_blank">Grandpa John</a></h1>
<script type="text/plain" class="battle-log-data">|j|Prince Pikachusif
|j|Grandpa John
|player|p1|Prince Pikachusif|1
|player|p2|Grandpa John|244
|gametype|singles
|gen|6
|tier|LC
|seed|3664,56075,35004,64044
|clearpoke
|poke|p1|Ponyta, L5, M|item
|poke|p1|Drilbur, L5, M|item
|poke|p1|Gastly, L5, M|item
|poke|p1|Ferroseed, L5, M|item
|poke|p1|Shellos-East, L5, M|item
|poke|p1|Spritzee, L5, F|item
|poke|p2|Archen, L5, F|item
|poke|p2|Mienfoo, L5, F|item
|poke|p2|Pawniard, L5, M|item
|poke|p2|Cottonee, L5, F|item
|poke|p2|Ponyta, L5, F|item
|poke|p2|Carvanha, L5, M|item
|rule|Sleep Clause Mod: Limit one foe put to sleep
|rule|Species Clause: Limit one of each Pokémon
|rule|OHKO Clause: OHKO moves are banned
|rule|Moody Clause: Moody is banned
|rule|Evasion Moves Clause: Evasion moves are banned
|rule|Endless Battle Clause: Forcing endless battles is banned
|rule|HP Percentage Mod: HP is shown in percentages
|teampreview
|c|★Prince Pikachusif|Glhf. Your team looks terrifying.
|choice|team 4, team 2, team 3, team 1, team 5, team 6|team 4, team 2, team 3, team 1, team 5, team 6
|
|start
|switch|p1a: Ferroseed|Ferroseed, L5, M|24\/24
|switch|p2a: Cottonee|Cottonee, L5, F|22\/22
|turn|1
|c|★Grandpa John|You too
|choice|move thunderwave|move stunspore
|
|move|p2a: Cottonee|Stun Spore|p1a: Ferroseed
|-immune|p1a: Ferroseed|[msg]
|move|p1a: Ferroseed|Thunder Wave|p2a: Cottonee
|-status|p2a: Cottonee|par
|
|upkeep
|turn|2
|choice|move stealthrock|move knockoff
|
|move|p1a: Ferroseed|Stealth Rock|p2a: Cottonee
|-sidestart|p2: Grandpa John|move: Stealth Rock
|move|p2a: Cottonee|Knock Off|p1a: Ferroseed
|-damage|p1a: Ferroseed|20\/24
|-damage|p2a: Cottonee|20\/22 par|[from] ability: Iron Barbs|[of] p1a: Ferroseed
|-damage|p2a: Cottonee|17\/22 par|[from] item: Rocky Helmet|[of] p1a: Ferroseed
|-enditem|p1a: Ferroseed|Rocky Helmet|[from] move: Knock Off|[of] p2a: Cottonee
|
|upkeep
|turn|3
|choice|move bulletseed|move encore
|
|move|p2a: Cottonee|Encore|p1a: Ferroseed
|-start|p1a: Ferroseed|Encore
|move|p1a: Ferroseed|Stealth Rock|p2a: Cottonee
|-fail|p2a: Cottonee
|
|upkeep
|turn|4
|choice|switch 2|switch 4
|
|switch|p1a: Drilbur|Drilbur, L5, M|22\/22
|-ability|p1a: Drilbur|Mold Breaker
|switch|p2a: Archen|Archen, L5, F|22\/22
|-damage|p2a: Archen|17\/22|[from] Stealth Rock
|
|upkeep
|turn|5
|choice|move rockslide|move defog
|
|move|p1a: Drilbur|Rock Slide|p2a: Archen
|-supereffective|p2a: Archen
|-crit|p2a: Archen
|-damage|p2a: Archen|0 fnt
|faint|p2a: Archen
|
|upkeep
|choice||switch 2
|
|switch|p2a: Mienfoo|Mienfoo, L5, F|23\/23
|-damage|p2a: Mienfoo|22\/23|[from] Stealth Rock
|turn|6
|choice|switch 6|move drainpunch
|
|switch|p1a: Spritzee|Spritzee, L5, F|27\/27
|move|p2a: Mienfoo|Drain Punch|p1a: Spritzee
|-resisted|p1a: Spritzee
|-damage|p1a: Spritzee|22\/27
|-heal|p2a: Mienfoo|23\/23|[from] drain|[of] p1a: Spritzee
|
|-heal|p1a: Spritzee|23\/27|[from] item: Leftovers
|upkeep
|turn|7
|choice|move moonblast|move uturn
|
|move|p2a: Mienfoo|U-turn|p1a: Spritzee
|-resisted|p1a: Spritzee
|-damage|p1a: Spritzee|20\/27
|choice||switch 3
|
|switch|p2a: Pawniard|Pawniard, L5, M|22\/22
|-damage|p2a: Pawniard|21\/22|[from] Stealth Rock
|move|p1a: Spritzee|Moonblast|p2a: Pawniard
|-damage|p2a: Pawniard|5\/22
|
|-heal|p1a: Spritzee|21\/27|[from] item: Leftovers
|upkeep
|turn|8
|choice|switch 4|move stealthrock
|
|switch|p1a: Ponyta|Ponyta, L5, M|21\/21
|move|p2a: Pawniard|Stealth Rock|p1a: Ponyta
|-sidestart|p1: Prince Pikachusif|move: Stealth Rock
|
|upkeep
|turn|9
|choice|move doubleedge|switch 6
|
|switch|p2a: Carvanha|Carvanha, L5, M|19\/19
|-damage|p2a: Carvanha|17\/19|[from] Stealth Rock
|move|p1a: Ponyta|Double-Edge|p2a: Carvanha
|-damage|p2a: Carvanha|0 fnt
|-damage|p1a: Ponyta|15\/21|[from] recoil|[of] p2a: Carvanha
|faint|p2a: Carvanha
|
|upkeep
|choice||switch 3
|
|switch|p2a: Mienfoo|Mienfoo, L5, F|23\/23
|-damage|p2a: Mienfoo|22\/23|[from] Stealth Rock
|turn|10
|choice|move doubleedge|move knockoff
|
|move|p1a: Ponyta|Double-Edge|p2a: Mienfoo
|-damage|p2a: Mienfoo|14\/23
|-damage|p1a: Ponyta|12\/21|[from] recoil|[of] p2a: Mienfoo
|move|p2a: Mienfoo|Knock Off|p1a: Ponyta
|-damage|p1a: Ponyta|2\/21
|-enditem|p1a: Ponyta|Choice Scarf|[from] move: Knock Off|[of] p2a: Mienfoo
|
|upkeep
|turn|11
|choice|move flareblitz|move uturn
|
|move|p1a: Ponyta|Flare Blitz|p2a: Mienfoo
|-damage|p2a: Mienfoo|1\/23
|-damage|p1a: Ponyta|0 fnt|[from] recoil|[of] p2a: Mienfoo
|faint|p1a: Ponyta
|move|p2a: Mienfoo|U-turn|p1: Ponyta|[notarget]
|-notarget
|
|upkeep
|choice|switch 3|
|
|switch|p1a: Gastly|Gastly, L5, M|19\/19
|-damage|p1a: Gastly|17\/19|[from] Stealth Rock
|turn|12
|choice|move dazzlinggleam|move drainpunch
|
|move|p1a: Gastly|Dazzling Gleam|p2a: Mienfoo
|-supereffective|p2a: Mienfoo
|-damage|p2a: Mienfoo|0 fnt
|-damage|p1a: Gastly|16\/19|[from] item: Life Orb
|faint|p2a: Mienfoo
|
|upkeep
|choice||switch 5
|
|switch|p2a: Ponyta|Ponyta, L5, F|21\/21
|-damage|p2a: Ponyta|16\/21|[from] Stealth Rock
|turn|13
|choice|move sludgebomb|move willowisp
|
|move|p2a: Ponyta|Will-O-Wisp|p1a: Gastly
|-status|p1a: Gastly|brn
|move|p1a: Gastly|Sludge Bomb|p2a: Ponyta
|-damage|p2a: Ponyta|0 fnt
|-damage|p1a: Gastly|15\/19 brn|[from] item: Life Orb
|faint|p2a: Ponyta
|
|-damage|p1a: Gastly|13\/19 brn|[from] brn
|upkeep
|choice||switch 4
|
|switch|p2a: Cottonee|Cottonee, L5, F|17\/22 par
|-damage|p2a: Cottonee|15\/22 par|[from] Stealth Rock
|turn|14
|choice|move sludgebomb|move knockoff
|
|move|p1a: Gastly|Sludge Bomb|p2a: Cottonee
|-supereffective|p2a: Cottonee
|-crit|p2a: Cottonee
|-damage|p2a: Cottonee|0 fnt
|-damage|p1a: Gastly|12\/19 brn|[from] item: Life Orb
|faint|p2a: Cottonee
|
|-damage|p1a: Gastly|10\/19 brn|[from] brn
|upkeep
|c|★Prince Pikachusif|GG.
|c|★Grandpa John|Gg
|choice||switch 6
|
|switch|p2a: Pawniard|Pawniard, L5, M|5\/22
|-damage|p2a: Pawniard|4\/22|[from] Stealth Rock
|turn|15
|choice|move dazzlinggleam|move knockoff
|
|move|p2a: Pawniard|Knock Off|p1a: Gastly
|-supereffective|p1a: Gastly
|-damage|p1a: Gastly|0 fnt
|-enditem|p1a: Gastly|Life Orb|[from] move: Knock Off|[of] p2a: Pawniard
|faint|p1a: Gastly
|
|upkeep
|c|★Prince Pikachusif|Scarfed Pawinard?
|choice|switch 5|
|
|switch|p1a: Shellos|Shellos-East, L5, M|27\/27
|-damage|p1a: Shellos|24\/27|[from] Stealth Rock
|turn|16
|c|★Grandpa John|Yep
|choice|move scald|move knockoff
|
|move|p2a: Pawniard|Knock Off|p1a: Shellos
|-damage|p1a: Shellos|11\/27
|-activate|p1a: Shellos|ability: Sticky Hold
|move|p1a: Shellos|Scald|p2a: Pawniard
|-damage|p2a: Pawniard|0 fnt
|faint|p2a: Pawniard
|
|win|Prince Pikachusif
|player|p1
|player|p2</script>
</div>
<div class="battle-log battle-log-inline"><div class="inner"><div class="battle-options"></div><div class="inner"><div class="chat"><small>Prince Pikachusif joined.</small></div><div class="chat"><small>Grandpa John joined.</small></div><div class=""><small>Format:</small> <br><strong>LC</strong></div><div class=""><small><em>Sleep Clause Mod:</em> Limit one foe put to sleep</small></div><div class=""><small><em>Species Clause:</em> Limit one of each Pokémon</small></div><div class=""><small><em>OHKO Clause:</em> OHKO moves are banned</small></div><div class=""><small><em>Moody Clause:</em> Moody is banned</small></div><div class=""><small><em>Evasion Moves Clause:</em> Evasion moves are banned</small></div><div class=""><small><em>Endless Battle Clause:</em> Forcing endless battles is banned</small></div><div class=""><small><em>HP Percentage Mod:</em> HP is shown in percentages</small></div><div class="chat battle-history"><strong>Prince Pikachusif's team:</strong> <em style="color:#445566;display:block;">Ponyta / Drilbur / Gastly / Ferroseed / Shellos-East / Spritzee</em></div><div class="chat battle-history"><strong>Grandpa John's team:</strong> <em style="color:#445566;display:block;">Archen / Mienfoo / Pawniard / Cottonee / Ponyta / Carvanha</em></div><div class="chat chatmessage-princepikachusif"><strong style="color:hsl(94,77%,35.610173072000606%)"><small>★</small><span class="username" data-name="Prince Pikachusif">Prince Pikachusif</span>:</strong> <em>Glhf. Your team looks terrifying.</em></div><div class="spacer battle-history"><br></div><div class="battle-history">Battle started between Prince Pikachusif and Grandpa John!<br></div><div class="spacer battle-history"><br></div><div class="battle-history">Go! <strong>Ferroseed</strong>!<br></div><div class="spacer battle-history"><br></div><div class="battle-history">Grandpa John sent out <strong>Cottonee</strong>!<br></div><div class="spacer battle-history"><br></div><h2 class="battle-history">Turn 1</h2><div class="chat chatmessage-grandpajohn"><strong style="color:hsl(32,80%,37%)"><small>★</small><span class="username" data-name="Grandpa John">Grandpa John</span>:</strong> <em>You too</em></div><div class="spacer battle-history"><br></div><div class="battle-history">The opposing Cottonee used <strong>Stun Spore</strong>!<br></div><div class="battle-history"><small>It doesn't affect Ferroseed...</small><br></div><div class="spacer battle-history"><br></div><div class="battle-history">Ferroseed used <strong>Thunder Wave</strong>!<br></div><div class="battle-history"><small>The opposing Cottonee is paralyzed! It may be unable to move!</small><br></div><div class="spacer battle-history"><br></div><h2 class="battle-history">Turn 2</h2><div class="spacer battle-history"><br></div><div class="battle-history">Ferroseed used <strong>Stealth Rock</strong>!<br></div><div class="battle-history"><small>Pointed stones float in the air around the opposing team!</small><br></div><div class="spacer battle-history"><br></div><div class="battle-history">The opposing Cottonee used <strong>Knock Off</strong>!<br></div><div class="battle-history"><small>(Ferroseed lost <abbr title="−4/24">16.7%</abbr> of its health!)</small><br></div><div class="battle-history"><small>[Ferroseed's Iron Barbs]</small><br><small>The opposing Cottonee was hurt!</small><br></div><div class="battle-history"><small>The opposing Cottonee was hurt by the Rocky Helmet!</small><br></div><div class="battle-history"><small>The opposing Cottonee knocked off Ferroseed's Rocky Helmet!</small><br></div><div class="spacer battle-history"><br></div><h2 class="battle-history">Turn 3</h2><div class="spacer battle-history"><br></div><div class="battle-history">The opposing Cottonee used <strong>Encore</strong>!<br></div><div class="battle-history"><small>Ferroseed received an encore!</small><br></div><div class="spacer battle-history"><br></div><div class="battle-history">Ferroseed used <strong>Stealth Rock</strong>!<br></div><div class="battle-history"><small>But it failed!</small><br></div><div class="spacer battle-history"><br></div><h2 class="battle-history">Turn 4</h2><div class="spacer battle-history"><br></div><div class="battle-history">Ferroseed, come back!<br></div><div class="battle-history">Go! <strong>Drilbur</strong>!<br></div><div class="battle-history"><small>[Drilbur's Mold Breaker]</small><br><small>Drilbur breaks the mold!</small><br></div><div class="spacer battle-history"><br></div><div class="battle-history">Grandpa John withdrew Cottonee!<br></div><div class="battle-history">Grandpa John sent out <strong>Archen</strong>!<br></div><div class="battle-history"><small>Pointed stones dug into the opposing Archen!</small><br></div><div class="spacer battle-history"><br></div><h2 class="battle-history">Turn 5</h2><div class="spacer battle-history"><br></div><div class="battle-history">Drilbur used <strong>Rock Slide</strong>!<br></div><div class="battle-history"><small>It's super effective!</small><br></div><div class="battle-history"><small>A critical hit!</small><br></div><div class="battle-history"><small>(The opposing Archen lost <abbr title="−17/22">77.3%</abbr> of its health!)</small><br></div><div class="spacer battle-history"><br></div><div class="battle-history">The opposing Archen fainted!<br></div><div class="spacer battle-history"><br></div><div class="battle-history">Grandpa John sent out <strong>Mienfoo</strong>!<br></div><div class="battle-history"><small>Pointed stones dug into the opposing Mienfoo!</small><br></div><div class="spacer battle-history"><br></div><h2 class="battle-history">Turn 6</h2><div class="spacer battle-history"><br></div><div class="battle-history">Drilbur, come back!<br></div><div class="battle-history">Go! <strong>Spritzee</strong>!<br></div><div class="spacer battle-history"><br></div><div class="battle-history">The opposing Mienfoo used <strong>Drain Punch</strong>!<br></div><div class="battle-history"><small>It's not very effective...</small><br></div><div class="battle-history"><small>(Spritzee lost <abbr title="−5/27">18.5%</abbr> of its health!)</small><br></div><div class="battle-history"><small>Spritzee had its energy drained!</small><br></div><div class="spacer battle-history"><br></div><div class="battle-history"><small>Spritzee restored a little HP using its Leftovers!</small><br></div><div class="spacer battle-history"><br></div><h2 class="battle-history">Turn 7</h2><div class="spacer battle-history"><br></div><div class="battle-history">The opposing Mienfoo used <strong>U-turn</strong>!<br></div><div class="battle-history"><small>It's not very effective...</small><br></div><div class="battle-history"><small>(Spritzee lost <abbr title="−3/27">11.1%</abbr> of its health!)</small><br></div><div class="spacer battle-history"><br></div><div class="battle-history">The opposing Mienfoo went back to Grandpa John!<br></div><div class="battle-history">Grandpa John sent out <strong>Pawniard</strong>!<br></div><div class="battle-history"><small>Pointed stones dug into the opposing Pawniard!</small><br></div><div class="spacer battle-history"><br></div><div class="battle-history">Spritzee used <strong>Moonblast</strong>!<br></div><div class="battle-history"><small>(The opposing Pawniard lost <abbr title="−16/22">72.7%</abbr> of its health!)</small><br></div><div class="spacer battle-history"><br></div><div class="battle-history"><small>Spritzee restored a little HP using its Leftovers!</small><br></div><div class="spacer battle-history"><br></div><h2 class="battle-history">Turn 8</h2><div class="spacer battle-history"><br></div><div class="battle-history">Spritzee, come back!<br></div><div class="battle-history">Go! <strong>Ponyta</strong>!<br></div><div class="spacer battle-history"><br></div><div class="battle-history">The opposing Pawniard used <strong>Stealth Rock</strong>!<br></div><div class="battle-history"><small>Pointed stones float in the air around your team!</small><br></div><div class="spacer battle-history"><br></div><h2 class="battle-history">Turn 9</h2><div class="spacer battle-history"><br></div><div class="battle-history">Grandpa John withdrew Pawniard!<br></div><div class="battle-history">Grandpa John sent out <strong>Carvanha</strong>!<br></div><div class="battle-history"><small>Pointed stones dug into the opposing Carvanha!</small><br></div><div class="spacer battle-history"><br></div><div class="battle-history">Ponyta used <strong>Double-Edge</strong>!<br></div><div class="battle-history"><small>(The opposing Carvanha lost <abbr title="−17/19">89.5%</abbr> of its health!)</small><br></div><div class="battle-history"><small>Ponyta is damaged by the recoil!</small><br></div><div class="spacer battle-history"><br></div><div class="battle-history">The opposing Carvanha fainted!<br></div><div class="spacer battle-history"><br></div><div class="battle-history">Grandpa John sent out <strong>Mienfoo</strong>!<br></div><div class="battle-history"><small>Pointed stones dug into the opposing Mienfoo!</small><br></div><div class="spacer battle-history"><br></div><h2 class="battle-history">Turn 10</h2><div class="spacer battle-history"><br></div><div class="battle-history">Ponyta used <strong>Double-Edge</strong>!<br></div><div class="battle-history"><small>(The opposing Mienfoo lost <abbr title="−8/23">34.8%</abbr> of its health!)</small><br></div><div class="battle-history"><small>Ponyta is damaged by the recoil!</small><br></div><div class="spacer battle-history"><br></div><div class="battle-history">The opposing Mienfoo used <strong>Knock Off</strong>!<br></div><div class="battle-history"><small>(Ponyta lost <abbr title="−10/21">47.6%</abbr> of its health!)</small><br></div><div class="battle-history"><small>The opposing Mienfoo knocked off Ponyta's Choice Scarf!</small><br></div><div class="spacer battle-history"><br></div><h2 class="battle-history">Turn 11</h2><div class="spacer battle-history"><br></div><div class="battle-history">Ponyta used <strong>Flare Blitz</strong>!<br></div><div class="battle-history"><small>(The opposing Mienfoo lost <abbr title="−13/23">56.5%</abbr> of its health!)</small><br></div><div class="battle-history"><small>Ponyta is damaged by the recoil!</small><br></div><div class="spacer battle-history"><br></div><div class="battle-history">Ponyta fainted!<br></div><div class="battle-history">The opposing Mienfoo used <strong>U-turn</strong>!<br></div><div class="battle-history"><small>But there was no target...</small><br></div><div class="spacer battle-history"><br></div><div class="battle-history">Go! <strong>Gastly</strong>!<br></div><div class="battle-history"><small>Pointed stones dug into Gastly!</small><br></div><div class="spacer battle-history"><br></div><h2 class="battle-history">Turn 12</h2><div class="spacer battle-history"><br></div><div class="battle-history">Gastly used <strong>Dazzling Gleam</strong>!<br></div><div class="battle-history"><small>It's super effective!</small><br></div><div class="battle-history"><small>(The opposing Mienfoo lost <abbr title="−1/23">4.3%</abbr> of its health!)</small><br></div><div class="battle-history"><small>Gastly lost some of its HP!</small><br></div><div class="spacer battle-history"><br></div><div class="battle-history">The opposing Mienfoo fainted!<br></div><div class="spacer battle-history"><br></div><div class="battle-history">Grandpa John sent out <strong>Ponyta</strong>!<br></div><div class="battle-history"><small>Pointed stones dug into the opposing Ponyta!</small><br></div><div class="spacer battle-history"><br></div><h2 class="battle-history">Turn 13</h2><div class="spacer battle-history"><br></div><div class="battle-history">The opposing Ponyta used <strong>Will-O-Wisp</strong>!<br></div><div class="battle-history"><small>Gastly was burned!</small><br></div><div class="spacer battle-history"><br></div><div class="battle-history">Gastly used <strong>Sludge Bomb</strong>!<br></div><div class="battle-history"><small>(The opposing Ponyta lost <abbr title="−16/21">76.2%</abbr> of its health!)</small><br></div><div class="battle-history"><small>Gastly lost some of its HP!</small><br></div><div class="spacer battle-history"><br></div><div class="battle-history">The opposing Ponyta fainted!<br></div><div class="spacer battle-history"><br></div><div class="battle-history"><small>Gastly was hurt by its burn!</small><br></div><div class="spacer battle-history"><br></div><div class="battle-history">Grandpa John sent out <strong>Cottonee</strong>!<br></div><div class="battle-history"><small>Pointed stones dug into the opposing Cottonee!</small><br></div><div class="spacer battle-history"><br></div><h2 class="battle-history">Turn 14</h2><div class="spacer battle-history"><br></div><div class="battle-history">Gastly used <strong>Sludge Bomb</strong>!<br></div><div class="battle-history"><small>It's super effective!</small><br></div><div class="battle-history"><small>A critical hit!</small><br></div><div class="battle-history"><small>(The opposing Cottonee lost <abbr title="−15/22">68.2%</abbr> of its health!)</small><br></div><div class="battle-history"><small>Gastly lost some of its HP!</small><br></div><div class="spacer battle-history"><br></div><div class="battle-history">The opposing Cottonee fainted!<br></div><div class="spacer battle-history"><br></div><div class="battle-history"><small>Gastly was hurt by its burn!</small><br></div><div class="chat chatmessage-princepikachusif"><strong style="color:hsl(94,77%,35.610173072000606%)"><small>★</small><span class="username" data-name="Prince Pikachusif">Prince Pikachusif</span>:</strong> <em>GG.</em></div><div class="chat chatmessage-grandpajohn"><strong style="color:hsl(32,80%,37%)"><small>★</small><span class="username" data-name="Grandpa John">Grandpa John</span>:</strong> <em>Gg</em></div><div class="spacer battle-history"><br></div><div class="battle-history">Grandpa John sent out <strong>Pawniard</strong>!<br></div><div class="battle-history"><small>Pointed stones dug into the opposing Pawniard!</small><br></div><div class="spacer battle-history"><br></div><h2 class="battle-history">Turn 15</h2><div class="spacer battle-history"><br></div><div class="battle-history">The opposing Pawniard used <strong>Knock Off</strong>!<br></div><div class="battle-history"><small>It's super effective!</small><br></div><div class="battle-history"><small>(Gastly lost <abbr title="−10/19">52.6%</abbr> of its health!)</small><br></div><div class="battle-history"><small>The opposing Pawniard knocked off Gastly's Life Orb!</small><br></div><div class="spacer battle-history"><br></div><div class="battle-history">Gastly fainted!<br></div><div class="chat chatmessage-princepikachusif"><strong style="color:hsl(94,77%,35.610173072000606%)"><small>★</small><span class="username" data-name="Prince Pikachusif">Prince Pikachusif</span>:</strong> <em>Scarfed Pawinard?</em></div><div class="spacer battle-history"><br></div><div class="battle-history">Go! Shellos (<strong>Shellos-East</strong>)!<br></div><div class="battle-history"><small>Pointed stones dug into Shellos!</small><br></div><div class="spacer battle-history"><br></div><h2 class="battle-history">Turn 16</h2><div class="chat chatmessage-grandpajohn"><strong style="color:hsl(32,80%,37%)"><small>★</small><span class="username" data-name="Grandpa John">Grandpa John</span>:</strong> <em>Yep</em></div><div class="spacer battle-history"><br></div><div class="battle-history">The opposing Pawniard used <strong>Knock Off</strong>!<br></div><div class="battle-history"><small>(Shellos lost <abbr title="−13/27">48.1%</abbr> of its health!)</small><br></div><div class="battle-history"><small>[Shellos's Sticky Hold]</small><br><small>Shellos's item cannot be removed!</small><br></div><div class="spacer battle-history"><br></div><div class="battle-history">Shellos used <strong>Scald</strong>!<br></div><div class="battle-history"><small>(The opposing Pawniard lost <abbr title="−4/22">18.2%</abbr> of its health!)</small><br></div><div class="spacer battle-history"><br></div><div class="battle-history">The opposing Pawniard fainted!<br></div><div class="spacer battle-history"><br></div><div class="battle-history"><strong>Prince Pikachusif</strong> won the battle!<br></div></div><div class="inner-preempt"></div></div></div>
</div>
<script>
let daily = Math.floor(Date.now()/1000/60/60/24);document.write('<script src="https://play.pokemonshowdown.com/js/replay-embed.js?version'+daily+'"></'+'script>');
</script>
