<!DOCTYPE html>
<meta charset="utf-8" />
<!-- version 1 -->
<title>LC replay: enz300 vs. adewale</title>
<style>
html,body {font-family:Verdana, sans-serif;font-size:10pt;margin:0;padding:0;}body{padding:12px 0;} .battle-log {font-family:Verdana, sans-serif;font-size:10pt;} .battle-log-inline {border:1px solid #AAAAAA;background:#EEF2F5;color:black;max-width:640px;margin:0 auto 80px;padding-bottom:5px;} .battle-log .inner {padding:4px 8px 0px 8px;} .battle-log .inner-preempt {padding:0 8px 4px 8px;} .battle-log .inner-after {margin-top:0.5em;} .battle-log h2 {margin:0.5em -8px;padding:4px 8px;border:1px solid #AAAAAA;background:#E0E7EA;border-left:0;border-right:0;font-family:Verdana, sans-serif;font-size:13pt;} .battle-log .chat {vertical-align:middle;padding:3px 0 3px 0;font-size:8pt;} .battle-log .chat strong {color:#40576A;} .battle-log .chat em {padding:1px 4px 1px 3px;color:#000000;font-style:normal;} .chat.mine {background:rgba(0,0,0,0.05);margin-left:-8px;margin-right:-8px;padding-left:8px;padding-right:8px;} .spoiler {color:#BBBBBB;background:#BBBBBB;padding:0px 3px;} .spoiler:hover, .spoiler:active, .spoiler-shown {color:#000000;background:#E2E2E2;padding:0px 3px;} .spoiler a {color:#BBBBBB;} .spoiler:hover a, .spoiler:active a, .spoiler-shown a {color:#2288CC;} .chat code, .chat .spoiler:hover code, .chat .spoiler:active code, .chat .spoiler-shown code {border:1px solid #C0C0C0;background:#EEEEEE;color:black;padding:0 2px;} .chat .spoiler code {border:1px solid #CCCCCC;background:#CCCCCC;color:#CCCCCC;} .battle-log .rated {padding:3px 4px;} .battle-log .rated strong {color:white;background:#89A;padding:1px 4px;border-radius:4px;} .spacer {margin-top:0.5em;} .message-announce {background:#6688AA;color:white;padding:1px 4px 2px;} .message-announce a, .broadcast-green a, .broadcast-blue a, .broadcast-red a {color:#DDEEFF;} .broadcast-green {background-color:#559955;color:white;padding:2px 4px;} .broadcast-blue {background-color:#6688AA;color:white;padding:2px 4px;} .infobox {border:1px solid #6688AA;padding:2px 4px;} .infobox-limited {max-height:200px;overflow:auto;overflow-x:hidden;} .broadcast-red {background-color:#AA5544;color:white;padding:2px 4px;} .message-learn-canlearn {font-weight:bold;color:#228822;text-decoration:underline;} .message-learn-cannotlearn {font-weight:bold;color:#CC2222;text-decoration:underline;} .message-effect-weak {font-weight:bold;color:#CC2222;} .message-effect-resist {font-weight:bold;color:#6688AA;} .message-effect-immune {font-weight:bold;color:#666666;} .message-learn-list {margin-top:0;margin-bottom:0;} .message-throttle-notice, .message-error {color:#992222;} .message-overflow, .chat small.message-overflow {font-size:0pt;} .message-overflow::before {font-size:9pt;content:'...';} .subtle {color:#3A4A66;}
</style>
<div class="wrapper replay-wrapper" style="max-width:1180px;margin:0 auto">
<input type="hidden" name="replayid" value="lc-521628982" />
<div class="battle"></div><div class="battle-log"></div><div class="replay-controls"></div><div class="replay-controls-2"></div>
<h1 style="font-weight:normal;text-align:center"><strong>LC</strong><br /><a href="http://pokemonshowdown.com/users/enz300" class="subtle" target="_blank">enz300</a> vs. <a href="http://pokemonshowdown.com/users/adewale" class="subtle" target="_blank">adewale</a></h1>
<script type="text/plain" class="battle-log-data">|j|enz300
|j|adewale
|player|p1|enz300|278
|player|p2|adewale|40
|gametype|singles
|gen|6
|tier|LC
|seed|23129,12041,21756,19790
|clearpoke
|poke|p1|Pawniard, L5, F|item
|poke|p1|Gastly, L5, F|item
|poke|p1|Chinchou, L5, F|item
|poke|p1|Abra, L5, F|item
|poke|p1|Onix, L5, M|item
|poke|p1|Pineco, L5, M|item
|poke|p2|Baltoy, L5|item
|poke|p2|Buizel, L5, M|item
|poke|p2|Deino, L5, M|item
|poke|p2|Snover, L5, F|item
|poke|p2|Slowpoke, L5, M|item
|poke|p2|Rufflet, L5, M|item
|rule|Sleep Clause Mod: Limit one foe put to sleep
|rule|Species Clause: Limit one of each Pokémon
|rule|OHKO Clause: OHKO moves are banned
|rule|Moody Clause: Moody is banned
|rule|Evasion Moves Clause: Evasion moves are banned
|rule|Endless Battle Clause: Forcing endless battles is banned
|rule|HP Percentage Mod: HP is shown in percentages
|teampreview
|choice|team 6, team 2, team 3, team 4, team 5, team 1|team 3, team 2, team 1, team 4, team 5, team 6
|
|start
|switch|p1a: Pineco|Pineco, L5, M|21\/21
|switch|p2a: 3edgy5u|Deino, L5, M|22\/22
|turn|1
|choice|move stealthrock|move outrage
|
|move|p2a: 3edgy5u|Outrage|p1a: Pineco
|-damage|p1a: Pineco|3\/21
|-enditem|p1a: Pineco|Berry Juice
|-heal|p1a: Pineco|21\/21|[from] item: Berry Juice
|move|p1a: Pineco|Stealth Rock|p2a: 3edgy5u
|-sidestart|p2: adewale|move: Stealth Rock
|
|upkeep
|turn|2
|choice|move toxicspikes|move outrage
|
|move|p2a: 3edgy5u|Outrage|p1a: Pineco|[from]lockedmove
|-damage|p1a: Pineco|5\/21
|-start|p2a: 3edgy5u|confusion|[fatigue]
|move|p1a: Pineco|Toxic Spikes|p2a: 3edgy5u
|-sidestart|p2: adewale|move: Toxic Spikes
|
|upkeep
|turn|3
|choice|move toxicspikes|move outrage
|
|-activate|p2a: 3edgy5u|confusion
|move|p2a: 3edgy5u|Outrage|p1a: Pineco
|-damage|p1a: Pineco|0 fnt
|faint|p1a: Pineco
|
|upkeep
|choice|switch 6|
|
|switch|p1a: Pawniard|Pawniard, L5, F|21\/21
|turn|4
|choice|move knockoff|move outrage
|
|-activate|p2a: 3edgy5u|confusion
|-damage|p2a: 3edgy5u|15\/22|[from] confusion
|move|p1a: Pawniard|Knock Off|p2a: 3edgy5u
|-resisted|p2a: 3edgy5u
|-damage|p2a: 3edgy5u|7\/22
|-enditem|p2a: 3edgy5u|Choice Scarf|[from] move: Knock Off|[of] p1a: Pawniard
|
|upkeep
|turn|5
|choice|move suckerpunch|move superpower
|
|move|p1a: Pawniard|Sucker Punch|p2a: 3edgy5u
|-resisted|p2a: 3edgy5u
|-damage|p2a: 3edgy5u|0 fnt
|faint|p2a: 3edgy5u
|
|upkeep
|choice||switch 5
|
|switch|p2a: Bait|Slowpoke, L5, M|27\/27
|-status|p2a: Bait|psn
|-damage|p2a: Bait|24\/27 psn|[from] Stealth Rock
|turn|6
|choice|move swordsdance|move thunderwave
|
|move|p1a: Pawniard|Swords Dance|p1a: Pawniard
|-boost|p1a: Pawniard|atk|2
|move|p2a: Bait|Thunder Wave|p1a: Pawniard
|-status|p1a: Pawniard|par
|
|-damage|p2a: Bait|21\/27 psn|[from] psn
|upkeep
|turn|7
|choice|move knockoff|move scald
|
|move|p2a: Bait|Scald|p1a: Pawniard
|-damage|p1a: Pawniard|14\/21 par
|move|p1a: Pawniard|Knock Off|p2a: Bait
|-supereffective|p2a: Bait
|-damage|p2a: Bait|0 fnt
|-enditem|p2a: Bait|Eviolite|[from] move: Knock Off|[of] p1a: Pawniard
|faint|p2a: Bait
|
|upkeep
|choice||switch 2
|
|switch|p2a: French Mofo|Buizel, L5, M|22\/22
|-damage|p2a: French Mofo|20\/22|[from] Stealth Rock
|-status|p2a: French Mofo|psn
|turn|8
|choice|move suckerpunch|move icepunch
|
|move|p1a: Pawniard|Sucker Punch|p2a: French Mofo
|-damage|p2a: French Mofo|0 fnt
|faint|p2a: French Mofo
|
|upkeep
|choice||switch 3
|
|switch|p2a: Mayan But-Plug|Baltoy, L5|21\/21
|-damage|p2a: Mayan But-Plug|20\/21|[from] Stealth Rock
|turn|9
|choice|move suckerpunch|move earthquake
|
|cant|p1a: Pawniard|par
|move|p2a: Mayan But-Plug|Earthquake|p1a: Pawniard
|-supereffective|p1a: Pawniard
|-damage|p1a: Pawniard|0 fnt
|faint|p1a: Pawniard
|
|upkeep
|choice|switch 4|
|
|switch|p1a: Abra|Abra, L5, F|19\/19
|turn|10
|choice|move energyball|move rapidspin
|
|move|p1a: Abra|Energy Ball|p2a: Mayan But-Plug
|-supereffective|p2a: Mayan But-Plug
|-damage|p2a: Mayan But-Plug|6\/21
|move|p2a: Mayan But-Plug|Rapid Spin|p1a: Abra
|-crit|p1a: Abra
|-damage|p1a: Abra|14\/19
|-sideend|p2: adewale|Toxic Spikes|[from] move: Rapid Spin|[of] p2a: Mayan But-Plug
|-sideend|p2: adewale|Stealth Rock|[from] move: Rapid Spin|[of] p2a: Mayan But-Plug
|
|upkeep
|turn|11
|choice|move energyball|move earthquake
|
|move|p1a: Abra|Energy Ball|p2a: Mayan But-Plug
|-supereffective|p2a: Mayan But-Plug
|-damage|p2a: Mayan But-Plug|0 fnt
|faint|p2a: Mayan But-Plug
|
|upkeep
|choice||switch 6
|
|switch|p2a: American Mofo|Rufflet, L5, M|23\/23
|turn|12
|choice|move psychic|move uturn
|
|move|p2a: American Mofo|U-turn|p1a: Abra
|-supereffective|p1a: Abra
|-damage|p1a: Abra|0 fnt
|faint|p1a: Abra
|choice||switch 4
|
|switch|p2a: Master-Ball 101|Snover, L5, F|22\/22
|-weather|Hail|[from] ability: Snow Warning|[of] p2a: Master-Ball 101
|
|-weather|Hail|[upkeep]
|upkeep
|c|★enz300|scarfed?
|choice|switch 5|
|
|switch|p1a: Onix|Onix, L5, M|20\/20
|turn|13
|choice|move rockblast|move gigadrain
|
|move|p2a: Master-Ball 101|Giga Drain|p1a: Onix
|-supereffective|p1a: Onix
|-ability|p1a: Onix|Sturdy
|-damage|p1a: Onix|1\/20
|-enditem|p1a: Onix|Berry Juice
|-heal|p1a: Onix|20\/20|[from] item: Berry Juice
|move|p1a: Onix|Rock Blast|p2a: Master-Ball 101
|-supereffective|p2a: Master-Ball 101
|-damage|p2a: Master-Ball 101|14\/22
|-supereffective|p2a: Master-Ball 101
|-damage|p2a: Master-Ball 101|6\/22
|-hitcount|p2a: Master-Ball 101|2
|
|-weather|Hail|[upkeep]
|-damage|p1a: Onix|19\/20|[from] hail
|upkeep
|turn|14
|choice|switch 3|move gigadrain
|
|switch|p1a: Chinchou|Chinchou, L5, F|25\/25
|move|p2a: Master-Ball 101|Giga Drain|p1a: Chinchou
|-supereffective|p1a: Chinchou
|-damage|p1a: Chinchou|11\/25
|-heal|p2a: Master-Ball 101|13\/22|[from] drain|[of] p1a: Chinchou
|
|-weather|Hail|[upkeep]
|-damage|p1a: Chinchou|10\/25|[from] hail
|upkeep
|turn|15
|choice|move voltswitch|move gigadrain
|
|move|p2a: Master-Ball 101|Giga Drain|p1a: Chinchou
|-supereffective|p1a: Chinchou
|-damage|p1a: Chinchou|0 fnt
|-heal|p2a: Master-Ball 101|18\/22|[from] drain|[of] p1a: Chinchou
|faint|p1a: Chinchou
|
|-weather|Hail|[upkeep]
|upkeep
|choice|switch 2|
|
|switch|p1a: Gastly|Gastly, L5, F|19\/19
|turn|16
|choice|move sludgebomb|move gigadrain
|
|move|p1a: Gastly|Sludge Bomb|p2a: Master-Ball 101
|-supereffective|p2a: Master-Ball 101
|-damage|p2a: Master-Ball 101|0 fnt
|faint|p2a: Master-Ball 101
|
|-weather|none
|upkeep
|choice||switch 4
|
|switch|p2a: American Mofo|Rufflet, L5, M|23\/23
|turn|17
|choice|move sludgebomb|move aerialace
|
|move|p1a: Gastly|Sludge Bomb|p2a: American Mofo
|-damage|p2a: American Mofo|4\/23
|-status|p2a: American Mofo|psn
|move|p2a: American Mofo|Aerial Ace|p1a: Gastly
|-damage|p1a: Gastly|0 fnt
|faint|p1a: Gastly
|
|-damage|p2a: American Mofo|2\/23 psn|[from] psn
|upkeep
|choice|switch 3|
|
|switch|p1a: Onix|Onix, L5, M|19\/20
|turn|18
|choice|move rockblast|move aerialace
|
|move|p2a: American Mofo|Aerial Ace|p1a: Onix
|-resisted|p1a: Onix
|-damage|p1a: Onix|14\/20
|move|p1a: Onix|Rock Blast|p2a: American Mofo
|-supereffective|p2a: American Mofo
|-crit|p2a: American Mofo
|-damage|p2a: American Mofo|0 fnt
|-hitcount|p2a: American Mofo|1
|faint|p2a: American Mofo
|
|win|enz300
|player|p1
|player|p2
|c|★adewale|gg</script>
</div>
<div class="battle-log battle-log-inline"><div class="inner"><div class="battle-options"></div><div class="inner"><div class="chat"><small>enz300 joined.</small></div><div class="chat"><small>adewale joined.</small></div><div class=""><small>Format:</small> <br><strong>LC</strong></div><div class=""><small><em>Sleep Clause Mod:</em> Limit one foe put to sleep</small></div><div class=""><small><em>Species Clause:</em> Limit one of each Pokémon</small></div><div class=""><small><em>OHKO Clause:</em> OHKO moves are banned</small></div><div class=""><small><em>Moody Clause:</em> Moody is banned</small></div><div class=""><small><em>Evasion Moves Clause:</em> Evasion moves are banned</small></div><div class=""><small><em>Endless Battle Clause:</em> Forcing endless battles is banned</small></div><div class=""><small><em>HP Percentage Mod:</em> HP is shown in percentages</small></div><div class="chat battle-history"><strong>enz300's team:</strong> <em style="color:#445566;display:block;">Pawniard / Gastly / Chinchou / Abra / Onix / Pineco</em></div><div class="chat battle-history"><strong>adewale's team:</strong> <em style="color:#445566;display:block;">Baltoy / Buizel / Deino / Snover / Slowpoke / Rufflet</em></div><div class="spacer battle-history"><br></div><div class="battle-history">Battle started between enz300 and adewale!<br></div><div class="spacer battle-history"><br></div><div class="battle-history">Go! <strong>Pineco</strong>!<br></div><div class="spacer battle-history"><br></div><div class="battle-history">adewale sent out 3edgy5u (<strong>Deino</strong>)!<br></div><div class="spacer battle-history"><br></div><h2 class="battle-history">Turn 1</h2><div class="spacer battle-history"><br></div><div class="battle-history">The opposing 3edgy5u used <strong>Outrage</strong>!<br></div><div class="battle-history"><small>(Pineco lost <abbr title="−18/21">85.7%</abbr> of its health!)</small><br></div><div class="battle-history"><small>(Pineco used its Berry Juice!)</small><br></div><div class="battle-history"><small>Pineco restored HP using its Berry Juice!</small><br></div><div class="spacer battle-history"><br></div><div class="battle-history">Pineco used <strong>Stealth Rock</strong>!<br></div><div class="battle-history"><small>Pointed stones float in the air around the opposing team!</small><br></div><div class="spacer battle-history"><br></div><h2 class="battle-history">Turn 2</h2><div class="spacer battle-history"><br></div><div class="battle-history">The opposing 3edgy5u used <strong>Outrage</strong>!<br></div><div class="battle-history"><small>(Pineco lost <abbr title="−16/21">76.2%</abbr> of its health!)</small><br></div><div class="battle-history"><small>The opposing 3edgy5u became confused due to fatigue!</small><br></div><div class="spacer battle-history"><br></div><div class="battle-history">Pineco used <strong>Toxic Spikes</strong>!<br></div><div class="battle-history"><small>Poison spikes were scattered on the ground all around the opposing team!</small><br></div><div class="spacer battle-history"><br></div><h2 class="battle-history">Turn 3</h2><div class="spacer battle-history"><br></div><div class="battle-history"><small>The opposing 3edgy5u is confused!</small><br></div><div class="battle-history">The opposing 3edgy5u used <strong>Outrage</strong>!<br></div><div class="battle-history"><small>(Pineco lost <abbr title="−5/21">23.8%</abbr> of its health!)</small><br></div><div class="spacer battle-history"><br></div><div class="battle-history">Pineco fainted!<br></div><div class="spacer battle-history"><br></div><div class="battle-history">Go! <strong>Pawniard</strong>!<br></div><div class="spacer battle-history"><br></div><h2 class="battle-history">Turn 4</h2><div class="spacer battle-history"><br></div><div class="battle-history"><small>The opposing 3edgy5u is confused!</small><br></div><div class="battle-history">It hurt itself in its confusion!<br></div><div class="spacer battle-history"><br></div><div class="battle-history">Pawniard used <strong>Knock Off</strong>!<br></div><div class="battle-history"><small>It's not very effective...</small><br></div><div class="battle-history"><small>(The opposing 3edgy5u lost <abbr title="−8/22">36.4%</abbr> of its health!)</small><br></div><div class="battle-history"><small>Pawniard knocked off the opposing 3edgy5u's Choice Scarf!</small><br></div><div class="spacer battle-history"><br></div><h2 class="battle-history">Turn 5</h2><div class="spacer battle-history"><br></div><div class="battle-history">Pawniard used <strong>Sucker Punch</strong>!<br></div><div class="battle-history"><small>It's not very effective...</small><br></div><div class="battle-history"><small>(The opposing 3edgy5u lost <abbr title="−7/22">31.8%</abbr> of its health!)</small><br></div><div class="spacer battle-history"><br></div><div class="battle-history">The opposing 3edgy5u fainted!<br></div><div class="spacer battle-history"><br></div><div class="battle-history">adewale sent out Bait (<strong>Slowpoke</strong>)!<br></div><div class="battle-history"><small>The opposing Bait was poisoned!</small><br></div><div class="battle-history"><small>Pointed stones dug into the opposing Bait!</small><br></div><div class="spacer battle-history"><br></div><h2 class="battle-history">Turn 6</h2><div class="spacer battle-history"><br></div><div class="battle-history">Pawniard used <strong>Swords Dance</strong>!<br></div><div class="battle-history"><small>Pawniard's Attack rose sharply!</small><br></div><div class="spacer battle-history"><br></div><div class="battle-history">The opposing Bait used <strong>Thunder Wave</strong>!<br></div><div class="battle-history"><small>Pawniard is paralyzed! It may be unable to move!</small><br></div><div class="spacer battle-history"><br></div><div class="battle-history"><small>The opposing Bait was hurt by poison!</small><br></div><div class="spacer battle-history"><br></div><h2 class="battle-history">Turn 7</h2><div class="spacer battle-history"><br></div><div class="battle-history">The opposing Bait used <strong>Scald</strong>!<br></div><div class="battle-history"><small>(Pawniard lost <abbr title="−7/21">33.3%</abbr> of its health!)</small><br></div><div class="spacer battle-history"><br></div><div class="battle-history">Pawniard used <strong>Knock Off</strong>!<br></div><div class="battle-history"><small>It's super effective!</small><br></div><div class="battle-history"><small>(The opposing Bait lost <abbr title="−21/27">77.8%</abbr> of its health!)</small><br></div><div class="battle-history"><small>Pawniard knocked off the opposing Bait's Eviolite!</small><br></div><div class="spacer battle-history"><br></div><div class="battle-history">The opposing Bait fainted!<br></div><div class="spacer battle-history"><br></div><div class="battle-history">adewale sent out French Mofo (<strong>Buizel</strong>)!<br></div><div class="battle-history"><small>Pointed stones dug into the opposing French Mofo!</small><br></div><div class="battle-history"><small>The opposing French Mofo was poisoned!</small><br></div><div class="spacer battle-history"><br></div><h2 class="battle-history">Turn 8</h2><div class="spacer battle-history"><br></div><div class="battle-history">Pawniard used <strong>Sucker Punch</strong>!<br></div><div class="battle-history"><small>(The opposing French Mofo lost <abbr title="−20/22">90.9%</abbr> of its health!)</small><br></div><div class="spacer battle-history"><br></div><div class="battle-history">The opposing French Mofo fainted!<br></div><div class="spacer battle-history"><br></div><div class="battle-history">adewale sent out Mayan But-Plug (<strong>Baltoy</strong>)!<br></div><div class="battle-history"><small>Pointed stones dug into the opposing Mayan But-Plug!</small><br></div><div class="spacer battle-history"><br></div><h2 class="battle-history">Turn 9</h2><div class="spacer battle-history"><br></div><div class="battle-history">Pawniard is paralyzed! It can't move!<br></div><div class="spacer battle-history"><br></div><div class="battle-history">The opposing Mayan But-Plug used <strong>Earthquake</strong>!<br></div><div class="battle-history"><small>It's super effective!</small><br></div><div class="battle-history"><small>(Pawniard lost <abbr title="−14/21">66.7%</abbr> of its health!)</small><br></div><div class="spacer battle-history"><br></div><div class="battle-history">Pawniard fainted!<br></div><div class="spacer battle-history"><br></div><div class="battle-history">Go! <strong>Abra</strong>!<br></div><div class="spacer battle-history"><br></div><h2 class="battle-history">Turn 10</h2><div class="spacer battle-history"><br></div><div class="battle-history">Abra used <strong>Energy Ball</strong>!<br></div><div class="battle-history"><small>It's super effective!</small><br></div><div class="battle-history"><small>(The opposing Mayan But-Plug lost <abbr title="−14/21">66.7%</abbr> of its health!)</small><br></div><div class="spacer battle-history"><br></div><div class="battle-history">The opposing Mayan But-Plug used <strong>Rapid Spin</strong>!<br></div><div class="battle-history"><small>A critical hit!</small><br></div><div class="battle-history"><small>(Abra lost <abbr title="−5/19">26.3%</abbr> of its health!)</small><br></div><div class="battle-history"><small>The poison spikes disappeared from the ground around the opposing team!</small><br></div><div class="battle-history"><small>The pointed stones disappeared from around the opposing team!</small><br></div><div class="spacer battle-history"><br></div><h2 class="battle-history">Turn 11</h2><div class="spacer battle-history"><br></div><div class="battle-history">Abra used <strong>Energy Ball</strong>!<br></div><div class="battle-history"><small>It's super effective!</small><br></div><div class="battle-history"><small>(The opposing Mayan But-Plug lost <abbr title="−6/21">28.6%</abbr> of its health!)</small><br></div><div class="spacer battle-history"><br></div><div class="battle-history">The opposing Mayan But-Plug fainted!<br></div><div class="spacer battle-history"><br></div><div class="battle-history">adewale sent out American Mofo (<strong>Rufflet</strong>)!<br></div><div class="spacer battle-history"><br></div><h2 class="battle-history">Turn 12</h2><div class="spacer battle-history"><br></div><div class="battle-history">The opposing American Mofo used <strong>U-turn</strong>!<br></div><div class="battle-history"><small>It's super effective!</small><br></div><div class="battle-history"><small>(Abra lost <abbr title="−14/19">73.7%</abbr> of its health!)</small><br></div><div class="spacer battle-history"><br></div><div class="battle-history">Abra fainted!<br></div><div class="spacer battle-history"><br></div><div class="battle-history">The opposing American Mofo went back to adewale!<br></div><div class="battle-history">adewale sent out Master-Ball 101 (<strong>Snover</strong>)!<br></div><div class="battle-history"><small>[The opposing Master-Ball 101's Snow Warning]</small><br><small>It started to hail!</small><br></div><div class="spacer battle-history"><br></div><div class="battle-history"><small>The hail is crashing down.</small><br></div><div class="chat chatmessage-enz300"><strong style="color:hsl(84,66%,38.37369563194751%)"><small>★</small><span class="username" data-name="enz300">enz300</span>:</strong> <em>scarfed?</em></div><div class="spacer battle-history"><br></div><div class="battle-history">Go! <strong>Onix</strong>!<br></div><div class="spacer battle-history"><br></div><h2 class="battle-history">Turn 13</h2><div class="spacer battle-history"><br></div><div class="battle-history">The opposing Master-Ball 101 used <strong>Giga Drain</strong>!<br></div><div class="battle-history"><small>It's super effective!</small><br></div><div class="battle-history"><small>[Onix's Sturdy]</small><br><small>Onix endured the hit!</small><br></div><div class="battle-history"><small>(Onix lost <abbr title="−19/20">95%</abbr> of its health!)</small><br></div><div class="battle-history"><small>(Onix used its Berry Juice!)</small><br></div><div class="battle-history"><small>Onix restored HP using its Berry Juice!</small><br></div><div class="spacer battle-history"><br></div><div class="battle-history">Onix used <strong>Rock Blast</strong>!<br></div><div class="battle-history"><small>It's super effective!</small><br></div><div class="battle-history"><small>(The opposing Master-Ball 101 lost <abbr title="−8/22">36.4%</abbr> of its health!)</small><br></div><div class="battle-history"><small>It's super effective!</small><br></div><div class="battle-history"><small>(The opposing Master-Ball 101 lost <abbr title="−8/22">36.4%</abbr> of its health!)</small><br></div><div class="battle-history"><small>Hit 2 times!</small><br></div><div class="spacer battle-history"><br></div><div class="battle-history"><small>The hail is crashing down.</small><br></div><div class="battle-history"><small>Onix is buffeted by the hail!</small><br></div><div class="spacer battle-history"><br></div><h2 class="battle-history">Turn 14</h2><div class="spacer battle-history"><br></div><div class="battle-history">Onix, come back!<br></div><div class="battle-history">Go! <strong>Chinchou</strong>!<br></div><div class="spacer battle-history"><br></div><div class="battle-history">The opposing Master-Ball 101 used <strong>Giga Drain</strong>!<br></div><div class="battle-history"><small>It's super effective!</small><br></div><div class="battle-history"><small>(Chinchou lost <abbr title="−14/25">56.0%</abbr> of its health!)</small><br></div><div class="battle-history"><small>Chinchou had its energy drained!</small><br></div><div class="spacer battle-history"><br></div><div class="battle-history"><small>The hail is crashing down.</small><br></div><div class="battle-history"><small>Chinchou is buffeted by the hail!</small><br></div><div class="spacer battle-history"><br></div><h2 class="battle-history">Turn 15</h2><div class="spacer battle-history"><br></div><div class="battle-history">The opposing Master-Ball 101 used <strong>Giga Drain</strong>!<br></div><div class="battle-history"><small>It's super effective!</small><br></div><div class="battle-history"><small>(Chinchou lost <abbr title="−10/25">40%</abbr> of its health!)</small><br></div><div class="battle-history"><small>Chinchou had its energy drained!</small><br></div><div class="spacer battle-history"><br></div><div class="battle-history">Chinchou fainted!<br></div><div class="spacer battle-history"><br></div><div class="battle-history"><small>The hail is crashing down.</small><br></div><div class="spacer battle-history"><br></div><div class="battle-history">Go! <strong>Gastly</strong>!<br></div><div class="spacer battle-history"><br></div><h2 class="battle-history">Turn 16</h2><div class="spacer battle-history"><br></div><div class="battle-history">Gastly used <strong>Sludge Bomb</strong>!<br></div><div class="battle-history"><small>It's super effective!</small><br></div><div class="battle-history"><small>(The opposing Master-Ball 101 lost <abbr title="−18/22">81.8%</abbr> of its health!)</small><br></div><div class="spacer battle-history"><br></div><div class="battle-history">The opposing Master-Ball 101 fainted!<br></div><div class="spacer battle-history"><br></div><div class="battle-history"><small>The hail stopped.</small><br></div><div class="spacer battle-history"><br></div><div class="battle-history">adewale sent out American Mofo (<strong>Rufflet</strong>)!<br></div><div class="spacer battle-history"><br></div><h2 class="battle-history">Turn 17</h2><div class="spacer battle-history"><br></div><div class="battle-history">Gastly used <strong>Sludge Bomb</strong>!<br></div><div class="battle-history"><small>(The opposing American Mofo lost <abbr title="−19/23">82.6%</abbr> of its health!)</small><br></div><div class="battle-history"><small>The opposing American Mofo was poisoned!</small><br></div><div class="spacer battle-history"><br></div><div class="battle-history">The opposing American Mofo used <strong>Aerial Ace</strong>!<br></div><div class="battle-history"><small>(Gastly lost <abbr title="−19/19">100%</abbr> of its health!)</small><br></div><div class="spacer battle-history"><br></div><div class="battle-history">Gastly fainted!<br></div><div class="spacer battle-history"><br></div><div class="battle-history"><small>The opposing American Mofo was hurt by poison!</small><br></div><div class="spacer battle-history"><br></div><div class="battle-history">Go! <strong>Onix</strong>!<br></div><div class="spacer battle-history"><br></div><h2 class="battle-history">Turn 18</h2><div class="spacer battle-history"><br></div><div class="battle-history">The opposing American Mofo used <strong>Aerial Ace</strong>!<br></div><div class="battle-history"><small>It's not very effective...</small><br></div><div class="battle-history"><small>(Onix lost <abbr title="−5/20">25%</abbr> of its health!)</small><br></div><div class="spacer battle-history"><br></div><div class="battle-history">Onix used <strong>Rock Blast</strong>!<br></div><div class="battle-history"><small>It's super effective!</small><br></div><div class="battle-history"><small>A critical hit!</small><br></div><div class="battle-history"><small>(The opposing American Mofo lost <abbr title="−2/23">8.7%</abbr> of its health!)</small><br></div><div class="battle-history"><small>Hit 1 time!</small><br></div><div class="spacer battle-history"><br></div><div class="battle-history">The opposing American Mofo fainted!<br></div><div class="spacer battle-history"><br></div><div class="battle-history"><strong>enz300</strong> won the battle!<br></div><div class="chat chatmessage-adewale"><strong style="color:hsl(252,81%,60.2159000574748%)"><small>★</small><span class="username" data-name="adewale">adewale</span>:</strong> <em>gg</em></div></div><div class="inner-preempt"></div></div></div>
</div>
<script>
let daily = Math.floor(Date.now()/1000/60/60/24);document.write('<script src="https://play.pokemonshowdown.com/js/replay-embed.js?version'+daily+'"></'+'script>');
</script>
