<!DOCTYPE html>
<meta charset="utf-8" />
<!-- version 1 -->
<title>LC replay: HT Navajaime vs. ☢Kirox § {Gamer}☢</title>
<style>
html,body {font-family:Verdana, sans-serif;font-size:10pt;margin:0;padding:0;}body{padding:12px 0;} .battle-log {font-family:Verdana, sans-serif;font-size:10pt;} .battle-log-inline {border:1px solid #AAAAAA;background:#EEF2F5;color:black;max-width:640px;margin:0 auto 80px;padding-bottom:5px;} .battle-log .inner {padding:4px 8px 0px 8px;} .battle-log .inner-preempt {padding:0 8px 4px 8px;} .battle-log .inner-after {margin-top:0.5em;} .battle-log h2 {margin:0.5em -8px;padding:4px 8px;border:1px solid #AAAAAA;background:#E0E7EA;border-left:0;border-right:0;font-family:Verdana, sans-serif;font-size:13pt;} .battle-log .chat {vertical-align:middle;padding:3px 0 3px 0;font-size:8pt;} .battle-log .chat strong {color:#40576A;} .battle-log .chat em {padding:1px 4px 1px 3px;color:#000000;font-style:normal;} .chat.mine {background:rgba(0,0,0,0.05);margin-left:-8px;margin-right:-8px;padding-left:8px;padding-right:8px;} .spoiler {color:#BBBBBB;background:#BBBBBB;padding:0px 3px;} .spoiler:hover, .spoiler:active, .spoiler-shown {color:#000000;background:#E2E2E2;padding:0px 3px;} .spoiler a {color:#BBBBBB;} .spoiler:hover a, .spoiler:active a, .spoiler-shown a {color:#2288CC;} .chat code, .chat .spoiler:hover code, .chat .spoiler:active code, .chat .spoiler-shown code {border:1px solid #C0C0C0;background:#EEEEEE;color:black;padding:0 2px;} .chat .spoiler code {border:1px solid #CCCCCC;background:#CCCCCC;color:#CCCCCC;} .battle-log .rated {padding:3px 4px;} .battle-log .rated strong {color:white;background:#89A;padding:1px 4px;border-radius:4px;} .spacer {margin-top:0.5em;} .message-announce {background:#6688AA;color:white;padding:1px 4px 2px;} .message-announce a, .broadcast-green a, .broadcast-blue a, .broadcast-red a {color:#DDEEFF;} .broadcast-green {background-color:#559955;color:white;padding:2px 4px;} .broadcast-blue {background-color:#6688AA;color:white;padding:2px 4px;} .infobox {border:1px solid #6688AA;padding:2px 4px;} .infobox-limited {max-height:200px;overflow:auto;overflow-x:hidden;} .broadcast-red {background-color:#AA5544;color:white;padding:2px 4px;} .message-learn-canlearn {font-weight:bold;color:#228822;text-decoration:underline;} .message-learn-cannotlearn {font-weight:bold;color:#CC2222;text-decoration:underline;} .message-effect-weak {font-weight:bold;color:#CC2222;} .message-effect-resist {font-weight:bold;color:#6688AA;} .message-effect-immune {font-weight:bold;color:#666666;} .message-learn-list {margin-top:0;margin-bottom:0;} .message-throttle-notice, .message-error {color:#992222;} .message-overflow, .chat small.message-overflow {font-size:0pt;} .message-overflow::before {font-size:9pt;content:'...';} .subtle {color:#3A4A66;}
</style>
<div class="wrapper replay-wrapper" style="max-width:1180px;margin:0 auto">
<input type="hidden" name="replayid" value="pandora-lc-5245515" />
<div class="battle"></div><div class="battle-log"></div><div class="replay-controls"></div><div class="replay-controls-2"></div>
<h1 style="font-weight:normal;text-align:center"><strong>LC</strong><br /><a href="http://pokemonshowdown.com/users/htnavajaime" class="subtle" target="_blank">HT Navajaime</a> vs. <a href="http://pokemonshowdown.com/users/kiroxgamer" class="subtle" target="_blank">☢Kirox § {Gamer}☢</a></h1>
<script type="text/plain" class="battle-log-data">|j|HT Navajaime
|j|☢Kirox § {Gamer}☢
|player|p1|HT Navajaime|htnavajaime.gif?44eec08a
|player|p2|☢Kirox § {Gamer}☢|281
|gametype|singles
|gen|6
|tier|LC
|rated
|seed|62448,6509,40936,58838
|clearpoke
|poke|p1|Vullaby, L5, F|item
|poke|p1|Abra, L5, M|item
|poke|p1|Chinchou, L5, M|item
|poke|p1|Timburr, L5, M|item
|poke|p1|Larvesta, L5, M|item
|poke|p1|Togepi, L5, F|item
|poke|p2|Ponyta, L5, F, shiny|item
|poke|p2|Gible, L5, M, shiny|item
|poke|p2|Abra, L5, F, shiny|item
|poke|p2|Staryu, L5, shiny|item
|poke|p2|Ferroseed, L5, M, shiny|item
|poke|p2|Taillow, L5, M|item
|rule|Cláusula-Mod de Dormir: solo puedes dormir a uno de tus oponentes a la vez.
|rule|Cláusula de Especie: Hasta un Pokémon de cada especie
|rule|Cláusula de Golpe Fulminante: los movimientos fulminantes (OHKO) estan prohibidos
|rule|Cláusula de Moody: la habilidad Moody está prohibida
|rule|Cláusula de Movimientos Evasivos: los movimientos de evasion estan prohibidos
|rule|Cláusula de Batallas Eternas: forzar batallas eternas está prohibido
|rule|Modo de Porcentaje de HP: el HP es mostrado en porcentaje
|teampreview
|c|★HT Navajaime|♥
|c|★HT Navajaime|es mi primera vez :c
|choice|*team 523416|*
|choice|*undo|*
|choice|*team 523416|*
|c|★☢Kirox § {Gamer}☢|lol
|c|★☢Kirox § {Gamer}☢|eso se lee muy mal
|c|★☢Kirox § {Gamer}☢|XD
|choice|*|*team 523416
|choice|team 5, team 2, team 3, team 4, team 1, team 6|team 5, team 2, team 3, team 4, team 1, team 6
|
|start
|switch|p1a: Larvesta|Larvesta, L5, M|22\/22
|switch|p2a: Ferroseed|Ferroseed, L5, M, shiny|21\/21
|turn|1
|choice|*|*switch 5
|choice|*move 1|*
|choice|move flamecharge|switch 5
|
|switch|p2a: Ponyta|Ponyta, L5, F, shiny|21\/21
|move|p1a: Larvesta|Flame Charge|p2a: Ponyta
|-start|p2a: Ponyta|ability: Flash Fire
|
|turn|2
|choice|*switch 3|*
|choice|*|*move 2
|choice|switch 3|move wildcharge
|
|switch|p1a: Chinchou|Chinchou, L5, M|27\/27
|move|p2a: Ponyta|Wild Charge|p1a: Chinchou
|-immune|p1a: Chinchou|[msg]|[from] ability: Volt Absorb
|
|turn|3
|choice|*move 2|*
|c|★☢Kirox § {Gamer}☢|:<
|choice|*undo|*
|choice|*move 2|*
|choice|*|*switch 5
|choice|move scald|switch 5
|
|-end|p2a: Ponyta|ability: Flash Fire|[silent]
|switch|p2a: Ferroseed|Ferroseed, L5, M, shiny|21\/21
|move|p1a: Chinchou|Scald|p2a: Ferroseed
|-resisted|p2a: Ferroseed
|-damage|p2a: Ferroseed|19\/21
|-status|p2a: Ferroseed|brn
|
|-damage|p2a: Ferroseed|17\/21 brn|[from] brn
|turn|4
|choice|*|*move 3
|choice|*switch 5|*
|choice|switch 5|move leechseed
|
|switch|p1a: Vullaby|Vullaby, L5, F|26\/26
|move|p2a: Ferroseed|Leech Seed|p1a: Vullaby
|-start|p1a: Vullaby|move: Leech Seed
|
|-damage|p1a: Vullaby|23\/26|[from] Leech Seed|[of] p2a: Ferroseed
|-heal|p2a: Ferroseed|20\/21 brn|[silent]
|-damage|p2a: Ferroseed|18\/21 brn|[from] brn
|turn|5
|choice|*switch 3|*
|choice|*|*move 2
|choice|switch 3|move thunderwave
|
|switch|p1a: Larvesta|Larvesta, L5, M|22\/22
|move|p2a: Ferroseed|Thunder Wave|p1a: Larvesta
|-status|p1a: Larvesta|par
|
|-damage|p2a: Ferroseed|16\/21 brn|[from] brn
|turn|6
|choice|*|*move 3
|choice|*move 3|*
|choice|move bugbite|move leechseed
|
|move|p2a: Ferroseed|Leech Seed|p1a: Larvesta|[miss]
|-miss|p2a: Ferroseed|p1a: Larvesta
|move|p1a: Larvesta|Bug Bite|p2a: Ferroseed
|-damage|p2a: Ferroseed|8\/21 brn
|-damage|p1a: Larvesta|20\/22 par|[from] ability: Iron Barbs|[of] p2a: Ferroseed
|-damage|p1a: Larvesta|18\/22 par|[from] item: Life Orb
|
|-damage|p2a: Ferroseed|6\/21 brn|[from] brn
|turn|7
|choice|*move 3|*
|choice|*|*move 3
|choice|move bugbite|move leechseed
|
|move|p2a: Ferroseed|Leech Seed|p1a: Larvesta
|-start|p1a: Larvesta|move: Leech Seed
|cant|p1a: Larvesta|par
|
|-damage|p1a: Larvesta|16\/22 par|[from] Leech Seed|[of] p2a: Ferroseed
|-heal|p2a: Ferroseed|8\/21 brn|[silent]
|-damage|p2a: Ferroseed|6\/21 brn|[from] brn
|turn|8
|choice|*|*switch 2
|choice|*move 3|*
|choice|move bugbite|switch 2
|
|switch|p2a: Gible|Gible, L5, M, shiny|22\/22
|move|p1a: Larvesta|Bug Bite|p2a: Gible
|-damage|p2a: Gible|3\/22
|-damage|p1a: Larvesta|14\/22 par|[from] ability: Rough Skin|[of] p2a: Gible
|-damage|p1a: Larvesta|11\/22 par|[from] item: Rocky Helmet|[of] p2a: Gible
|-damage|p1a: Larvesta|9\/22 par|[from] item: Life Orb
|
|-damage|p1a: Larvesta|7\/22 par|[from] Leech Seed|[of] p2a: Gible
|-heal|p2a: Gible|5\/22|[silent]
|turn|9
|choice|*|*move 1
|choice|*move 3|*
|choice|move bugbite|move stealthrock
|
|move|p2a: Gible|Stealth Rock|p1a: Larvesta
|-sidestart|p1: HT Navajaime|move: Stealth Rock
|move|p1a: Larvesta|Bug Bite|p2a: Gible
|-damage|p2a: Gible|0 fnt
|-damage|p1a: Larvesta|5\/22 par|[from] ability: Rough Skin|[of] p2a: Gible
|-damage|p1a: Larvesta|2\/22 par|[from] item: Rocky Helmet|[of] p2a: Gible
|-damage|p1a: Larvesta|0 fnt|[from] item: Life Orb
|faint|p2a: Gible
|faint|p1a: Larvesta
|
|choice|*|*switch 2
|choice|*switch 3|*
|choice|switch 3|switch 2
|
|switch|p1a: Vullaby|Vullaby, L5, F|23\/26
|switch|p2a: Ferroseed|Ferroseed, L5, M, shiny|6\/21 brn
|-damage|p1a: Vullaby|17\/26|[from] Stealth Rock
|turn|10
|choice|*move 3|*
|choice|*undo|*
|choice|*move 1|*
|choice|*undo|*
|choice|*move 1|*
|choice|*undo|*
|choice|*move 4|*
|choice|*undo|*
|choice|*move 1|*
|choice|*|*move 2
|choice|move defog|move thunderwave
|
|move|p1a: Vullaby|Defog|p2a: Ferroseed
|-unboost|p2a: Ferroseed|evasion|1
|-sideend|p1: HT Navajaime|Stealth Rock|[from] move: Defog|[of] p1a: Vullaby
|move|p2a: Ferroseed|Thunder Wave|p1a: Vullaby
|-status|p1a: Vullaby|par
|
|-damage|p2a: Ferroseed|4\/21 brn|[from] brn
|turn|11
|choice|*|*move 3
|choice|*move 4|*
|choice|move bravebird|move leechseed
|
|move|p2a: Ferroseed|Leech Seed|p1a: Vullaby|[miss]
|-miss|p2a: Ferroseed|p1a: Vullaby
|cant|p1a: Vullaby|par
|
|-damage|p2a: Ferroseed|2\/21 brn|[from] brn
|turn|12
|choice|*|*move 3
|choice|*move 4|*
|choice|move bravebird|move leechseed
|
|move|p2a: Ferroseed|Leech Seed|p1a: Vullaby
|-start|p1a: Vullaby|move: Leech Seed
|move|p1a: Vullaby|Brave Bird|p2a: Ferroseed
|-damage|p2a: Ferroseed|0 fnt
|-damage|p1a: Vullaby|14\/26 par|[from] ability: Iron Barbs|[of] p2a: Ferroseed
|-damage|p1a: Vullaby|13\/26 par|[from] recoil|[of] p2a: Ferroseed
|faint|p2a: Ferroseed
|
|choice|*|*switch 5
|choice||switch 5
|
|switch|p2a: Ponyta|Ponyta, L5, F, shiny|21\/21
|turn|13
|choice|*|*move 2
|choice|*switch 5|*
|choice|switch 5|move wildcharge
|
|switch|p1a: Chinchou|Chinchou, L5, M|27\/27
|move|p2a: Ponyta|Wild Charge|p1a: Chinchou
|-immune|p1a: Chinchou|[msg]|[from] ability: Volt Absorb
|
|turn|14
|choice|*move 2|*
|choice|*|*move 3
|choice|move scald|move doublekick
|
|move|p2a: Ponyta|Double Kick|p1a: Chinchou
|-damage|p1a: Chinchou|23\/27
|-damage|p1a: Chinchou|19\/27
|-hitcount|p1a: Chinchou|2
|move|p1a: Chinchou|Scald|p2a: Ponyta
|-supereffective|p2a: Ponyta
|-damage|p2a: Ponyta|3\/21
|
|-heal|p2a: Ponyta|4\/21|[from] item: Leftovers
|turn|15
|choice|*move 2|*
|choice|*|*move 3
|choice|move scald|move doublekick
|
|move|p2a: Ponyta|Double Kick|p1a: Chinchou
|-damage|p1a: Chinchou|14\/27
|-damage|p1a: Chinchou|9\/27
|-hitcount|p1a: Chinchou|2
|move|p1a: Chinchou|Scald|p2a: Ponyta
|-supereffective|p2a: Ponyta
|-damage|p2a: Ponyta|0 fnt
|faint|p2a: Ponyta
|
|choice|*|*switch 3
|choice||switch 3
|
|switch|p2a: Abra|Abra, L5, F, shiny|19\/19
|turn|16
|choice|*|*move 4
|choice|*move 4|*
|choice|move rest|move energyball
|
|move|p2a: Abra|Energy Ball|p1a: Chinchou
|-supereffective|p1a: Chinchou
|-damage|p1a: Chinchou|0 fnt
|faint|p1a: Chinchou
|
|choice|*switch 5|*
|choice|switch 5|
|
|switch|p1a: Vullaby|Vullaby, L5, F|13\/26 par
|turn|17
|choice|*move 3|*
|choice|*|*move 2
|choice|move roost|move shadowball
|
|move|p2a: Abra|Shadow Ball|p1a: Vullaby
|-resisted|p1a: Vullaby
|-damage|p1a: Vullaby|9\/26 par
|move|p1a: Vullaby|Roost|p1a: Vullaby
|-heal|p1a: Vullaby|22\/26 par
|
|turn|18
|choice|*move 4|*
|choice|*|*switch 4
|choice|move bravebird|switch 4
|
|switch|p2a: Staryu|Staryu, L5, shiny|19\/19
|move|p1a: Vullaby|Brave Bird|p2a: Staryu
|-damage|p2a: Staryu|4\/19
|-damage|p1a: Vullaby|17\/26 par|[from] recoil|[of] p2a: Staryu
|
|-heal|p2a: Staryu|5\/19|[from] item: Leftovers
|turn|19
|choice|*|*move 3
|choice|*move 4|*
|choice|move bravebird|move thunderbolt
|
|move|p2a: Staryu|Thunderbolt|p1a: Vullaby
|-supereffective|p1a: Vullaby
|-damage|p1a: Vullaby|3\/26 par
|cant|p1a: Vullaby|par
|
|-heal|p2a: Staryu|6\/19|[from] item: Leftovers
|turn|20
|choice|*|*move 3
|choice|*|*undo
|choice|*move 4|*
|choice|*|*move 3
|choice|move bravebird|move thunderbolt
|
|move|p2a: Staryu|Thunderbolt|p1a: Vullaby
|-supereffective|p1a: Vullaby
|-damage|p1a: Vullaby|0 fnt
|faint|p1a: Vullaby
|
|-heal|p2a: Staryu|7\/19|[from] item: Leftovers
|choice|*switch 2|*
|choice|switch 2|
|
|switch|p1a: Abra|Abra, L5, M|19\/19
|turn|21
|choice|*move 2|*
|choice|*undo|*
|choice|*|*move 2
|choice|*move 1|*
|choice|move psychic|move scald
|
|move|p1a: Abra|Psychic|p2a: Staryu
|-damage|p2a: Staryu|0 fnt
|faint|p2a: Staryu
|
|choice|*|*switch 4
|choice||switch 4
|
|switch|p2a: Abra|Abra, L5, F, shiny|19\/19
|turn|22
|choice|*|*move 2
|choice|*move 2|*
|choice|move shadowball|move shadowball
|
|move|p2a: Abra|Shadow Ball|p1a: Abra
|-supereffective|p1a: Abra
|-damage|p1a: Abra|0 fnt
|faint|p1a: Abra
|
|c|★HT Navajaime|D:
|choice|*switch 6|*
|choice|switch 6|
|
|switch|p1a: Togepi|Togepi, L5, F|23\/23
|turn|23
|choice|*|*move 1
|choice|*move 3|*
|choice|move dazzlinggleam|move psyshock
|
|move|p2a: Abra|Psyshock|p1a: Togepi
|-damage|p1a: Togepi|10\/23
|move|p1a: Togepi|Dazzling Gleam|p2a: Abra
|-crit|p2a: Abra
|-damage|p2a: Abra|3\/19
|
|turn|24
|choice|*|*move 1
|choice|*move 3|*
|choice|move dazzlinggleam|move psyshock
|
|move|p2a: Abra|Psyshock|p1a: Togepi
|-damage|p1a: Togepi|0 fnt
|faint|p1a: Togepi
|
|c|★☢Kirox § {Gamer}☢|gg
|choice|*switch 4|*
|choice|switch 4|
|
|switch|p1a: Timburr|Timburr, L5, M|27\/27
|turn|25
|c|★HT Navajaime|gg
|choice|*|*move 1
|choice|*move 3|*
|choice|move machpunch|move psyshock
|
|move|p1a: Timburr|Mach Punch|p2a: Abra
|-resisted|p2a: Abra
|-damage|p2a: Abra|0 fnt
|faint|p2a: Abra
|
|choice|*|*switch 6
|choice||switch 6
|
|switch|p2a: Taillow|Taillow, L5, M|21\/21
|turn|26
|choice|*move 4|*
|choice|*|*move 2
|choice|move icepunch|move protect
|
|move|p2a: Taillow|Protect|p2a: Taillow
|-singleturn|p2a: Taillow|Protect
|move|p1a: Timburr|Ice Punch|p2a: Taillow
|-activate|p2a: Taillow|move: Protect
|
|-status|p2a: Taillow|brn|[from] item: Flame Orb
|turn|27
|choice|*|*move 3
|choice|*move 4|*
|choice|move icepunch|move aerialace
|
|move|p2a: Taillow|Aerial Ace|p1a: Timburr
|-supereffective|p1a: Timburr
|-damage|p1a: Timburr|1\/27
|move|p1a: Timburr|Ice Punch|p2a: Taillow
|-supereffective|p2a: Taillow
|-damage|p2a: Taillow|0 fnt
|faint|p2a: Taillow
|
|win|HT Navajaime
HT Navajaime ha ganado 1.75 PokeDolares.
|raw|Puntaje de HT Navajaime: 1233 &rarr; <strong>1244<\/strong><br \/>(+11 por ganar)
|raw|Puntaje de ☢Kirox § {Gamer}☢: 1000 &rarr; <strong>1000<\/strong><br \/>(+0 por perder)
|player|p1
|player|p2
|c|★HT Navajaime|ay</script>
</div>
<div class="battle-log battle-log-inline"><div class="inner"><div class="battle-options"></div><div class="inner"><div class="chat"><small>HT Navajaime joined.</small></div><div class="chat"><small>☢Kirox § {Gamer}☢ joined.</small></div><div class=""><small>Format:</small> <br><strong>LC</strong></div><div class="rated"><strong>Rated battle</strong></div><div class=""><small><em>Cláusula-Mod de Dormir:</em> solo puedes dormir a uno de tus oponentes a la vez.</small></div><div class=""><small><em>Cláusula de Especie:</em> Hasta un Pokémon de cada especie</small></div><div class=""><small><em>Cláusula de Golpe Fulminante:</em> los movimientos fulminantes (OHKO) estan prohibidos</small></div><div class=""><small><em>Cláusula de Moody:</em> la habilidad Moody está prohibida</small></div><div class=""><small><em>Cláusula de Movimientos Evasivos:</em> los movimientos de evasion estan prohibidos</small></div><div class=""><small><em>Cláusula de Batallas Eternas:</em> forzar batallas eternas está prohibido</small></div><div class=""><small><em>Modo de Porcentaje de HP:</em> el HP es mostrado en porcentaje</small></div><div class="chat battle-history"><strong>HT Navajaime's team:</strong> <em style="color:#445566;display:block;">Vullaby / Abra / Chinchou / Timburr / Larvesta / Togepi</em></div><div class="chat battle-history"><strong>☢Kirox § {Gamer}☢'s team:</strong> <em style="color:#445566;display:block;">Ponyta / Gible / Abra / Staryu / Ferroseed / Taillow</em></div><div class="chat chatmessage-htnavajaime"><strong style="color:hsl(94,42%,36%)"><small>★</small><span class="username" data-name="HT Navajaime">HT Navajaime</span>:</strong> <em>♥</em></div><div class="chat chatmessage-htnavajaime"><strong style="color:hsl(94,42%,36%)"><small>★</small><span class="username" data-name="HT Navajaime">HT Navajaime</span>:</strong> <em>es mi primera vez :c</em></div><div class="chat chatmessage-kiroxgamer"><strong style="color:hsl(102,81%,35.95234701850666%)"><small>★</small><span class="username" data-name="☢Kirox § {Gamer}☢">☢Kirox § {Gamer}☢</span>:</strong> <em>lol</em></div><div class="chat chatmessage-kiroxgamer"><strong style="color:hsl(102,81%,35.95234701850666%)"><small>★</small><span class="username" data-name="☢Kirox § {Gamer}☢">☢Kirox § {Gamer}☢</span>:</strong> <em>eso se lee muy mal</em></div><div class="chat chatmessage-kiroxgamer"><strong style="color:hsl(102,81%,35.95234701850666%)"><small>★</small><span class="username" data-name="☢Kirox § {Gamer}☢">☢Kirox § {Gamer}☢</span>:</strong> <em>XD</em></div><div class="spacer battle-history"><br></div><div class="battle-history">Battle started between HT Navajaime and ☢Kirox § {Gamer}☢!<br></div><div class="spacer battle-history"><br></div><div class="battle-history">Go! <strong>Larvesta</strong>!<br></div><div class="spacer battle-history"><br></div><div class="battle-history">☢Kirox § {Gamer}☢ sent out <strong>Ferroseed</strong>!<br></div><div class="spacer battle-history"><br></div><h2 class="battle-history">Turn 1</h2><div class="spacer battle-history"><br></div><div class="battle-history">☢Kirox § {Gamer}☢ withdrew Ferroseed!<br></div><div class="battle-history">☢Kirox § {Gamer}☢ sent out <strong>Ponyta</strong>!<br></div><div class="spacer battle-history"><br></div><div class="battle-history">Larvesta used <strong>Flame Charge</strong>!<br></div><div class="battle-history"><small>[The opposing Ponyta's Flash Fire]</small><br><small>The power of the opposing Ponyta's Fire-type moves rose!</small><br></div><div class="spacer battle-history"><br></div><h2 class="battle-history">Turn 2</h2><div class="spacer battle-history"><br></div><div class="battle-history">Larvesta, come back!<br></div><div class="battle-history">Go! <strong>Chinchou</strong>!<br></div><div class="spacer battle-history"><br></div><div class="battle-history">The opposing Ponyta used <strong>Wild Charge</strong>!<br></div><div class="battle-history"><small>[Chinchou's Volt Absorb]</small><br><small>It doesn't affect Chinchou...</small><br></div><div class="spacer battle-history"><br></div><h2 class="battle-history">Turn 3</h2><div class="chat chatmessage-kiroxgamer"><strong style="color:hsl(102,81%,35.95234701850666%)"><small>★</small><span class="username" data-name="☢Kirox § {Gamer}☢">☢Kirox § {Gamer}☢</span>:</strong> <em>:&lt;</em></div><div class="spacer battle-history"><br></div><div class="battle-history">☢Kirox § {Gamer}☢ withdrew Ponyta!<br></div><div class="battle-history">☢Kirox § {Gamer}☢ sent out <strong>Ferroseed</strong>!<br></div><div class="spacer battle-history"><br></div><div class="battle-history">Chinchou used <strong>Scald</strong>!<br></div><div class="battle-history"><small>It's not very effective...</small><br></div><div class="battle-history"><small>(The opposing Ferroseed lost <abbr title="−2/21">9.5%</abbr> of its health!)</small><br></div><div class="battle-history"><small>The opposing Ferroseed was burned!</small><br></div><div class="spacer battle-history"><br></div><div class="battle-history"><small>The opposing Ferroseed was hurt by its burn!</small><br></div><div class="spacer battle-history"><br></div><h2 class="battle-history">Turn 4</h2><div class="spacer battle-history"><br></div><div class="battle-history">Chinchou, come back!<br></div><div class="battle-history">Go! <strong>Vullaby</strong>!<br></div><div class="spacer battle-history"><br></div><div class="battle-history">The opposing Ferroseed used <strong>Leech Seed</strong>!<br></div><div class="battle-history"><small>Vullaby was seeded!</small><br></div><div class="spacer battle-history"><br></div><div class="battle-history"><small>Vullaby's health is sapped by Leech Seed!</small><br></div><div class="battle-history"><small>The opposing Ferroseed was hurt by its burn!</small><br></div><div class="spacer battle-history"><br></div><h2 class="battle-history">Turn 5</h2><div class="spacer battle-history"><br></div><div class="battle-history">Vullaby, come back!<br></div><div class="battle-history">Go! <strong>Larvesta</strong>!<br></div><div class="spacer battle-history"><br></div><div class="battle-history">The opposing Ferroseed used <strong>Thunder Wave</strong>!<br></div><div class="battle-history"><small>Larvesta is paralyzed! It may be unable to move!</small><br></div><div class="spacer battle-history"><br></div><div class="battle-history"><small>The opposing Ferroseed was hurt by its burn!</small><br></div><div class="spacer battle-history"><br></div><h2 class="battle-history">Turn 6</h2><div class="spacer battle-history"><br></div><div class="battle-history">The opposing Ferroseed used <strong>Leech Seed</strong>!<br></div><div class="battle-history"><small>Larvesta avoided the attack!</small><br></div><div class="spacer battle-history"><br></div><div class="battle-history">Larvesta used <strong>Bug Bite</strong>!<br></div><div class="battle-history"><small>(The opposing Ferroseed lost <abbr title="−8/21">38.1%</abbr> of its health!)</small><br></div><div class="battle-history"><small>[The opposing Ferroseed's Iron Barbs]</small><br><small>Larvesta was hurt!</small><br></div><div class="battle-history"><small>Larvesta lost some of its HP!</small><br></div><div class="spacer battle-history"><br></div><div class="battle-history"><small>The opposing Ferroseed was hurt by its burn!</small><br></div><div class="spacer battle-history"><br></div><h2 class="battle-history">Turn 7</h2><div class="spacer battle-history"><br></div><div class="battle-history">The opposing Ferroseed used <strong>Leech Seed</strong>!<br></div><div class="battle-history"><small>Larvesta was seeded!</small><br></div><div class="spacer battle-history"><br></div><div class="battle-history">Larvesta is paralyzed! It can't move!<br></div><div class="spacer battle-history"><br></div><div class="battle-history"><small>Larvesta's health is sapped by Leech Seed!</small><br></div><div class="battle-history"><small>The opposing Ferroseed was hurt by its burn!</small><br></div><div class="spacer battle-history"><br></div><h2 class="battle-history">Turn 8</h2><div class="spacer battle-history"><br></div><div class="battle-history">☢Kirox § {Gamer}☢ withdrew Ferroseed!<br></div><div class="battle-history">☢Kirox § {Gamer}☢ sent out <strong>Gible</strong>!<br></div><div class="spacer battle-history"><br></div><div class="battle-history">Larvesta used <strong>Bug Bite</strong>!<br></div><div class="battle-history"><small>(The opposing Gible lost <abbr title="−19/22">86.4%</abbr> of its health!)</small><br></div><div class="battle-history"><small>[The opposing Gible's Rough Skin]</small><br><small>Larvesta was hurt!</small><br></div><div class="battle-history"><small>Larvesta was hurt by the Rocky Helmet!</small><br></div><div class="battle-history"><small>Larvesta lost some of its HP!</small><br></div><div class="spacer battle-history"><br></div><div class="battle-history"><small>Larvesta's health is sapped by Leech Seed!</small><br></div><div class="spacer battle-history"><br></div><h2 class="battle-history">Turn 9</h2><div class="spacer battle-history"><br></div><div class="battle-history">The opposing Gible used <strong>Stealth Rock</strong>!<br></div><div class="battle-history"><small>Pointed stones float in the air around your team!</small><br></div><div class="spacer battle-history"><br></div><div class="battle-history">Larvesta used <strong>Bug Bite</strong>!<br></div><div class="battle-history"><small>(The opposing Gible lost <abbr title="−5/22">22.7%</abbr> of its health!)</small><br></div><div class="battle-history"><small>[The opposing Gible's Rough Skin]</small><br><small>Larvesta was hurt!</small><br></div><div class="battle-history"><small>Larvesta was hurt by the Rocky Helmet!</small><br></div><div class="battle-history"><small>Larvesta lost some of its HP!</small><br></div><div class="spacer battle-history"><br></div><div class="battle-history">The opposing Gible fainted!<br></div><div class="battle-history">Larvesta fainted!<br></div><div class="spacer battle-history"><br></div><div class="battle-history">Go! <strong>Vullaby</strong>!<br></div><div class="spacer battle-history"><br></div><div class="battle-history">☢Kirox § {Gamer}☢ sent out <strong>Ferroseed</strong>!<br></div><div class="battle-history"><small>Pointed stones dug into Vullaby!</small><br></div><div class="spacer battle-history"><br></div><h2 class="battle-history">Turn 10</h2><div class="spacer battle-history"><br></div><div class="battle-history">Vullaby used <strong>Defog</strong>!<br></div><div class="battle-history"><small>The opposing Ferroseed's evasiveness fell!</small><br></div><div class="battle-history"><small>The pointed stones disappeared from around your team!</small><br></div><div class="spacer battle-history"><br></div><div class="battle-history">The opposing Ferroseed used <strong>Thunder Wave</strong>!<br></div><div class="battle-history"><small>Vullaby is paralyzed! It may be unable to move!</small><br></div><div class="spacer battle-history"><br></div><div class="battle-history"><small>The opposing Ferroseed was hurt by its burn!</small><br></div><div class="spacer battle-history"><br></div><h2 class="battle-history">Turn 11</h2><div class="spacer battle-history"><br></div><div class="battle-history">The opposing Ferroseed used <strong>Leech Seed</strong>!<br></div><div class="battle-history"><small>Vullaby avoided the attack!</small><br></div><div class="spacer battle-history"><br></div><div class="battle-history">Vullaby is paralyzed! It can't move!<br></div><div class="spacer battle-history"><br></div><div class="battle-history"><small>The opposing Ferroseed was hurt by its burn!</small><br></div><div class="spacer battle-history"><br></div><h2 class="battle-history">Turn 12</h2><div class="spacer battle-history"><br></div><div class="battle-history">The opposing Ferroseed used <strong>Leech Seed</strong>!<br></div><div class="battle-history"><small>Vullaby was seeded!</small><br></div><div class="spacer battle-history"><br></div><div class="battle-history">Vullaby used <strong>Brave Bird</strong>!<br></div><div class="battle-history"><small>(The opposing Ferroseed lost <abbr title="−2/21">9.5%</abbr> of its health!)</small><br></div><div class="battle-history"><small>[The opposing Ferroseed's Iron Barbs]</small><br><small>Vullaby was hurt!</small><br></div><div class="battle-history"><small>Vullaby is damaged by the recoil!</small><br></div><div class="spacer battle-history"><br></div><div class="battle-history">The opposing Ferroseed fainted!<br></div><div class="spacer battle-history"><br></div><div class="battle-history">☢Kirox § {Gamer}☢ sent out <strong>Ponyta</strong>!<br></div><div class="spacer battle-history"><br></div><h2 class="battle-history">Turn 13</h2><div class="spacer battle-history"><br></div><div class="battle-history">Vullaby, come back!<br></div><div class="battle-history">Go! <strong>Chinchou</strong>!<br></div><div class="spacer battle-history"><br></div><div class="battle-history">The opposing Ponyta used <strong>Wild Charge</strong>!<br></div><div class="battle-history"><small>[Chinchou's Volt Absorb]</small><br><small>It doesn't affect Chinchou...</small><br></div><div class="spacer battle-history"><br></div><h2 class="battle-history">Turn 14</h2><div class="spacer battle-history"><br></div><div class="battle-history">The opposing Ponyta used <strong>Double Kick</strong>!<br></div><div class="battle-history"><small>(Chinchou lost <abbr title="−4/27">14.8%</abbr> of its health!)</small><br></div><div class="battle-history"><small>(Chinchou lost <abbr title="−4/27">14.8%</abbr> of its health!)</small><br></div><div class="battle-history"><small>Hit 2 times!</small><br></div><div class="spacer battle-history"><br></div><div class="battle-history">Chinchou used <strong>Scald</strong>!<br></div><div class="battle-history"><small>It's super effective!</small><br></div><div class="battle-history"><small>(The opposing Ponyta lost <abbr title="−18/21">85.7%</abbr> of its health!)</small><br></div><div class="spacer battle-history"><br></div><div class="battle-history"><small>The opposing Ponyta restored a little HP using its Leftovers!</small><br></div><div class="spacer battle-history"><br></div><h2 class="battle-history">Turn 15</h2><div class="spacer battle-history"><br></div><div class="battle-history">The opposing Ponyta used <strong>Double Kick</strong>!<br></div><div class="battle-history"><small>(Chinchou lost <abbr title="−5/27">18.5%</abbr> of its health!)</small><br></div><div class="battle-history"><small>(Chinchou lost <abbr title="−5/27">18.5%</abbr> of its health!)</small><br></div><div class="battle-history"><small>Hit 2 times!</small><br></div><div class="spacer battle-history"><br></div><div class="battle-history">Chinchou used <strong>Scald</strong>!<br></div><div class="battle-history"><small>It's super effective!</small><br></div><div class="battle-history"><small>(The opposing Ponyta lost <abbr title="−4/21">19.0%</abbr> of its health!)</small><br></div><div class="spacer battle-history"><br></div><div class="battle-history">The opposing Ponyta fainted!<br></div><div class="spacer battle-history"><br></div><div class="battle-history">☢Kirox § {Gamer}☢ sent out <strong>Abra</strong>!<br></div><div class="spacer battle-history"><br></div><h2 class="battle-history">Turn 16</h2><div class="spacer battle-history"><br></div><div class="battle-history">The opposing Abra used <strong>Energy Ball</strong>!<br></div><div class="battle-history"><small>It's super effective!</small><br></div><div class="battle-history"><small>(Chinchou lost <abbr title="−9/27">33.3%</abbr> of its health!)</small><br></div><div class="spacer battle-history"><br></div><div class="battle-history">Chinchou fainted!<br></div><div class="spacer battle-history"><br></div><div class="battle-history">Go! <strong>Vullaby</strong>!<br></div><div class="spacer battle-history"><br></div><h2 class="battle-history">Turn 17</h2><div class="spacer battle-history"><br></div><div class="battle-history">The opposing Abra used <strong>Shadow Ball</strong>!<br></div><div class="battle-history"><small>It's not very effective...</small><br></div><div class="battle-history"><small>(Vullaby lost <abbr title="−4/26">15.4%</abbr> of its health!)</small><br></div><div class="spacer battle-history"><br></div><div class="battle-history">Vullaby used <strong>Roost</strong>!<br></div><div class="battle-history"><small>Vullaby restored its HP.</small><br></div><div class="spacer battle-history"><br></div><h2 class="battle-history">Turn 18</h2><div class="spacer battle-history"><br></div><div class="battle-history">☢Kirox § {Gamer}☢ withdrew Abra!<br></div><div class="battle-history">☢Kirox § {Gamer}☢ sent out <strong>Staryu</strong>!<br></div><div class="spacer battle-history"><br></div><div class="battle-history">Vullaby used <strong>Brave Bird</strong>!<br></div><div class="battle-history"><small>(The opposing Staryu lost <abbr title="−15/19">78.9%</abbr> of its health!)</small><br></div><div class="battle-history"><small>Vullaby is damaged by the recoil!</small><br></div><div class="spacer battle-history"><br></div><div class="battle-history"><small>The opposing Staryu restored a little HP using its Leftovers!</small><br></div><div class="spacer battle-history"><br></div><h2 class="battle-history">Turn 19</h2><div class="spacer battle-history"><br></div><div class="battle-history">The opposing Staryu used <strong>Thunderbolt</strong>!<br></div><div class="battle-history"><small>It's super effective!</small><br></div><div class="battle-history"><small>(Vullaby lost <abbr title="−14/26">53.8%</abbr> of its health!)</small><br></div><div class="spacer battle-history"><br></div><div class="battle-history">Vullaby is paralyzed! It can't move!<br></div><div class="spacer battle-history"><br></div><div class="battle-history"><small>The opposing Staryu restored a little HP using its Leftovers!</small><br></div><div class="spacer battle-history"><br></div><h2 class="battle-history">Turn 20</h2><div class="spacer battle-history"><br></div><div class="battle-history">The opposing Staryu used <strong>Thunderbolt</strong>!<br></div><div class="battle-history"><small>It's super effective!</small><br></div><div class="battle-history"><small>(Vullaby lost <abbr title="−3/26">11.5%</abbr> of its health!)</small><br></div><div class="spacer battle-history"><br></div><div class="battle-history">Vullaby fainted!<br></div><div class="spacer battle-history"><br></div><div class="battle-history"><small>The opposing Staryu restored a little HP using its Leftovers!</small><br></div><div class="spacer battle-history"><br></div><div class="battle-history">Go! <strong>Abra</strong>!<br></div><div class="spacer battle-history"><br></div><h2 class="battle-history">Turn 21</h2><div class="spacer battle-history"><br></div><div class="battle-history">Abra used <strong>Psychic</strong>!<br></div><div class="battle-history"><small>(The opposing Staryu lost <abbr title="−7/19">36.8%</abbr> of its health!)</small><br></div><div class="spacer battle-history"><br></div><div class="battle-history">The opposing Staryu fainted!<br></div><div class="spacer battle-history"><br></div><div class="battle-history">☢Kirox § {Gamer}☢ sent out <strong>Abra</strong>!<br></div><div class="spacer battle-history"><br></div><h2 class="battle-history">Turn 22</h2><div class="spacer battle-history"><br></div><div class="battle-history">The opposing Abra used <strong>Shadow Ball</strong>!<br></div><div class="battle-history"><small>It's super effective!</small><br></div><div class="battle-history"><small>(Abra lost <abbr title="−19/19">100%</abbr> of its health!)</small><br></div><div class="spacer battle-history"><br></div><div class="battle-history">Abra fainted!<br></div><div class="chat chatmessage-htnavajaime"><strong style="color:hsl(94,42%,36%)"><small>★</small><span class="username" data-name="HT Navajaime">HT Navajaime</span>:</strong> <em>D:</em></div><div class="spacer battle-history"><br></div><div class="battle-history">Go! <strong>Togepi</strong>!<br></div><div class="spacer battle-history"><br></div><h2 class="battle-history">Turn 23</h2><div class="spacer battle-history"><br></div><div class="battle-history">The opposing Abra used <strong>Psyshock</strong>!<br></div><div class="battle-history"><small>(Togepi lost <abbr title="−13/23">56.5%</abbr> of its health!)</small><br></div><div class="spacer battle-history"><br></div><div class="battle-history">Togepi used <strong>Dazzling Gleam</strong>!<br></div><div class="battle-history"><small>A critical hit!</small><br></div><div class="battle-history"><small>(The opposing Abra lost <abbr title="−16/19">84.2%</abbr> of its health!)</small><br></div><div class="spacer battle-history"><br></div><h2 class="battle-history">Turn 24</h2><div class="spacer battle-history"><br></div><div class="battle-history">The opposing Abra used <strong>Psyshock</strong>!<br></div><div class="battle-history"><small>(Togepi lost <abbr title="−10/23">43.5%</abbr> of its health!)</small><br></div><div class="spacer battle-history"><br></div><div class="battle-history">Togepi fainted!<br></div><div class="chat chatmessage-kiroxgamer"><strong style="color:hsl(102,81%,35.95234701850666%)"><small>★</small><span class="username" data-name="☢Kirox § {Gamer}☢">☢Kirox § {Gamer}☢</span>:</strong> <em>gg</em></div><div class="spacer battle-history"><br></div><div class="battle-history">Go! <strong>Timburr</strong>!<br></div><div class="spacer battle-history"><br></div><h2 class="battle-history">Turn 25</h2><div class="chat chatmessage-htnavajaime"><strong style="color:hsl(94,42%,36%)"><small>★</small><span class="username" data-name="HT Navajaime">HT Navajaime</span>:</strong> <em>gg</em></div><div class="spacer battle-history"><br></div><div class="battle-history">Timburr used <strong>Mach Punch</strong>!<br></div><div class="battle-history"><small>It's not very effective...</small><br></div><div class="battle-history"><small>(The opposing Abra lost <abbr title="−3/19">15.8%</abbr> of its health!)</small><br></div><div class="spacer battle-history"><br></div><div class="battle-history">The opposing Abra fainted!<br></div><div class="spacer battle-history"><br></div><div class="battle-history">☢Kirox § {Gamer}☢ sent out <strong>Taillow</strong>!<br></div><div class="spacer battle-history"><br></div><h2 class="battle-history">Turn 26</h2><div class="spacer battle-history"><br></div><div class="battle-history">The opposing Taillow used <strong>Protect</strong>!<br></div><div class="battle-history"><small>The opposing Taillow protected itself!</small><br></div><div class="spacer battle-history"><br></div><div class="battle-history">Timburr used <strong>Ice Punch</strong>!<br></div><div class="battle-history"><small>The opposing Taillow protected itself!</small><br></div><div class="spacer battle-history"><br></div><div class="battle-history"><small>The opposing Taillow was burned!</small><br></div><div class="spacer battle-history"><br></div><h2 class="battle-history">Turn 27</h2><div class="spacer battle-history"><br></div><div class="battle-history">The opposing Taillow used <strong>Aerial Ace</strong>!<br></div><div class="battle-history"><small>It's super effective!</small><br></div><div class="battle-history"><small>(Timburr lost <abbr title="−26/27">96.3%</abbr> of its health!)</small><br></div><div class="spacer battle-history"><br></div><div class="battle-history">Timburr used <strong>Ice Punch</strong>!<br></div><div class="battle-history"><small>It's super effective!</small><br></div><div class="battle-history"><small>(The opposing Taillow lost <abbr title="−21/21">100%</abbr> of its health!)</small><br></div><div class="spacer battle-history"><br></div><div class="battle-history">The opposing Taillow fainted!<br></div><div class="spacer battle-history"><br></div><div class="battle-history"><strong>HT Navajaime</strong> won the battle!<br></div><div class="chat">HT Navajaime ha ganado 1.75 PokeDolares.</div><div class="chat">Puntaje de HT Navajaime: 1233 → <strong>1244</strong><br>(+11 por ganar)</div><div class="chat">Puntaje de ☢Kirox § {Gamer}☢: 1000 → <strong>1000</strong><br>(+0 por perder)</div><div class="chat chatmessage-htnavajaime"><strong style="color:hsl(94,42%,36%)"><small>★</small><span class="username" data-name="HT Navajaime">HT Navajaime</span>:</strong> <em>ay</em></div></div><div class="inner-preempt"></div></div></div>
</div>
<script>
let daily = Math.floor(Date.now()/1000/60/60/24);document.write('<script src="https://play.pokemonshowdown.com/js/replay-embed.js?version'+daily+'"></'+'script>');
</script>
