<!DOCTYPE html>
<meta charset="utf-8" />
<!-- version 1 -->
<title>LC replay: Berks! vs. LIVE LOVE LIVIO</title>
<style>
html,body {font-family:Verdana, sans-serif;font-size:10pt;margin:0;padding:0;}body{padding:12px 0;} .battle-log {font-family:Verdana, sans-serif;font-size:10pt;} .battle-log-inline {border:1px solid #AAAAAA;background:#EEF2F5;color:black;max-width:640px;margin:0 auto 80px;padding-bottom:5px;} .battle-log .inner {padding:4px 8px 0px 8px;} .battle-log .inner-preempt {padding:0 8px 4px 8px;} .battle-log .inner-after {margin-top:0.5em;} .battle-log h2 {margin:0.5em -8px;padding:4px 8px;border:1px solid #AAAAAA;background:#E0E7EA;border-left:0;border-right:0;font-family:Verdana, sans-serif;font-size:13pt;} .battle-log .chat {vertical-align:middle;padding:3px 0 3px 0;font-size:8pt;} .battle-log .chat strong {color:#40576A;} .battle-log .chat em {padding:1px 4px 1px 3px;color:#000000;font-style:normal;} .chat.mine {background:rgba(0,0,0,0.05);margin-left:-8px;margin-right:-8px;padding-left:8px;padding-right:8px;} .spoiler {color:#BBBBBB;background:#BBBBBB;padding:0px 3px;} .spoiler:hover, .spoiler:active, .spoiler-shown {color:#000000;background:#E2E2E2;padding:0px 3px;} .spoiler a {color:#BBBBBB;} .spoiler:hover a, .spoiler:active a, .spoiler-shown a {color:#2288CC;} .chat code, .chat .spoiler:hover code, .chat .spoiler:active code, .chat .spoiler-shown code {border:1px solid #C0C0C0;background:#EEEEEE;color:black;padding:0 2px;} .chat .spoiler code {border:1px solid #CCCCCC;background:#CCCCCC;color:#CCCCCC;} .battle-log .rated {padding:3px 4px;} .battle-log .rated strong {color:white;background:#89A;padding:1px 4px;border-radius:4px;} .spacer {margin-top:0.5em;} .message-announce {background:#6688AA;color:white;padding:1px 4px 2px;} .message-announce a, .broadcast-green a, .broadcast-blue a, .broadcast-red a {color:#DDEEFF;} .broadcast-green {background-color:#559955;color:white;padding:2px 4px;} .broadcast-blue {background-color:#6688AA;color:white;padding:2px 4px;} .infobox {border:1px solid #6688AA;padding:2px 4px;} .infobox-limited {max-height:200px;overflow:auto;overflow-x:hidden;} .broadcast-red {background-color:#AA5544;color:white;padding:2px 4px;} .message-learn-canlearn {font-weight:bold;color:#228822;text-decoration:underline;} .message-learn-cannotlearn {font-weight:bold;color:#CC2222;text-decoration:underline;} .message-effect-weak {font-weight:bold;color:#CC2222;} .message-effect-resist {font-weight:bold;color:#6688AA;} .message-effect-immune {font-weight:bold;color:#666666;} .message-learn-list {margin-top:0;margin-bottom:0;} .message-throttle-notice, .message-error {color:#992222;} .message-overflow, .chat small.message-overflow {font-size:0pt;} .message-overflow::before {font-size:9pt;content:'...';} .subtle {color:#3A4A66;}
</style>
<div class="wrapper replay-wrapper" style="max-width:1180px;margin:0 auto">
<input type="hidden" name="replayid" value="smogtours-lc-279351" />
<div class="battle"></div><div class="battle-log"></div><div class="replay-controls"></div><div class="replay-controls-2"></div>
<h1 style="font-weight:normal;text-align:center"><strong>LC</strong><br /><a href="http://pokemonshowdown.com/users/berks" class="subtle" target="_blank">Berks!</a> vs. <a href="http://pokemonshowdown.com/users/livelovelivio" class="subtle" target="_blank">LIVE LOVE LIVIO</a></h1>
<script type="text/plain" class="battle-log-data">|inactive|Battle timer is ON: inactive players will automatically lose when time's up.
|J|Berks!
|J|LIVE LOVE LIVIO
|player|p1|Berks!|186
|player|p2|LIVE LOVE LIVIO|#sylielyyneheym
|gametype|singles
|gen|6
|tier|LC
|seed|58640,36464,51445,10784
|clearpoke
|poke|p1|Cranidos, L5, M|item
|poke|p1|Corphish, L5, M|item
|poke|p1|Gastly, L5, M|item
|poke|p1|Foongus, L5, F|item
|poke|p1|Ponyta, L5, F|item
|poke|p1|Pawniard, L5, F|item
|poke|p2|Carvanha, L5, F|item
|poke|p2|Grimer, L5, F|item
|poke|p2|Snivy, L5, F|item
|poke|p2|Gothita, L5, F|item
|poke|p2|Onix, L5, F|item
|poke|p2|Timburr, L5, F|item
|rule|Sleep Clause Mod: Limit one foe put to sleep
|rule|Species Clause: Limit one of each Pokémon
|rule|OHKO Clause: OHKO moves are banned
|rule|Moody Clause: Moody is banned
|rule|Evasion Moves Clause: Evasion moves are banned
|rule|Endless Battle Clause: Forcing endless battles is banned
|rule|HP Percentage Mod: HP is shown in percentages
|teampreview
|J|Shrug
|J|tahu
|c|+tahu|VAMOS GOLETTS
|J|tko
|c|+Shrug|berkeley
|c|@tko|GO SHAKE
|choice|team 2, team 1, team 3, team 4, team 5, team 6|team 5, team 2, team 3, team 4, team 1, team 6
|
|start
|switch|p1a: Corphish|Corphish, L5, M|20\/20
|switch|p2a: Akira Ferrari|Onix, L5, F|21\/21
|turn|1
|J|Nineage
|J|Disjunction!!
|c|+Nineage|SHAKEITUP
|choice|move knockoff|move stealthrock
|
|move|p2a: Akira Ferrari|Stealth Rock|p1a: Corphish
|-sidestart|p1: Berks!|move: Stealth Rock
|move|p1a: Corphish|Knock Off|p2a: Akira Ferrari
|-damage|p2a: Akira Ferrari|14\/21
|-enditem|p2a: Akira Ferrari|Berry Juice|[from] move: Knock Off|[of] p1a: Corphish
|
|upkeep
|turn|2
|J|Endal
|J|ItzViper482
|c|+ItzViper482|SHAKE
|choice|move crabhammer|switch 6
|
|switch|p2a: Aika Granzchesta|Timburr, L5, F|24\/24
|move|p1a: Corphish|Crabhammer|p2a: Aika Granzchesta
|-damage|p2a: Aika Granzchesta|10\/24
|
|upkeep
|turn|3
|choice|move crabhammer|switch 3
|
|switch|p2a: Alice Carroll|Snivy, L5, F|21\/21
|move|p1a: Corphish|Crabhammer|p2a: Alice Carroll
|-resisted|p2a: Alice Carroll
|-damage|p2a: Alice Carroll|8\/21
|
|upkeep
|turn|4
|choice|switch 5|move leafstorm
|
|switch|p1a: Ponyta|Ponyta, L5, F|21\/21
|-damage|p1a: Ponyta|16\/21|[from] Stealth Rock
|move|p2a: Alice Carroll|Leaf Storm|p1a: Ponyta|[miss]
|-miss|p2a: Alice Carroll|p1a: Ponyta
|
|upkeep
|turn|5
|J|ggggd
|J|kratosmana
|c|@tko|classic
|choice|move flamecharge|switch 6
|
|switch|p2a: Akira Ferrari|Onix, L5, F|14\/21
|move|p1a: Ponyta|Flame Charge|p2a: Akira Ferrari
|-resisted|p2a: Akira Ferrari
|-damage|p2a: Akira Ferrari|12\/21
|-boost|p1a: Ponyta|spe|1
|
|upkeep
|turn|6
|J|Serene's Grace
|choice|switch 4|move earthquake
|
|switch|p1a: Foongus|Foongus, L5, F|25\/25
|-damage|p1a: Foongus|22\/25|[from] Stealth Rock
|move|p2a: Akira Ferrari|Earthquake|p1a: Foongus
|-crit|p1a: Foongus
|-damage|p1a: Foongus|9\/25
|
|upkeep
|turn|7
|J|Vubon
|J|c oc o nut
|J|problems
|L|problems
|J|Celesteelin souls
|choice|switch 5|move earthquake
|
|switch|p1a: Corphish|Corphish, L5, M|20\/20
|-damage|p1a: Corphish|18\/20|[from] Stealth Rock
|move|p2a: Akira Ferrari|Earthquake|p1a: Corphish
|-damage|p1a: Corphish|11\/20
|
|upkeep
|turn|8
|choice|move aquajet|switch 3
|
|switch|p2a: Aika Granzchesta|Timburr, L5, F|10\/24
|move|p1a: Corphish|Aqua Jet|p2a: Aika Granzchesta
|-damage|p2a: Aika Granzchesta|4\/24
|
|upkeep
|turn|9
|L|Celesteelin souls
|J|Always
|J|Conni
|c|%kratosmana|omg
|c|%kratosmana|akira car
|L|Always
|choice|move crabhammer|move machpunch
|
|move|p2a: Aika Granzchesta|Mach Punch|p1a: Corphish
|-damage|p1a: Corphish|7\/20
|move|p1a: Corphish|Crabhammer|p2a: Aika Granzchesta
|-crit|p2a: Aika Granzchesta
|-damage|p2a: Aika Granzchesta|0 fnt
|faint|p2a: Aika Granzchesta
|
|upkeep
|choice||switch 5
|
|switch|p2a: Alicia Florence|Carvanha, L5, F|19\/19
|turn|10
|J|D R e W
|L|D R e W
|choice|switch 5|move darkpulse
|
|switch|p1a: Foongus|Foongus, L5, F|17\/25
|-damage|p1a: Foongus|14\/25|[from] Stealth Rock
|move|p2a: Alicia Florence|Dark Pulse|p1a: Foongus
|-damage|p1a: Foongus|2\/25
|-damage|p2a: Alicia Florence|18\/19|[from] item: Life Orb
|
|-ability|p2a: Alicia Florence|Speed Boost|boost
|-boost|p2a: Alicia Florence|spe|1
|upkeep
|turn|11
|choice|switch 6|move darkpulse
|
|switch|p1a: Pawniard|Pawniard, L5, F|21\/21
|-damage|p1a: Pawniard|20\/21|[from] Stealth Rock
|move|p2a: Alicia Florence|Dark Pulse|p1a: Pawniard
|-resisted|p1a: Pawniard
|-damage|p1a: Pawniard|14\/21
|-damage|p2a: Alicia Florence|17\/19|[from] item: Life Orb
|
|-ability|p2a: Alicia Florence|Speed Boost|boost
|-boost|p2a: Alicia Florence|spe|1
|upkeep
|turn|12
|c|+Conni|glhf to both
|c|+ggggd|is shake
|c|+ggggd|eniigma
|c|+Conni|no
|c|@tko|..?
|c|+ggggd|hes using
|c|+ggggd|grimer.
|c|+ItzViper482|lol
|choice|move suckerpunch|move hydropump
|
|move|p1a: Pawniard|Sucker Punch|p2a: Alicia Florence
|-resisted|p2a: Alicia Florence
|-damage|p2a: Alicia Florence|8\/19
|move|p2a: Alicia Florence|Hydro Pump|p1a: Pawniard
|-damage|p1a: Pawniard|0 fnt
|-damage|p2a: Alicia Florence|7\/19|[from] item: Life Orb
|faint|p1a: Pawniard
|
|-ability|p2a: Alicia Florence|Speed Boost|boost
|-boost|p2a: Alicia Florence|spe|1
|upkeep
|c|+Conni|lol
|c|+Conni|maybe its a shiny grimer
|c|+Conni|alolan
|choice|switch 5|
|
|switch|p1a: Corphish|Corphish, L5, M|7\/20
|-damage|p1a: Corphish|5\/20|[from] Stealth Rock
|turn|13
|J|Eternal Spirit#
|choice|move aquajet|switch 2
|
|switch|p2a: Athena Glory|Grimer, L5, F|25\/25
|move|p1a: Corphish|Aqua Jet|p2a: Athena Glory
|-damage|p2a: Athena Glory|15\/25
|-enditem|p2a: Athena Glory|Eject Button
|c|+Nineage|SHOUTOUTS COCONUT
|c|+Conni|;p
|c|☆Berks!|huh
|c|+Conni|loool
|J|OP
|c|+c oc o nut|told you all eject button was amazing.
|c|+ggggd|its only good in
|c|+ggggd|exeggcute
|c|+c oc o nut|nah eggs uses it well but
|L|Serene's Grace
|choice||switch 4
|
|switch|p2a: Akari Mizunashi|Gothita, L5, F|22\/22
|
|upkeep
|turn|14
|c|+c oc o nut|lots of stuff can use eject button\/red card
|choice|move knockoff|move psychic
|
|move|p1a: Corphish|Knock Off|p2a: Akari Mizunashi
|-supereffective|p2a: Akari Mizunashi
|-damage|p2a: Akari Mizunashi|6\/22
|-enditem|p2a: Akari Mizunashi|Eviolite|[from] move: Knock Off|[of] p1a: Corphish
|move|p2a: Akari Mizunashi|Psychic|p1a: Corphish
|-crit|p1a: Corphish
|-damage|p1a: Corphish|0 fnt
|faint|p1a: Corphish
|
|upkeep
|choice|switch 2|
|
|switch|p1a: Cranidos|Cranidos, L5, M|24\/24
|-damage|p1a: Cranidos|21\/24|[from] Stealth Rock
|turn|15
|J|macle
|L|Conni
|J|El Rey De Setas
|J|dk
|c|+macle|what is this
|c|☆Berks!|a grimer
|c|+macle|is it though
|c|☆Berks!|well i mean
|c|+ggggd|its a zorua
|c|☆Berks!|he has a grimer
|c|☆Berks!|which is crazy
|c|+macle|its cute
|L|El Rey De Setas
|J|Conni
|choice|move rockpolish|move psychic
|
|move|p2a: Akari Mizunashi|Psychic|p1a: Cranidos
|-damage|p1a: Cranidos|9\/24
|move|p1a: Cranidos|Rock Polish|p1a: Cranidos
|-boost|p1a: Cranidos|spe|2
|
|upkeep
|turn|16
|choice|move firepunch|switch 4
|
|switch|p2a: Athena Glory|Grimer, L5, F|15\/25
|move|p1a: Cranidos|Fire Punch|p2a: Athena Glory
|-damage|p2a: Athena Glory|2\/25
|
|upkeep
|turn|17
|choice|move firepunch|move shadowsneak
|
|move|p2a: Athena Glory|Shadow Sneak|p1a: Cranidos
|-damage|p1a: Cranidos|5\/24
|move|p1a: Cranidos|Fire Punch|p2a: Athena Glory
|-damage|p2a: Athena Glory|0 fnt
|faint|p2a: Athena Glory
|
|upkeep
|choice||switch 2
|
|switch|p2a: Alicia Florence|Carvanha, L5, F|7\/19
|turn|18
|c|+c oc o nut|well at least we know shake isn't being ghosted...
|c|+Nineage|what the fuck
|c|+ggggd|,
|L|ggggd
|choice|move firepunch|move protect
|
|move|p2a: Alicia Florence|Protect|p2a: Alicia Florence
|-singleturn|p2a: Alicia Florence|Protect
|move|p1a: Cranidos|Fire Punch|p2a: Alicia Florence
|-activate|p2a: Alicia Florence|move: Protect
|
|-ability|p2a: Alicia Florence|Speed Boost|boost
|-boost|p2a: Alicia Florence|spe|1
|upkeep
|turn|19
|c|@tko|shake??
|J|Serene's Grace
|c|+Nineage|double protect??
|choice|move firepunch|move protect
|
|move|p2a: Alicia Florence|Protect|p2a: Alicia Florence
|-fail|p2a: Alicia Florence
|move|p1a: Cranidos|Fire Punch|p2a: Alicia Florence
|-resisted|p2a: Alicia Florence
|-damage|p2a: Alicia Florence|0 fnt
|faint|p2a: Alicia Florence
|
|upkeep
|c|☆Berks!|thank the heavens
|choice||switch 3
|
|switch|p2a: Akira Ferrari|Onix, L5, F|12\/21
|turn|20
|choice|move zenheadbutt|move earthquake
|
|move|p1a: Cranidos|Zen Headbutt|p2a: Akira Ferrari|[miss]
|-miss|p1a: Cranidos|p2a: Akira Ferrari
|move|p2a: Akira Ferrari|Earthquake|p1a: Cranidos
|-supereffective|p1a: Cranidos
|-damage|p1a: Cranidos|0 fnt
|faint|p1a: Cranidos
|
|upkeep
|c|☆Berks!|oh my gosh
|c|+macle|shake gonna shake
|c|+c oc o nut|lmao.
|c|☆Berks!|it's okay
|choice|switch 3|
|
|switch|p1a: Gastly|Gastly, L5, M|19\/19
|-damage|p1a: Gastly|17\/19|[from] Stealth Rock
|turn|21
|J|ggggd
|choice|move shadowball|move rockblast
|
|move|p1a: Gastly|Shadow Ball|p2a: Akira Ferrari
|-damage|p2a: Akira Ferrari|0 fnt
|-damage|p1a: Gastly|16\/19|[from] item: Life Orb
|faint|p2a: Akira Ferrari
|
|upkeep
|c|☆Berks!|gg
|c|+ggggd|it doesnt even
|choice||switch 6
|
|switch|p2a: Alice Carroll|Snivy, L5, F|8\/21
|turn|22
|c|+ggggd|kill
|c|+ggggd|lol
|c|☆Berks!|it does
|c|☆Berks!|i promis
|c|☆Berks!|promise
|c|+ggggd|are u
|c|+ggggd|life orb
|c|+ItzViper482|.
|c|☆Berks!|nah
|c|+ggggd|so it doesnt kill
|c|☆Berks!|but he's knocked at 58
|c|+ggggd|can i post calc
|c|+ggggd|coco
|c|+c oc o nut|no
|c|☆Berks!|does it really not
|c|+Serene's Grace|L
|c|+c oc o nut|if you have to ask
|c|+ggggd|i mean
|choice|move sludgebomb|move glare
|
|move|p2a: Alice Carroll|Glare|p1a: Gastly
|-status|p1a: Gastly|par
|cant|p1a: Gastly|par
|
|upkeep
|turn|23
|c|+c oc o nut|the answer is no.
|c|☆Berks!|why can't he post calc
|c|+ggggd|,
|c|+macle|lol
|c|☆Berks!|what the FUCK
|c|+ItzViper482|LOL
|c|+ggggd|236+ Atk Sheer Force Cranidos Zen Headbutt vs. 76 HP \/ 0 Def Onix: 9-11 (42.8 - 52.3%) -- 7.4% chance to 2HKO
|c|☆Berks!|is this
|c|+ggggd|theyre both dead
|c|+Nineage|shake
|c|+ggggd|lol
|c|+OP|why is this a set
|choice|move sludgebomb|switch 4
|
|switch|p2a: Akari Mizunashi|Gothita, L5, F|6\/22
|move|p1a: Gastly|Sludge Bomb|p2a: Akari Mizunashi
|-damage|p2a: Akari Mizunashi|0 fnt
|-damage|p1a: Gastly|15\/19 par|[from] item: Life Orb
|faint|p2a: Akari Mizunashi
|
|upkeep
|choice||switch 4
|
|switch|p2a: Alice Carroll|Snivy, L5, F|8\/21
|turn|24
|c|@tko|ok
|choice|move sludgebomb|move leafstorm
|
|move|p2a: Alice Carroll|Leaf Storm|p1a: Gastly
|-resisted|p1a: Gastly
|-damage|p1a: Gastly|4\/19 par
|-boost|p2a: Alice Carroll|spa|2
|move|p1a: Gastly|Sludge Bomb|p2a: Alice Carroll
|-supereffective|p2a: Alice Carroll
|-damage|p2a: Alice Carroll|0 fnt
|-damage|p1a: Gastly|3\/19 par|[from] item: Life Orb
|faint|p2a: Alice Carroll
|
|win|Berks!</script>
</div>
<div class="battle-log battle-log-inline"><div class="inner"><div class="battle-options"></div><div class="inner"><div class="chat message-error">Battle timer is ON: inactive players will automatically lose when time's up.</div><div class=""><small>Format:</small> <br><strong>LC</strong></div><div class=""><small><em>Sleep Clause Mod:</em> Limit one foe put to sleep</small></div><div class=""><small><em>Species Clause:</em> Limit one of each Pokémon</small></div><div class=""><small><em>OHKO Clause:</em> OHKO moves are banned</small></div><div class=""><small><em>Moody Clause:</em> Moody is banned</small></div><div class=""><small><em>Evasion Moves Clause:</em> Evasion moves are banned</small></div><div class=""><small><em>Endless Battle Clause:</em> Forcing endless battles is banned</small></div><div class=""><small><em>HP Percentage Mod:</em> HP is shown in percentages</small></div><div class="chat battle-history"><strong>Berks!'s team:</strong> <em style="color:#445566;display:block;">Cranidos / Corphish / Gastly / Foongus / Ponyta / Pawniard</em></div><div class="chat battle-history"><strong>LIVE LOVE LIVIO's team:</strong> <em style="color:#445566;display:block;">Carvanha / Grimer / Snivy / Gothita / Onix / Timburr</em></div><div class="chat chatmessage-tahu"><strong style="color:hsl(13,48%,45.79297179779011%)"><small>+</small><span class="username" data-name="tahu">tahu</span>:</strong> <em>VAMOS GOLETTS</em></div><div class="chat chatmessage-shrug"><strong style="color:hsl(157,83%,33.603824262940286%)"><small>+</small><span class="username" data-name="Shrug">Shrug</span>:</strong> <em>berkeley</em></div><div class="chat chatmessage-tko"><strong style="color:hsl(152,69%,38.419153807401294%)"><small>@</small><span class="username" data-name="tko">tko</span>:</strong> <em>GO SHAKE</em></div><div class="spacer battle-history"><br></div><div class="battle-history">Battle started between Berks! and LIVE LOVE LIVIO!<br></div><div class="spacer battle-history"><br></div><div class="battle-history">Go! <strong>Corphish</strong>!<br></div><div class="spacer battle-history"><br></div><div class="battle-history">LIVE LOVE LIVIO sent out Akira Ferrari (<strong>Onix</strong>)!<br></div><div class="spacer battle-history"><br></div><h2 class="battle-history">Turn 1</h2><div class="chat chatmessage-nineage"><strong style="color:hsl(296,70%,49%)"><small>+</small><span class="username" data-name="Nineage">Nineage</span>:</strong> <em>SHAKEITUP</em></div><div class="spacer battle-history"><br></div><div class="battle-history">The opposing Akira Ferrari used <strong>Stealth Rock</strong>!<br></div><div class="battle-history"><small>Pointed stones float in the air around your team!</small><br></div><div class="spacer battle-history"><br></div><div class="battle-history">Corphish used <strong>Knock Off</strong>!<br></div><div class="battle-history"><small>(The opposing Akira Ferrari lost <abbr title="−7/21">33.3%</abbr> of its health!)</small><br></div><div class="battle-history"><small>Corphish knocked off the opposing Akira Ferrari's Berry Juice!</small><br></div><div class="spacer battle-history"><br></div><h2 class="battle-history">Turn 2</h2><div class="chat chatmessage-itzviper482"><strong style="color:hsl(213,55%,47.223109525696195%)"><small>+</small><span class="username" data-name="ItzViper482">ItzViper482</span>:</strong> <em>SHAKE</em></div><div class="spacer battle-history"><br></div><div class="battle-history">LIVE LOVE LIVIO withdrew Akira Ferrari!<br></div><div class="battle-history">LIVE LOVE LIVIO sent out Aika Granzchesta (<strong>Timburr</strong>)!<br></div><div class="spacer battle-history"><br></div><div class="battle-history">Corphish used <strong>Crabhammer</strong>!<br></div><div class="battle-history"><small>(The opposing Aika Granzchesta lost <abbr title="−14/24">58.3%</abbr> of its health!)</small><br></div><div class="spacer battle-history"><br></div><h2 class="battle-history">Turn 3</h2><div class="spacer battle-history"><br></div><div class="battle-history">LIVE LOVE LIVIO withdrew Aika Granzchesta!<br></div><div class="battle-history">LIVE LOVE LIVIO sent out Alice Carroll (<strong>Snivy</strong>)!<br></div><div class="spacer battle-history"><br></div><div class="battle-history">Corphish used <strong>Crabhammer</strong>!<br></div><div class="battle-history"><small>It's not very effective...</small><br></div><div class="battle-history"><small>(The opposing Alice Carroll lost <abbr title="−13/21">61.9%</abbr> of its health!)</small><br></div><div class="spacer battle-history"><br></div><h2 class="battle-history">Turn 4</h2><div class="spacer battle-history"><br></div><div class="battle-history">Corphish, come back!<br></div><div class="battle-history">Go! <strong>Ponyta</strong>!<br></div><div class="battle-history"><small>Pointed stones dug into Ponyta!</small><br></div><div class="spacer battle-history"><br></div><div class="battle-history">The opposing Alice Carroll used <strong>Leaf Storm</strong>!<br></div><div class="battle-history"><small>Ponyta avoided the attack!</small><br></div><div class="spacer battle-history"><br></div><h2 class="battle-history">Turn 5</h2><div class="chat chatmessage-tko"><strong style="color:hsl(152,69%,38.419153807401294%)"><small>@</small><span class="username" data-name="tko">tko</span>:</strong> <em>classic</em></div><div class="spacer battle-history"><br></div><div class="battle-history">LIVE LOVE LIVIO withdrew Alice Carroll!<br></div><div class="battle-history">LIVE LOVE LIVIO sent out Akira Ferrari (<strong>Onix</strong>)!<br></div><div class="spacer battle-history"><br></div><div class="battle-history">Ponyta used <strong>Flame Charge</strong>!<br></div><div class="battle-history"><small>It's not very effective...</small><br></div><div class="battle-history"><small>(The opposing Akira Ferrari lost <abbr title="−2/21">9.5%</abbr> of its health!)</small><br></div><div class="battle-history"><small>Ponyta's Speed rose!</small><br></div><div class="spacer battle-history"><br></div><h2 class="battle-history">Turn 6</h2><div class="spacer battle-history"><br></div><div class="battle-history">Ponyta, come back!<br></div><div class="battle-history">Go! <strong>Foongus</strong>!<br></div><div class="battle-history"><small>Pointed stones dug into Foongus!</small><br></div><div class="spacer battle-history"><br></div><div class="battle-history">The opposing Akira Ferrari used <strong>Earthquake</strong>!<br></div><div class="battle-history"><small>A critical hit!</small><br></div><div class="battle-history"><small>(Foongus lost <abbr title="−13/25">52%</abbr> of its health!)</small><br></div><div class="spacer battle-history"><br></div><h2 class="battle-history">Turn 7</h2><div class="spacer battle-history"><br></div><div class="battle-history">Foongus, come back!<br></div><div class="battle-history">Go! <strong>Corphish</strong>!<br></div><div class="battle-history"><small>Pointed stones dug into Corphish!</small><br></div><div class="spacer battle-history"><br></div><div class="battle-history">The opposing Akira Ferrari used <strong>Earthquake</strong>!<br></div><div class="battle-history"><small>(Corphish lost <abbr title="−7/20">35%</abbr> of its health!)</small><br></div><div class="spacer battle-history"><br></div><h2 class="battle-history">Turn 8</h2><div class="spacer battle-history"><br></div><div class="battle-history">LIVE LOVE LIVIO withdrew Akira Ferrari!<br></div><div class="battle-history">LIVE LOVE LIVIO sent out Aika Granzchesta (<strong>Timburr</strong>)!<br></div><div class="spacer battle-history"><br></div><div class="battle-history">Corphish used <strong>Aqua Jet</strong>!<br></div><div class="battle-history"><small>(The opposing Aika Granzchesta lost <abbr title="−6/24">25%</abbr> of its health!)</small><br></div><div class="spacer battle-history"><br></div><h2 class="battle-history">Turn 9</h2><div class="chat chatmessage-kratosmana"><strong style="color:hsl(131,53%,31.90031435230017%)"><small>%</small><span class="username" data-name="kratosmana">kratosmana</span>:</strong> <em>omg</em></div><div class="chat chatmessage-kratosmana"><strong style="color:hsl(131,53%,31.90031435230017%)"><small>%</small><span class="username" data-name="kratosmana">kratosmana</span>:</strong> <em>akira car</em></div><div class="spacer battle-history"><br></div><div class="battle-history">The opposing Aika Granzchesta used <strong>Mach Punch</strong>!<br></div><div class="battle-history"><small>(Corphish lost <abbr title="−4/20">20%</abbr> of its health!)</small><br></div><div class="spacer battle-history"><br></div><div class="battle-history">Corphish used <strong>Crabhammer</strong>!<br></div><div class="battle-history"><small>A critical hit!</small><br></div><div class="battle-history"><small>(The opposing Aika Granzchesta lost <abbr title="−4/24">16.7%</abbr> of its health!)</small><br></div><div class="spacer battle-history"><br></div><div class="battle-history">The opposing Aika Granzchesta fainted!<br></div><div class="spacer battle-history"><br></div><div class="battle-history">LIVE LOVE LIVIO sent out Alicia Florence (<strong>Carvanha</strong>)!<br></div><div class="spacer battle-history"><br></div><h2 class="battle-history">Turn 10</h2><div class="spacer battle-history"><br></div><div class="battle-history">Corphish, come back!<br></div><div class="battle-history">Go! <strong>Foongus</strong>!<br></div><div class="battle-history"><small>Pointed stones dug into Foongus!</small><br></div><div class="spacer battle-history"><br></div><div class="battle-history">The opposing Alicia Florence used <strong>Dark Pulse</strong>!<br></div><div class="battle-history"><small>(Foongus lost <abbr title="−12/25">48%</abbr> of its health!)</small><br></div><div class="battle-history"><small>The opposing Alicia Florence lost some of its HP!</small><br></div><div class="spacer battle-history"><br></div><div class="battle-history"><small>[The opposing Alicia Florence's Speed Boost]</small><br></div><div class="battle-history"><small>The opposing Alicia Florence's Speed rose!</small><br></div><div class="spacer battle-history"><br></div><h2 class="battle-history">Turn 11</h2><div class="spacer battle-history"><br></div><div class="battle-history">Foongus, come back!<br></div><div class="battle-history">Go! <strong>Pawniard</strong>!<br></div><div class="battle-history"><small>Pointed stones dug into Pawniard!</small><br></div><div class="spacer battle-history"><br></div><div class="battle-history">The opposing Alicia Florence used <strong>Dark Pulse</strong>!<br></div><div class="battle-history"><small>It's not very effective...</small><br></div><div class="battle-history"><small>(Pawniard lost <abbr title="−6/21">28.6%</abbr> of its health!)</small><br></div><div class="battle-history"><small>The opposing Alicia Florence lost some of its HP!</small><br></div><div class="spacer battle-history"><br></div><div class="battle-history"><small>[The opposing Alicia Florence's Speed Boost]</small><br></div><div class="battle-history"><small>The opposing Alicia Florence's Speed rose!</small><br></div><div class="spacer battle-history"><br></div><h2 class="battle-history">Turn 12</h2><div class="chat chatmessage-conni"><strong style="color:hsl(324,84%,41.80945153794561%)"><small>+</small><span class="username" data-name="Conni">Conni</span>:</strong> <em>glhf to both</em></div><div class="chat chatmessage-ggggd"><strong style="color:hsl(235,77%,63.10391646397442%)"><small>+</small><span class="username" data-name="ggggd">ggggd</span>:</strong> <em>is shake</em></div><div class="chat chatmessage-ggggd"><strong style="color:hsl(235,77%,63.10391646397442%)"><small>+</small><span class="username" data-name="ggggd">ggggd</span>:</strong> <em>eniigma</em></div><div class="chat chatmessage-conni"><strong style="color:hsl(324,84%,41.80945153794561%)"><small>+</small><span class="username" data-name="Conni">Conni</span>:</strong> <em>no</em></div><div class="chat chatmessage-tko"><strong style="color:hsl(152,69%,38.419153807401294%)"><small>@</small><span class="username" data-name="tko">tko</span>:</strong> <em>..?</em></div><div class="chat chatmessage-ggggd"><strong style="color:hsl(235,77%,63.10391646397442%)"><small>+</small><span class="username" data-name="ggggd">ggggd</span>:</strong> <em>hes using</em></div><div class="chat chatmessage-ggggd"><strong style="color:hsl(235,77%,63.10391646397442%)"><small>+</small><span class="username" data-name="ggggd">ggggd</span>:</strong> <em>grimer.</em></div><div class="chat chatmessage-itzviper482"><strong style="color:hsl(213,55%,47.223109525696195%)"><small>+</small><span class="username" data-name="ItzViper482">ItzViper482</span>:</strong> <em>lol</em></div><div class="spacer battle-history"><br></div><div class="battle-history">Pawniard used <strong>Sucker Punch</strong>!<br></div><div class="battle-history"><small>It's not very effective...</small><br></div><div class="battle-history"><small>(The opposing Alicia Florence lost <abbr title="−9/19">47.4%</abbr> of its health!)</small><br></div><div class="spacer battle-history"><br></div><div class="battle-history">The opposing Alicia Florence used <strong>Hydro Pump</strong>!<br></div><div class="battle-history"><small>(Pawniard lost <abbr title="−14/21">66.7%</abbr> of its health!)</small><br></div><div class="battle-history"><small>The opposing Alicia Florence lost some of its HP!</small><br></div><div class="spacer battle-history"><br></div><div class="battle-history">Pawniard fainted!<br></div><div class="spacer battle-history"><br></div><div class="battle-history"><small>[The opposing Alicia Florence's Speed Boost]</small><br></div><div class="battle-history"><small>The opposing Alicia Florence's Speed rose!</small><br></div><div class="chat chatmessage-conni"><strong style="color:hsl(324,84%,41.80945153794561%)"><small>+</small><span class="username" data-name="Conni">Conni</span>:</strong> <em>lol</em></div><div class="chat chatmessage-conni"><strong style="color:hsl(324,84%,41.80945153794561%)"><small>+</small><span class="username" data-name="Conni">Conni</span>:</strong> <em>maybe its a shiny grimer</em></div><div class="chat chatmessage-conni"><strong style="color:hsl(324,84%,41.80945153794561%)"><small>+</small><span class="username" data-name="Conni">Conni</span>:</strong> <em>alolan</em></div><div class="spacer battle-history"><br></div><div class="battle-history">Go! <strong>Corphish</strong>!<br></div><div class="battle-history"><small>Pointed stones dug into Corphish!</small><br></div><div class="spacer battle-history"><br></div><h2 class="battle-history">Turn 13</h2><div class="spacer battle-history"><br></div><div class="battle-history">LIVE LOVE LIVIO withdrew Alicia Florence!<br></div><div class="battle-history">LIVE LOVE LIVIO sent out Athena Glory (<strong>Grimer</strong>)!<br></div><div class="spacer battle-history"><br></div><div class="battle-history">Corphish used <strong>Aqua Jet</strong>!<br></div><div class="battle-history"><small>(The opposing Athena Glory lost <abbr title="−10/25">40%</abbr> of its health!)</small><br></div><div class="battle-history"><small>The opposing Athena Glory is switched out with the Eject Button!</small><br></div><div class="chat chatmessage-nineage"><strong style="color:hsl(296,70%,49%)"><small>+</small><span class="username" data-name="Nineage">Nineage</span>:</strong> <em>SHOUTOUTS COCONUT</em></div><div class="chat chatmessage-conni"><strong style="color:hsl(324,84%,41.80945153794561%)"><small>+</small><span class="username" data-name="Conni">Conni</span>:</strong> <em>;p</em></div><div class="chat chatmessage-berks"><strong style="color:hsl(0,82%,45.041730236809606%)"><small>☆</small><span class="username" data-name="Berks!">Berks!</span>:</strong> <em>huh</em></div><div class="chat chatmessage-conni"><strong style="color:hsl(324,84%,41.80945153794561%)"><small>+</small><span class="username" data-name="Conni">Conni</span>:</strong> <em>loool</em></div><div class="chat chatmessage-coconut"><strong style="color:hsl(65,57%,39.26225879668%)"><small>+</small><span class="username" data-name="c oc o nut">c oc o nut</span>:</strong> <em>told you all eject button was amazing.</em></div><div class="chat chatmessage-ggggd"><strong style="color:hsl(235,77%,63.10391646397442%)"><small>+</small><span class="username" data-name="ggggd">ggggd</span>:</strong> <em>its only good in</em></div><div class="chat chatmessage-ggggd"><strong style="color:hsl(235,77%,63.10391646397442%)"><small>+</small><span class="username" data-name="ggggd">ggggd</span>:</strong> <em>exeggcute</em></div><div class="chat chatmessage-coconut"><strong style="color:hsl(65,57%,39.26225879668%)"><small>+</small><span class="username" data-name="c oc o nut">c oc o nut</span>:</strong> <em>nah eggs uses it well but</em></div><div class="spacer battle-history"><br></div><div class="battle-history">LIVE LOVE LIVIO withdrew Athena Glory!<br></div><div class="battle-history">LIVE LOVE LIVIO sent out Akari Mizunashi (<strong>Gothita</strong>)!<br></div><div class="spacer battle-history"><br></div><h2 class="battle-history">Turn 14</h2><div class="chat chatmessage-coconut"><strong style="color:hsl(65,57%,39.26225879668%)"><small>+</small><span class="username" data-name="c oc o nut">c oc o nut</span>:</strong> <em>lots of stuff can use eject button/red card</em></div><div class="spacer battle-history"><br></div><div class="battle-history">Corphish used <strong>Knock Off</strong>!<br></div><div class="battle-history"><small>It's super effective!</small><br></div><div class="battle-history"><small>(The opposing Akari Mizunashi lost <abbr title="−16/22">72.7%</abbr> of its health!)</small><br></div><div class="battle-history"><small>Corphish knocked off the opposing Akari Mizunashi's Eviolite!</small><br></div><div class="spacer battle-history"><br></div><div class="battle-history">The opposing Akari Mizunashi used <strong>Psychic</strong>!<br></div><div class="battle-history"><small>A critical hit!</small><br></div><div class="battle-history"><small>(Corphish lost <abbr title="−5/20">25%</abbr> of its health!)</small><br></div><div class="spacer battle-history"><br></div><div class="battle-history">Corphish fainted!<br></div><div class="spacer battle-history"><br></div><div class="battle-history">Go! <strong>Cranidos</strong>!<br></div><div class="battle-history"><small>Pointed stones dug into Cranidos!</small><br></div><div class="spacer battle-history"><br></div><h2 class="battle-history">Turn 15</h2><div class="chat chatmessage-macle"><strong style="color:hsl(202,84%,48%)"><small>+</small><span class="username" data-name="macle">macle</span>:</strong> <em>what is this</em></div><div class="chat chatmessage-berks"><strong style="color:hsl(0,82%,45.041730236809606%)"><small>☆</small><span class="username" data-name="Berks!">Berks!</span>:</strong> <em>a grimer</em></div><div class="chat chatmessage-macle"><strong style="color:hsl(202,84%,48%)"><small>+</small><span class="username" data-name="macle">macle</span>:</strong> <em>is it though</em></div><div class="chat chatmessage-berks"><strong style="color:hsl(0,82%,45.041730236809606%)"><small>☆</small><span class="username" data-name="Berks!">Berks!</span>:</strong> <em>well i mean</em></div><div class="chat chatmessage-ggggd"><strong style="color:hsl(235,77%,63.10391646397442%)"><small>+</small><span class="username" data-name="ggggd">ggggd</span>:</strong> <em>its a zorua</em></div><div class="chat chatmessage-berks"><strong style="color:hsl(0,82%,45.041730236809606%)"><small>☆</small><span class="username" data-name="Berks!">Berks!</span>:</strong> <em>he has a grimer</em></div><div class="chat chatmessage-berks"><strong style="color:hsl(0,82%,45.041730236809606%)"><small>☆</small><span class="username" data-name="Berks!">Berks!</span>:</strong> <em>which is crazy</em></div><div class="chat chatmessage-macle"><strong style="color:hsl(202,84%,48%)"><small>+</small><span class="username" data-name="macle">macle</span>:</strong> <em>its cute</em></div><div class="spacer battle-history"><br></div><div class="battle-history">The opposing Akari Mizunashi used <strong>Psychic</strong>!<br></div><div class="battle-history"><small>(Cranidos lost <abbr title="−12/24">50%</abbr> of its health!)</small><br></div><div class="spacer battle-history"><br></div><div class="battle-history">Cranidos used <strong>Rock Polish</strong>!<br></div><div class="battle-history"><small>Cranidos's Speed rose sharply!</small><br></div><div class="spacer battle-history"><br></div><h2 class="battle-history">Turn 16</h2><div class="spacer battle-history"><br></div><div class="battle-history">LIVE LOVE LIVIO withdrew Akari Mizunashi!<br></div><div class="battle-history">LIVE LOVE LIVIO sent out Athena Glory (<strong>Grimer</strong>)!<br></div><div class="spacer battle-history"><br></div><div class="battle-history">Cranidos used <strong>Fire Punch</strong>!<br></div><div class="battle-history"><small>(The opposing Athena Glory lost <abbr title="−13/25">52%</abbr> of its health!)</small><br></div><div class="spacer battle-history"><br></div><h2 class="battle-history">Turn 17</h2><div class="spacer battle-history"><br></div><div class="battle-history">The opposing Athena Glory used <strong>Shadow Sneak</strong>!<br></div><div class="battle-history"><small>(Cranidos lost <abbr title="−4/24">16.7%</abbr> of its health!)</small><br></div><div class="spacer battle-history"><br></div><div class="battle-history">Cranidos used <strong>Fire Punch</strong>!<br></div><div class="battle-history"><small>(The opposing Athena Glory lost <abbr title="−2/25">8%</abbr> of its health!)</small><br></div><div class="spacer battle-history"><br></div><div class="battle-history">The opposing Athena Glory fainted!<br></div><div class="spacer battle-history"><br></div><div class="battle-history">LIVE LOVE LIVIO sent out Alicia Florence (<strong>Carvanha</strong>)!<br></div><div class="spacer battle-history"><br></div><h2 class="battle-history">Turn 18</h2><div class="chat chatmessage-coconut"><strong style="color:hsl(65,57%,39.26225879668%)"><small>+</small><span class="username" data-name="c oc o nut">c oc o nut</span>:</strong> <em>well at least we know shake isn't being ghosted...</em></div><div class="chat chatmessage-nineage"><strong style="color:hsl(296,70%,49%)"><small>+</small><span class="username" data-name="Nineage">Nineage</span>:</strong> <em>what the fuck</em></div><div class="chat chatmessage-ggggd"><strong style="color:hsl(235,77%,63.10391646397442%)"><small>+</small><span class="username" data-name="ggggd">ggggd</span>:</strong> <em>,</em></div><div class="spacer battle-history"><br></div><div class="battle-history">The opposing Alicia Florence used <strong>Protect</strong>!<br></div><div class="battle-history"><small>The opposing Alicia Florence protected itself!</small><br></div><div class="spacer battle-history"><br></div><div class="battle-history">Cranidos used <strong>Fire Punch</strong>!<br></div><div class="battle-history"><small>The opposing Alicia Florence protected itself!</small><br></div><div class="spacer battle-history"><br></div><div class="battle-history"><small>[The opposing Alicia Florence's Speed Boost]</small><br></div><div class="battle-history"><small>The opposing Alicia Florence's Speed rose!</small><br></div><div class="spacer battle-history"><br></div><h2 class="battle-history">Turn 19</h2><div class="chat chatmessage-tko"><strong style="color:hsl(152,69%,38.419153807401294%)"><small>@</small><span class="username" data-name="tko">tko</span>:</strong> <em>shake??</em></div><div class="chat chatmessage-nineage"><strong style="color:hsl(296,70%,49%)"><small>+</small><span class="username" data-name="Nineage">Nineage</span>:</strong> <em>double protect??</em></div><div class="spacer battle-history"><br></div><div class="battle-history">The opposing Alicia Florence used <strong>Protect</strong>!<br></div><div class="battle-history"><small>But it failed!</small><br></div><div class="spacer battle-history"><br></div><div class="battle-history">Cranidos used <strong>Fire Punch</strong>!<br></div><div class="battle-history"><small>It's not very effective...</small><br></div><div class="battle-history"><small>(The opposing Alicia Florence lost <abbr title="−7/19">36.8%</abbr> of its health!)</small><br></div><div class="spacer battle-history"><br></div><div class="battle-history">The opposing Alicia Florence fainted!<br></div><div class="chat chatmessage-berks"><strong style="color:hsl(0,82%,45.041730236809606%)"><small>☆</small><span class="username" data-name="Berks!">Berks!</span>:</strong> <em>thank the heavens</em></div><div class="spacer battle-history"><br></div><div class="battle-history">LIVE LOVE LIVIO sent out Akira Ferrari (<strong>Onix</strong>)!<br></div><div class="spacer battle-history"><br></div><h2 class="battle-history">Turn 20</h2><div class="spacer battle-history"><br></div><div class="battle-history">Cranidos used <strong>Zen Headbutt</strong>!<br></div><div class="battle-history"><small>The opposing Akira Ferrari avoided the attack!</small><br></div><div class="spacer battle-history"><br></div><div class="battle-history">The opposing Akira Ferrari used <strong>Earthquake</strong>!<br></div><div class="battle-history"><small>It's super effective!</small><br></div><div class="battle-history"><small>(Cranidos lost <abbr title="−5/24">20.8%</abbr> of its health!)</small><br></div><div class="spacer battle-history"><br></div><div class="battle-history">Cranidos fainted!<br></div><div class="chat chatmessage-berks"><strong style="color:hsl(0,82%,45.041730236809606%)"><small>☆</small><span class="username" data-name="Berks!">Berks!</span>:</strong> <em>oh my gosh</em></div><div class="chat chatmessage-macle"><strong style="color:hsl(202,84%,48%)"><small>+</small><span class="username" data-name="macle">macle</span>:</strong> <em>shake gonna shake</em></div><div class="chat chatmessage-coconut"><strong style="color:hsl(65,57%,39.26225879668%)"><small>+</small><span class="username" data-name="c oc o nut">c oc o nut</span>:</strong> <em>lmao.</em></div><div class="chat chatmessage-berks"><strong style="color:hsl(0,82%,45.041730236809606%)"><small>☆</small><span class="username" data-name="Berks!">Berks!</span>:</strong> <em>it's okay</em></div><div class="spacer battle-history"><br></div><div class="battle-history">Go! <strong>Gastly</strong>!<br></div><div class="battle-history"><small>Pointed stones dug into Gastly!</small><br></div><div class="spacer battle-history"><br></div><h2 class="battle-history">Turn 21</h2><div class="spacer battle-history"><br></div><div class="battle-history">Gastly used <strong>Shadow Ball</strong>!<br></div><div class="battle-history"><small>(The opposing Akira Ferrari lost <abbr title="−12/21">57.1%</abbr> of its health!)</small><br></div><div class="battle-history"><small>Gastly lost some of its HP!</small><br></div><div class="spacer battle-history"><br></div><div class="battle-history">The opposing Akira Ferrari fainted!<br></div><div class="chat chatmessage-berks"><strong style="color:hsl(0,82%,45.041730236809606%)"><small>☆</small><span class="username" data-name="Berks!">Berks!</span>:</strong> <em>gg</em></div><div class="chat chatmessage-ggggd"><strong style="color:hsl(235,77%,63.10391646397442%)"><small>+</small><span class="username" data-name="ggggd">ggggd</span>:</strong> <em>it doesnt even</em></div><div class="spacer battle-history"><br></div><div class="battle-history">LIVE LOVE LIVIO sent out Alice Carroll (<strong>Snivy</strong>)!<br></div><div class="spacer battle-history"><br></div><h2 class="battle-history">Turn 22</h2><div class="chat chatmessage-ggggd"><strong style="color:hsl(235,77%,63.10391646397442%)"><small>+</small><span class="username" data-name="ggggd">ggggd</span>:</strong> <em>kill</em></div><div class="chat chatmessage-ggggd"><strong style="color:hsl(235,77%,63.10391646397442%)"><small>+</small><span class="username" data-name="ggggd">ggggd</span>:</strong> <em>lol</em></div><div class="chat chatmessage-berks"><strong style="color:hsl(0,82%,45.041730236809606%)"><small>☆</small><span class="username" data-name="Berks!">Berks!</span>:</strong> <em>it does</em></div><div class="chat chatmessage-berks"><strong style="color:hsl(0,82%,45.041730236809606%)"><small>☆</small><span class="username" data-name="Berks!">Berks!</span>:</strong> <em>i promis</em></div><div class="chat chatmessage-berks"><strong style="color:hsl(0,82%,45.041730236809606%)"><small>☆</small><span class="username" data-name="Berks!">Berks!</span>:</strong> <em>promise</em></div><div class="chat chatmessage-ggggd"><strong style="color:hsl(235,77%,63.10391646397442%)"><small>+</small><span class="username" data-name="ggggd">ggggd</span>:</strong> <em>are u</em></div><div class="chat chatmessage-ggggd"><strong style="color:hsl(235,77%,63.10391646397442%)"><small>+</small><span class="username" data-name="ggggd">ggggd</span>:</strong> <em>life orb</em></div><div class="chat chatmessage-itzviper482"><strong style="color:hsl(213,55%,47.223109525696195%)"><small>+</small><span class="username" data-name="ItzViper482">ItzViper482</span>:</strong> <em>.</em></div><div class="chat chatmessage-berks"><strong style="color:hsl(0,82%,45.041730236809606%)"><small>☆</small><span class="username" data-name="Berks!">Berks!</span>:</strong> <em>nah</em></div><div class="chat chatmessage-ggggd"><strong style="color:hsl(235,77%,63.10391646397442%)"><small>+</small><span class="username" data-name="ggggd">ggggd</span>:</strong> <em>so it doesnt kill</em></div><div class="chat chatmessage-berks"><strong style="color:hsl(0,82%,45.041730236809606%)"><small>☆</small><span class="username" data-name="Berks!">Berks!</span>:</strong> <em>but he's knocked at 58</em></div><div class="chat chatmessage-ggggd"><strong style="color:hsl(235,77%,63.10391646397442%)"><small>+</small><span class="username" data-name="ggggd">ggggd</span>:</strong> <em>can i post calc</em></div><div class="chat chatmessage-ggggd"><strong style="color:hsl(235,77%,63.10391646397442%)"><small>+</small><span class="username" data-name="ggggd">ggggd</span>:</strong> <em>coco</em></div><div class="chat chatmessage-coconut"><strong style="color:hsl(65,57%,39.26225879668%)"><small>+</small><span class="username" data-name="c oc o nut">c oc o nut</span>:</strong> <em>no</em></div><div class="chat chatmessage-berks"><strong style="color:hsl(0,82%,45.041730236809606%)"><small>☆</small><span class="username" data-name="Berks!">Berks!</span>:</strong> <em>does it really not</em></div><div class="chat chatmessage-serenesgrace"><strong style="color:hsl(22,75%,44%)"><small>+</small><span class="username" data-name="Serene's Grace">Serene's Grace</span>:</strong> <em>L</em></div><div class="chat chatmessage-coconut"><strong style="color:hsl(65,57%,39.26225879668%)"><small>+</small><span class="username" data-name="c oc o nut">c oc o nut</span>:</strong> <em>if you have to ask</em></div><div class="chat chatmessage-ggggd"><strong style="color:hsl(235,77%,63.10391646397442%)"><small>+</small><span class="username" data-name="ggggd">ggggd</span>:</strong> <em>i mean</em></div><div class="spacer battle-history"><br></div><div class="battle-history">The opposing Alice Carroll used <strong>Glare</strong>!<br></div><div class="battle-history"><small>Gastly is paralyzed! It may be unable to move!</small><br></div><div class="spacer battle-history"><br></div><div class="battle-history">Gastly is paralyzed! It can't move!<br></div><div class="spacer battle-history"><br></div><h2 class="battle-history">Turn 23</h2><div class="chat chatmessage-coconut"><strong style="color:hsl(65,57%,39.26225879668%)"><small>+</small><span class="username" data-name="c oc o nut">c oc o nut</span>:</strong> <em>the answer is no.</em></div><div class="chat chatmessage-berks"><strong style="color:hsl(0,82%,45.041730236809606%)"><small>☆</small><span class="username" data-name="Berks!">Berks!</span>:</strong> <em>why can't he post calc</em></div><div class="chat chatmessage-ggggd"><strong style="color:hsl(235,77%,63.10391646397442%)"><small>+</small><span class="username" data-name="ggggd">ggggd</span>:</strong> <em>,</em></div><div class="chat chatmessage-macle"><strong style="color:hsl(202,84%,48%)"><small>+</small><span class="username" data-name="macle">macle</span>:</strong> <em>lol</em></div><div class="chat chatmessage-berks"><strong style="color:hsl(0,82%,45.041730236809606%)"><small>☆</small><span class="username" data-name="Berks!">Berks!</span>:</strong> <em>what the FUCK</em></div><div class="chat chatmessage-itzviper482"><strong style="color:hsl(213,55%,47.223109525696195%)"><small>+</small><span class="username" data-name="ItzViper482">ItzViper482</span>:</strong> <em>LOL</em></div><div class="chat chatmessage-ggggd"><strong style="color:hsl(235,77%,63.10391646397442%)"><small>+</small><span class="username" data-name="ggggd">ggggd</span>:</strong> <em>236+ Atk Sheer Force Cranidos Zen Headbutt vs. 76 HP / 0 Def Onix: 9-11 (42.8 - 52.3%) -- 7.4% chance to 2HKO</em></div><div class="chat chatmessage-berks"><strong style="color:hsl(0,82%,45.041730236809606%)"><small>☆</small><span class="username" data-name="Berks!">Berks!</span>:</strong> <em>is this</em></div><div class="chat chatmessage-ggggd"><strong style="color:hsl(235,77%,63.10391646397442%)"><small>+</small><span class="username" data-name="ggggd">ggggd</span>:</strong> <em>theyre both dead</em></div><div class="chat chatmessage-nineage"><strong style="color:hsl(296,70%,49%)"><small>+</small><span class="username" data-name="Nineage">Nineage</span>:</strong> <em>shake</em></div><div class="chat chatmessage-ggggd"><strong style="color:hsl(235,77%,63.10391646397442%)"><small>+</small><span class="username" data-name="ggggd">ggggd</span>:</strong> <em>lol</em></div><div class="chat chatmessage-op"><strong style="color:hsl(122,58%,41.695337843891835%)"><small>+</small><span class="username" data-name="OP">OP</span>:</strong> <em>why is this a set</em></div><div class="spacer battle-history"><br></div><div class="battle-history">LIVE LOVE LIVIO withdrew Alice Carroll!<br></div><div class="battle-history">LIVE LOVE LIVIO sent out Akari Mizunashi (<strong>Gothita</strong>)!<br></div><div class="spacer battle-history"><br></div><div class="battle-history">Gastly used <strong>Sludge Bomb</strong>!<br></div><div class="battle-history"><small>(The opposing Akari Mizunashi lost <abbr title="−6/22">27.3%</abbr> of its health!)</small><br></div><div class="battle-history"><small>Gastly lost some of its HP!</small><br></div><div class="spacer battle-history"><br></div><div class="battle-history">The opposing Akari Mizunashi fainted!<br></div><div class="spacer battle-history"><br></div><div class="battle-history">LIVE LOVE LIVIO sent out Alice Carroll (<strong>Snivy</strong>)!<br></div><div class="spacer battle-history"><br></div><h2 class="battle-history">Turn 24</h2><div class="chat chatmessage-tko"><strong style="color:hsl(152,69%,38.419153807401294%)"><small>@</small><span class="username" data-name="tko">tko</span>:</strong> <em>ok</em></div><div class="spacer battle-history"><br></div><div class="battle-history">The opposing Alice Carroll used <strong>Leaf Storm</strong>!<br></div><div class="battle-history"><small>It's not very effective...</small><br></div><div class="battle-history"><small>(Gastly lost <abbr title="−11/19">57.9%</abbr> of its health!)</small><br></div><div class="battle-history"><small>The opposing Alice Carroll's Special Attack rose sharply!</small><br></div><div class="spacer battle-history"><br></div><div class="battle-history">Gastly used <strong>Sludge Bomb</strong>!<br></div><div class="battle-history"><small>It's super effective!</small><br></div><div class="battle-history"><small>(The opposing Alice Carroll lost <abbr title="−8/21">38.1%</abbr> of its health!)</small><br></div><div class="battle-history"><small>Gastly lost some of its HP!</small><br></div><div class="spacer battle-history"><br></div><div class="battle-history">The opposing Alice Carroll fainted!<br></div><div class="spacer battle-history"><br></div><div class="battle-history"><strong>Berks!</strong> won the battle!<br></div></div><div class="inner-preempt"></div></div></div>
</div>
<script>
let daily = Math.floor(Date.now()/1000/60/60/24);document.write('<script src="https://play.pokemonshowdown.com/js/replay-embed.js?version'+daily+'"></'+'script>');
</script>
