<!DOCTYPE html>
<meta charset="utf-8" />
<!-- version 1 -->
<title>LC replay: Lugia^^El^^Shiny2 vs. Marc Ice.gr</title>
<style>
html,body {font-family:Verdana, sans-serif;font-size:10pt;margin:0;padding:0;}body{padding:12px 0;} .battle-log {font-family:Verdana, sans-serif;font-size:10pt;} .battle-log-inline {border:1px solid #AAAAAA;background:#EEF2F5;color:black;max-width:640px;margin:0 auto 80px;padding-bottom:5px;} .battle-log .inner {padding:4px 8px 0px 8px;} .battle-log .inner-preempt {padding:0 8px 4px 8px;} .battle-log .inner-after {margin-top:0.5em;} .battle-log h2 {margin:0.5em -8px;padding:4px 8px;border:1px solid #AAAAAA;background:#E0E7EA;border-left:0;border-right:0;font-family:Verdana, sans-serif;font-size:13pt;} .battle-log .chat {vertical-align:middle;padding:3px 0 3px 0;font-size:8pt;} .battle-log .chat strong {color:#40576A;} .battle-log .chat em {padding:1px 4px 1px 3px;color:#000000;font-style:normal;} .chat.mine {background:rgba(0,0,0,0.05);margin-left:-8px;margin-right:-8px;padding-left:8px;padding-right:8px;} .spoiler {color:#BBBBBB;background:#BBBBBB;padding:0px 3px;} .spoiler:hover, .spoiler:active, .spoiler-shown {color:#000000;background:#E2E2E2;padding:0px 3px;} .spoiler a {color:#BBBBBB;} .spoiler:hover a, .spoiler:active a, .spoiler-shown a {color:#2288CC;} .chat code, .chat .spoiler:hover code, .chat .spoiler:active code, .chat .spoiler-shown code {border:1px solid #C0C0C0;background:#EEEEEE;color:black;padding:0 2px;} .chat .spoiler code {border:1px solid #CCCCCC;background:#CCCCCC;color:#CCCCCC;} .battle-log .rated {padding:3px 4px;} .battle-log .rated strong {color:white;background:#89A;padding:1px 4px;border-radius:4px;} .spacer {margin-top:0.5em;} .message-announce {background:#6688AA;color:white;padding:1px 4px 2px;} .message-announce a, .broadcast-green a, .broadcast-blue a, .broadcast-red a {color:#DDEEFF;} .broadcast-green {background-color:#559955;color:white;padding:2px 4px;} .broadcast-blue {background-color:#6688AA;color:white;padding:2px 4px;} .infobox {border:1px solid #6688AA;padding:2px 4px;} .infobox-limited {max-height:200px;overflow:auto;overflow-x:hidden;} .broadcast-red {background-color:#AA5544;color:white;padding:2px 4px;} .message-learn-canlearn {font-weight:bold;color:#228822;text-decoration:underline;} .message-learn-cannotlearn {font-weight:bold;color:#CC2222;text-decoration:underline;} .message-effect-weak {font-weight:bold;color:#CC2222;} .message-effect-resist {font-weight:bold;color:#6688AA;} .message-effect-immune {font-weight:bold;color:#666666;} .message-learn-list {margin-top:0;margin-bottom:0;} .message-throttle-notice, .message-error {color:#992222;} .message-overflow, .chat small.message-overflow {font-size:0pt;} .message-overflow::before {font-size:9pt;content:'...';} .subtle {color:#3A4A66;}
</style>
<div class="wrapper replay-wrapper" style="max-width:1180px;margin:0 auto">
<input type="hidden" name="replayid" value="lc-481219735" />
<div class="battle"></div><div class="battle-log"></div><div class="replay-controls"></div><div class="replay-controls-2"></div>
<h1 style="font-weight:normal;text-align:center"><strong>LC</strong><br /><a href="http://pokemonshowdown.com/users/lugiaelshiny2" class="subtle" target="_blank">Lugia^^El^^Shiny2</a> vs. <a href="http://pokemonshowdown.com/users/marcicegr" class="subtle" target="_blank">Marc Ice.gr</a></h1>
<script type="text/plain" class="battle-log-data">|j|Lugia^^El^^Shiny2
|j|Marc Ice.gr
|player|p1|Lugia^^El^^Shiny2|153
|player|p2|Marc Ice.gr|101
|gametype|singles
|gen|6
|tier|LC
|seed|46486,54074,45023,9286
|clearpoke
|poke|p1|Tirtouga, L5, F|item
|poke|p1|Foongus, L5, F|item
|poke|p1|Diglett, L5, M|item
|poke|p1|Vullaby, L5, F|item
|poke|p1|Mienfoo, L5, F|item
|poke|p1|Buizel, L5, F|item
|poke|p2|Diglett, L5, M|item
|poke|p2|Archen, L5, F|item
|poke|p2|Pawniard, L5, F|item
|poke|p2|Spritzee, L5, M|item
|poke|p2|Shellder, L5, M|item
|poke|p2|Mienfoo, L5, F|item
|rule|Sleep Clause Mod: Limit one foe put to sleep
|rule|Species Clause: Limit one of each Pokémon
|rule|OHKO Clause: OHKO moves are banned
|rule|Moody Clause: Moody is banned
|rule|Evasion Moves Clause: Evasion moves are banned
|rule|Endless Battle Clause: Forcing endless battles is banned
|rule|HP Percentage Mod: HP is shown in percentages
|teampreview
|c|★Lugia^^El^^Shiny2|gl
|c|★Marc Ice.gr|Gl jf
|choice|team 6, team 2, team 3, team 4, team 5, team 1|team 1, team 2, team 3, team 4, team 5, team 6
|
|start
|switch|p1a: Buizel|Buizel, L5, F|22\/22
|switch|p2a: Diglett|Diglett, L5, M|18\/18
|turn|1
|choice|move waterfall|switch 5
|
|switch|p2a: Shellder|Shellder, L5, M|20\/20
|move|p1a: Buizel|Waterfall|p2a: Shellder
|-resisted|p2a: Shellder
|-damage|p2a: Shellder|17\/20
|
|turn|2
|j|DiegoP1907
|c| DiegoP1907|gl hf for both x2
|choice|switch 4|move shellsmash
|
|switch|p1a: Vullaby|Vullaby, L5, F|24\/24
|move|p2a: Shellder|Shell Smash|p2a: Shellder
|-unboost|p2a: Shellder|def|1
|-unboost|p2a: Shellder|spd|1
|-boost|p2a: Shellder|atk|2
|-boost|p2a: Shellder|spa|2
|-boost|p2a: Shellder|spe|2
|
|turn|3
|l|DiegoP1907
|choice|move bravebird|move iciclespear
|
|move|p2a: Shellder|Icicle Spear|p1a: Vullaby
|-supereffective|p1a: Vullaby
|-damage|p1a: Vullaby|18\/24
|-supereffective|p1a: Vullaby
|-damage|p1a: Vullaby|12\/24
|-supereffective|p1a: Vullaby
|-damage|p1a: Vullaby|6\/24
|-supereffective|p1a: Vullaby
|-damage|p1a: Vullaby|0 fnt
|-hitcount|p1a: Vullaby|4
|faint|p1a: Vullaby
|
|j|Victinil
|choice|switch 3|
|
|switch|p1a: Diglett|Diglett, L5, M|18\/18
|turn|4
|c|★Marc Ice.gr|Diego
|l|Victinil
|j|DiegoP1907
|c| DiegoP1907|Si?
|c|★Marc Ice.gr|Se que eres Victinil
|c| DiegoP1907|Ajam?
|choice|move earthquake|move iciclespear
|
|move|p2a: Shellder|Icicle Spear|p1a: Diglett
|-supereffective|p1a: Diglett
|-damage|p1a: Diglett|2\/18
|-supereffective|p1a: Diglett
|-damage|p1a: Diglett|0 fnt
|-hitcount|p1a: Diglett|2
|faint|p1a: Diglett
|
|c| DiegoP1907|Y?
|choice|switch 6|
|
|switch|p1a: Tirtouga|Tirtouga, L5, F|21\/21
|turn|5
|c| DiegoP1907|Es que se me abre con esa cuenta cada vez que se me cae >.>
|c|★Marc Ice.gr|Nah por el cambio de cuenta
|choice|move earthquake|move rockblast
|
|move|p2a: Shellder|Rock Blast|p1a: Tirtouga
|-damage|p1a: Tirtouga|16\/21
|-damage|p1a: Tirtouga|11\/21
|-damage|p1a: Tirtouga|6\/21
|-enditem|p1a: Tirtouga|Berry Juice
|-heal|p1a: Tirtouga|21\/21|[from] item: Berry Juice
|-damage|p1a: Tirtouga|16\/21
|-damage|p1a: Tirtouga|10\/21
|-hitcount|p1a: Tirtouga|5
|move|p1a: Tirtouga|Earthquake|p2a: Shellder
|-damage|p2a: Shellder|7\/20
|
|turn|6
|c|★Marc Ice.gr|Berry Juice
|c|★Marc Ice.gr|Sad
|choice|move earthquake|move rockblast
|
|move|p2a: Shellder|Rock Blast|p1a: Tirtouga
|-crit|p1a: Tirtouga
|-damage|p1a: Tirtouga|1\/21
|-damage|p1a: Tirtouga|0 fnt
|-hitcount|p1a: Tirtouga|2
|faint|p1a: Tirtouga
|
|choice|switch 5|
|
|switch|p1a: Mienfoo|Mienfoo, L5, F|21\/21
|turn|7
|c|★Marc Ice.gr|Lugia quien pasa ñas replays?
|choice|move fakeout|move iciclespear
|
|move|p1a: Mienfoo|Fake Out|p2a: Shellder
|-damage|p2a: Shellder|3\/20
|cant|p2a: Shellder|flinch
|
|turn|8
|c|★Lugia^^El^^Shiny2|tu.
|c|★Marc Ice.gr|Pues no tengo la de la batalla ou lul, bueno pongo que ganaste ._.
|choice|switch 4|move iciclespear
|
|switch|p1a: Buizel|Buizel, L5, F|22\/22
|move|p2a: Shellder|Icicle Spear|p1a: Buizel
|-resisted|p1a: Buizel
|-crit|p1a: Buizel
|-damage|p1a: Buizel|19\/22
|-resisted|p1a: Buizel
|-damage|p1a: Buizel|17\/22
|-resisted|p1a: Buizel
|-crit|p1a: Buizel
|-damage|p1a: Buizel|14\/22
|-resisted|p1a: Buizel
|-damage|p1a: Buizel|12\/22
|-resisted|p1a: Buizel
|-damage|p1a: Buizel|10\/22
|-hitcount|p1a: Buizel|5
|
|turn|9
|choice|move aquajet|move iciclespear
|
|move|p1a: Buizel|Aqua Jet|p2a: Shellder
|-resisted|p2a: Shellder
|-damage|p2a: Shellder|0 fnt
|faint|p2a: Shellder
|
|c| DiegoP1907|cool shelder
|c| DiegoP1907|Ahora el digglet será focus sash xD
|c|★Marc Ice.gr|obv
|choice||switch 6
|
|switch|p2a: Mienfoo|Mienfoo, L5, F|21\/21
|turn|10
|choice|move aquajet|move uturn
|
|move|p1a: Buizel|Aqua Jet|p2a: Mienfoo
|-damage|p2a: Mienfoo|14\/21
|move|p2a: Mienfoo|U-turn|p1a: Buizel
|-damage|p1a: Buizel|4\/22
|c|★Lugia^^El^^Shiny2|\/me claps
|c| DiegoP1907|\/\/me too
|choice||switch 3
|
|switch|p2a: Pawniard|Pawniard, L5, F|21\/21
|
|turn|11
|choice|move aquajet|move knockoff
|
|move|p1a: Buizel|Aqua Jet|p2a: Pawniard
|-damage|p2a: Pawniard|17\/21
|move|p2a: Pawniard|Knock Off|p1a: Buizel
|-damage|p1a: Buizel|0 fnt
|-enditem|p1a: Buizel|Eviolite|[from] move: Knock Off|[of] p2a: Pawniard
|faint|p1a: Buizel
|
|choice|switch 4|
|
|switch|p1a: Mienfoo|Mienfoo, L5, F|21\/21
|turn|12
|c| DiegoP1907|SD y ez pls
|c| DiegoP1907|(?)
|choice|move drainpunch|switch 4
|
|switch|p2a: Spritzee|Spritzee, L5, M|27\/27
|move|p1a: Mienfoo|Drain Punch|p2a: Spritzee
|-resisted|p2a: Spritzee
|-damage|p2a: Spritzee|24\/27
|
|turn|13
|c|★Marc Ice.gr|Ya gane yiyi
|choice|switch 2|switch 2
|
|switch|p1a: Foongus|Foongus, L5, F|25\/25
|switch|p2a: Archen|Archen, L5, F|23\/23
|
|turn|14
|c| DiegoP1907|gg
|c|★Marc Ice.gr|G_G
|c|★Lugia^^El^^Shiny2|no win
|choice|move spore|move rockslide
|
|move|p2a: Archen|Rock Slide|p1a: Foongus
|-damage|p1a: Foongus|16\/25
|move|p1a: Foongus|Spore|p2a: Archen
|-status|p2a: Archen|slp
|
|turn|15
|choice|move hiddenpower|move acrobatics
|
|cant|p2a: Archen|slp
|move|p1a: Foongus|Hidden Power|p2a: Archen
|-damage|p2a: Archen|18\/23 slp
|
|turn|16
|choice|move gigadrain|move acrobatics
|
|-curestatus|p2a: Archen|slp|[msg]
|move|p2a: Archen|Acrobatics|p1a: Foongus
|-supereffective|p1a: Foongus
|-damage|p1a: Foongus|4\/25
|move|p1a: Foongus|Giga Drain|p2a: Archen
|-damage|p2a: Archen|8\/23
|-heal|p1a: Foongus|9\/25|[from] drain|[of] p2a: Archen
|-enditem|p2a: Archen|Berry Juice
|-heal|p2a: Archen|23\/23|[from] item: Berry Juice
|
|turn|17
|choice|move gigadrain|move acrobatics
|
|move|p2a: Archen|Acrobatics|p1a: Foongus
|-supereffective|p1a: Foongus
|-damage|p1a: Foongus|0 fnt
|faint|p1a: Foongus
|
|choice|switch 2|
|
|switch|p1a: Mienfoo|Mienfoo, L5, F|21\/21
|turn|18
|choice|move fakeout|move acrobatics
|
|move|p1a: Mienfoo|Fake Out|p2a: Archen
|-resisted|p2a: Archen
|-crit|p2a: Archen
|-damage|p2a: Archen|20\/23
|cant|p2a: Archen|flinch
|
|turn|19
|choice|move drainpunch|move acrobatics
|
|move|p2a: Archen|Acrobatics|p1a: Mienfoo
|-supereffective|p1a: Mienfoo
|-damage|p1a: Mienfoo|1\/21
|move|p1a: Mienfoo|Drain Punch|p2a: Archen
|-damage|p2a: Archen|8\/23
|-heal|p1a: Mienfoo|7\/21|[from] drain|[of] p2a: Archen
|
|turn|20
|choice|move drainpunch|move acrobatics
|
|move|p2a: Archen|Acrobatics|p1a: Mienfoo
|-supereffective|p1a: Mienfoo
|-damage|p1a: Mienfoo|0 fnt
|faint|p1a: Mienfoo
|
|win|Marc Ice.gr
|player|p1
|player|p2
|c|★Marc Ice.gr|oc
|c|★Lugia^^El^^Shiny2|2 tie
|c|★Lugia^^El^^Shiny2|oc.
|c|★Lugia^^El^^Shiny2|uu.
|l|Lugia^^El^^Shiny2</script>
</div>
<div class="battle-log battle-log-inline"><div class="inner"><div class="battle-options"></div><div class="inner"><div class="chat"><small>Lugia^^El^^Shiny2 joined.</small></div><div class="chat"><small>Marc Ice.gr joined.</small></div><div class=""><small>Format:</small> <br><strong>LC</strong></div><div class=""><small><em>Sleep Clause Mod:</em> Limit one foe put to sleep</small></div><div class=""><small><em>Species Clause:</em> Limit one of each Pokémon</small></div><div class=""><small><em>OHKO Clause:</em> OHKO moves are banned</small></div><div class=""><small><em>Moody Clause:</em> Moody is banned</small></div><div class=""><small><em>Evasion Moves Clause:</em> Evasion moves are banned</small></div><div class=""><small><em>Endless Battle Clause:</em> Forcing endless battles is banned</small></div><div class=""><small><em>HP Percentage Mod:</em> HP is shown in percentages</small></div><div class="chat battle-history"><strong>Lugia^^El^^Shiny2's team:</strong> <em style="color:#445566;display:block;">Tirtouga / Foongus / Diglett / Vullaby / Mienfoo / Buizel</em></div><div class="chat battle-history"><strong>Marc Ice.gr's team:</strong> <em style="color:#445566;display:block;">Diglett / Archen / Pawniard / Spritzee / Shellder / Mienfoo</em></div><div class="chat chatmessage-lugiaelshiny2"><strong style="color:hsl(220,63%,49.17287900768274%)"><small>★</small><span class="username" data-name="Lugia^^El^^Shiny2">Lugia^^El^^Shiny2</span>:</strong> <em>gl</em></div><div class="chat chatmessage-marcicegr"><strong style="color:hsl(356,76%,42%)"><small>★</small><span class="username" data-name="Marc Ice.gr">Marc Ice.gr</span>:</strong> <em>Gl jf</em></div><div class="spacer battle-history"><br></div><div class="battle-history">Battle started between Lugia^^El^^Shiny2 and Marc Ice.gr!<br></div><div class="spacer battle-history"><br></div><div class="battle-history">Go! <strong>Buizel</strong>!<br></div><div class="spacer battle-history"><br></div><div class="battle-history">Marc Ice.gr sent out <strong>Diglett</strong>!<br></div><div class="spacer battle-history"><br></div><h2 class="battle-history">Turn 1</h2><div class="spacer battle-history"><br></div><div class="battle-history">Marc Ice.gr withdrew Diglett!<br></div><div class="battle-history">Marc Ice.gr sent out <strong>Shellder</strong>!<br></div><div class="spacer battle-history"><br></div><div class="battle-history">Buizel used <strong>Waterfall</strong>!<br></div><div class="battle-history"><small>It's not very effective...</small><br></div><div class="battle-history"><small>(The opposing Shellder lost <abbr title="−3/20">15%</abbr> of its health!)</small><br></div><div class="spacer battle-history"><br></div><h2 class="battle-history">Turn 2</h2><div class="chat"><small>DiegoP1907 joined.</small></div><div class="chat chatmessage-diegop1907"><strong style="color:hsl(21,75%,47%)"><small> </small><span class="username" data-name="DiegoP1907">DiegoP1907</span>:</strong> <em>gl hf for both x2</em></div><div class="spacer battle-history"><br></div><div class="battle-history">Buizel, come back!<br></div><div class="battle-history">Go! <strong>Vullaby</strong>!<br></div><div class="spacer battle-history"><br></div><div class="battle-history">The opposing Shellder used <strong>Shell Smash</strong>!<br></div><div class="battle-history"><small>The opposing Shellder's Defense fell!</small><br></div><div class="battle-history"><small>The opposing Shellder's Special Defense fell!</small><br></div><div class="battle-history"><small>The opposing Shellder's Attack rose sharply!</small><br></div><div class="battle-history"><small>The opposing Shellder's Special Attack rose sharply!</small><br></div><div class="battle-history"><small>The opposing Shellder's Speed rose sharply!</small><br></div><div class="spacer battle-history"><br></div><h2 class="battle-history">Turn 3</h2><div class="chat"><small>DiegoP1907 left.</small></div><div class="spacer battle-history"><br></div><div class="battle-history">The opposing Shellder used <strong>Icicle Spear</strong>!<br></div><div class="battle-history"><small>It's super effective!</small><br></div><div class="battle-history"><small>(Vullaby lost <abbr title="−6/24">25%</abbr> of its health!)</small><br></div><div class="battle-history"><small>It's super effective!</small><br></div><div class="battle-history"><small>(Vullaby lost <abbr title="−6/24">25%</abbr> of its health!)</small><br></div><div class="battle-history"><small>It's super effective!</small><br></div><div class="battle-history"><small>(Vullaby lost <abbr title="−6/24">25%</abbr> of its health!)</small><br></div><div class="battle-history"><small>It's super effective!</small><br></div><div class="battle-history"><small>(Vullaby lost <abbr title="−6/24">25%</abbr> of its health!)</small><br></div><div class="battle-history"><small>Hit 4 times!</small><br></div><div class="spacer battle-history"><br></div><div class="battle-history">Vullaby fainted!<br></div><div class="chat"><small>Victinil joined.</small></div><div class="spacer battle-history"><br></div><div class="battle-history">Go! <strong>Diglett</strong>!<br></div><div class="spacer battle-history"><br></div><h2 class="battle-history">Turn 4</h2><div class="chat chatmessage-marcicegr"><strong style="color:hsl(356,76%,42%)"><small>★</small><span class="username" data-name="Marc Ice.gr">Marc Ice.gr</span>:</strong> <em>Diego</em></div><div class="chat"><small>Victinil left.</small></div><div class="chat"><small>DiegoP1907 joined.</small></div><div class="chat chatmessage-diegop1907"><strong style="color:hsl(21,75%,47%)"><small> </small><span class="username" data-name="DiegoP1907">DiegoP1907</span>:</strong> <em>Si?</em></div><div class="chat chatmessage-marcicegr"><strong style="color:hsl(356,76%,42%)"><small>★</small><span class="username" data-name="Marc Ice.gr">Marc Ice.gr</span>:</strong> <em>Se que eres Victinil</em></div><div class="chat chatmessage-diegop1907"><strong style="color:hsl(21,75%,47%)"><small> </small><span class="username" data-name="DiegoP1907">DiegoP1907</span>:</strong> <em>Ajam?</em></div><div class="spacer battle-history"><br></div><div class="battle-history">The opposing Shellder used <strong>Icicle Spear</strong>!<br></div><div class="battle-history"><small>It's super effective!</small><br></div><div class="battle-history"><small>(Diglett lost <abbr title="−16/18">88.9%</abbr> of its health!)</small><br></div><div class="battle-history"><small>It's super effective!</small><br></div><div class="battle-history"><small>(Diglett lost <abbr title="−2/18">11.1%</abbr> of its health!)</small><br></div><div class="battle-history"><small>Hit 2 times!</small><br></div><div class="spacer battle-history"><br></div><div class="battle-history">Diglett fainted!<br></div><div class="chat chatmessage-diegop1907"><strong style="color:hsl(21,75%,47%)"><small> </small><span class="username" data-name="DiegoP1907">DiegoP1907</span>:</strong> <em>Y?</em></div><div class="spacer battle-history"><br></div><div class="battle-history">Go! <strong>Tirtouga</strong>!<br></div><div class="spacer battle-history"><br></div><h2 class="battle-history">Turn 5</h2><div class="chat chatmessage-diegop1907"><strong style="color:hsl(21,75%,47%)"><small> </small><span class="username" data-name="DiegoP1907">DiegoP1907</span>:</strong> <em>Es que se me abre con esa cuenta cada vez que se me cae &gt;.&gt;</em></div><div class="chat chatmessage-marcicegr"><strong style="color:hsl(356,76%,42%)"><small>★</small><span class="username" data-name="Marc Ice.gr">Marc Ice.gr</span>:</strong> <em>Nah por el cambio de cuenta</em></div><div class="spacer battle-history"><br></div><div class="battle-history">The opposing Shellder used <strong>Rock Blast</strong>!<br></div><div class="battle-history"><small>(Tirtouga lost <abbr title="−5/21">23.8%</abbr> of its health!)</small><br></div><div class="battle-history"><small>(Tirtouga lost <abbr title="−5/21">23.8%</abbr> of its health!)</small><br></div><div class="battle-history"><small>(Tirtouga lost <abbr title="−5/21">23.8%</abbr> of its health!)</small><br></div><div class="battle-history"><small>(Tirtouga used its Berry Juice!)</small><br></div><div class="battle-history"><small>Tirtouga restored HP using its Berry Juice!</small><br></div><div class="battle-history"><small>(Tirtouga lost <abbr title="−5/21">23.8%</abbr> of its health!)</small><br></div><div class="battle-history"><small>(Tirtouga lost <abbr title="−6/21">28.6%</abbr> of its health!)</small><br></div><div class="battle-history"><small>Hit 5 times!</small><br></div><div class="spacer battle-history"><br></div><div class="battle-history">Tirtouga used <strong>Earthquake</strong>!<br></div><div class="battle-history"><small>(The opposing Shellder lost <abbr title="−10/20">50%</abbr> of its health!)</small><br></div><div class="spacer battle-history"><br></div><h2 class="battle-history">Turn 6</h2><div class="chat chatmessage-marcicegr"><strong style="color:hsl(356,76%,42%)"><small>★</small><span class="username" data-name="Marc Ice.gr">Marc Ice.gr</span>:</strong> <em>Berry Juice</em></div><div class="chat chatmessage-marcicegr"><strong style="color:hsl(356,76%,42%)"><small>★</small><span class="username" data-name="Marc Ice.gr">Marc Ice.gr</span>:</strong> <em>Sad</em></div><div class="spacer battle-history"><br></div><div class="battle-history">The opposing Shellder used <strong>Rock Blast</strong>!<br></div><div class="battle-history"><small>A critical hit!</small><br></div><div class="battle-history"><small>(Tirtouga lost <abbr title="−9/21">42.9%</abbr> of its health!)</small><br></div><div class="battle-history"><small>(Tirtouga lost <abbr title="−1/21">4.8%</abbr> of its health!)</small><br></div><div class="battle-history"><small>Hit 2 times!</small><br></div><div class="spacer battle-history"><br></div><div class="battle-history">Tirtouga fainted!<br></div><div class="spacer battle-history"><br></div><div class="battle-history">Go! <strong>Mienfoo</strong>!<br></div><div class="spacer battle-history"><br></div><h2 class="battle-history">Turn 7</h2><div class="chat chatmessage-marcicegr"><strong style="color:hsl(356,76%,42%)"><small>★</small><span class="username" data-name="Marc Ice.gr">Marc Ice.gr</span>:</strong> <em>Lugia quien pasa ñas replays?</em></div><div class="spacer battle-history"><br></div><div class="battle-history">Mienfoo used <strong>Fake Out</strong>!<br></div><div class="battle-history"><small>(The opposing Shellder lost <abbr title="−4/20">20%</abbr> of its health!)</small><br></div><div class="spacer battle-history"><br></div><div class="battle-history">The opposing Shellder flinched and couldn't move!<br></div><div class="spacer battle-history"><br></div><h2 class="battle-history">Turn 8</h2><div class="chat chatmessage-lugiaelshiny2"><strong style="color:hsl(220,63%,49.17287900768274%)"><small>★</small><span class="username" data-name="Lugia^^El^^Shiny2">Lugia^^El^^Shiny2</span>:</strong> <em>tu.</em></div><div class="chat chatmessage-marcicegr"><strong style="color:hsl(356,76%,42%)"><small>★</small><span class="username" data-name="Marc Ice.gr">Marc Ice.gr</span>:</strong> <em>Pues no tengo la de la batalla ou lul, bueno pongo que ganaste ._.</em></div><div class="spacer battle-history"><br></div><div class="battle-history">Mienfoo, come back!<br></div><div class="battle-history">Go! <strong>Buizel</strong>!<br></div><div class="spacer battle-history"><br></div><div class="battle-history">The opposing Shellder used <strong>Icicle Spear</strong>!<br></div><div class="battle-history"><small>It's not very effective...</small><br></div><div class="battle-history"><small>A critical hit!</small><br></div><div class="battle-history"><small>(Buizel lost <abbr title="−3/22">13.6%</abbr> of its health!)</small><br></div><div class="battle-history"><small>It's not very effective...</small><br></div><div class="battle-history"><small>(Buizel lost <abbr title="−2/22">9.1%</abbr> of its health!)</small><br></div><div class="battle-history"><small>It's not very effective...</small><br></div><div class="battle-history"><small>A critical hit!</small><br></div><div class="battle-history"><small>(Buizel lost <abbr title="−3/22">13.6%</abbr> of its health!)</small><br></div><div class="battle-history"><small>It's not very effective...</small><br></div><div class="battle-history"><small>(Buizel lost <abbr title="−2/22">9.1%</abbr> of its health!)</small><br></div><div class="battle-history"><small>It's not very effective...</small><br></div><div class="battle-history"><small>(Buizel lost <abbr title="−2/22">9.1%</abbr> of its health!)</small><br></div><div class="battle-history"><small>Hit 5 times!</small><br></div><div class="spacer battle-history"><br></div><h2 class="battle-history">Turn 9</h2><div class="spacer battle-history"><br></div><div class="battle-history">Buizel used <strong>Aqua Jet</strong>!<br></div><div class="battle-history"><small>It's not very effective...</small><br></div><div class="battle-history"><small>(The opposing Shellder lost <abbr title="−3/20">15%</abbr> of its health!)</small><br></div><div class="spacer battle-history"><br></div><div class="battle-history">The opposing Shellder fainted!<br></div><div class="chat chatmessage-diegop1907"><strong style="color:hsl(21,75%,47%)"><small> </small><span class="username" data-name="DiegoP1907">DiegoP1907</span>:</strong> <em>cool shelder</em></div><div class="chat chatmessage-diegop1907"><strong style="color:hsl(21,75%,47%)"><small> </small><span class="username" data-name="DiegoP1907">DiegoP1907</span>:</strong> <em>Ahora el digglet será focus sash xD</em></div><div class="chat chatmessage-marcicegr"><strong style="color:hsl(356,76%,42%)"><small>★</small><span class="username" data-name="Marc Ice.gr">Marc Ice.gr</span>:</strong> <em>obv</em></div><div class="spacer battle-history"><br></div><div class="battle-history">Marc Ice.gr sent out <strong>Mienfoo</strong>!<br></div><div class="spacer battle-history"><br></div><h2 class="battle-history">Turn 10</h2><div class="spacer battle-history"><br></div><div class="battle-history">Buizel used <strong>Aqua Jet</strong>!<br></div><div class="battle-history"><small>(The opposing Mienfoo lost <abbr title="−7/21">33.3%</abbr> of its health!)</small><br></div><div class="spacer battle-history"><br></div><div class="battle-history">The opposing Mienfoo used <strong>U-turn</strong>!<br></div><div class="battle-history"><small>(Buizel lost <abbr title="−6/22">27.3%</abbr> of its health!)</small><br></div><div class="chat chatmessage-lugiaelshiny2"><em><i><strong style="color:hsl(220,63%,49.17287900768274%)">• <small>★</small><span class="username" data-name="Lugia^^El^^Shiny2">Lugia^^El^^Shiny2</span></strong> claps</i></em></div><div class="chat chatmessage-diegop1907"><strong style="color:hsl(21,75%,47%)"><small> </small><span class="username" data-name="DiegoP1907">DiegoP1907</span>:</strong> <em>/me too</em></div><div class="spacer battle-history"><br></div><div class="battle-history">The opposing Mienfoo went back to Marc Ice.gr!<br></div><div class="battle-history">Marc Ice.gr sent out <strong>Pawniard</strong>!<br></div><div class="spacer battle-history"><br></div><h2 class="battle-history">Turn 11</h2><div class="spacer battle-history"><br></div><div class="battle-history">Buizel used <strong>Aqua Jet</strong>!<br></div><div class="battle-history"><small>(The opposing Pawniard lost <abbr title="−4/21">19.0%</abbr> of its health!)</small><br></div><div class="spacer battle-history"><br></div><div class="battle-history">The opposing Pawniard used <strong>Knock Off</strong>!<br></div><div class="battle-history"><small>(Buizel lost <abbr title="−4/22">18.2%</abbr> of its health!)</small><br></div><div class="battle-history"><small>The opposing Pawniard knocked off Buizel's Eviolite!</small><br></div><div class="spacer battle-history"><br></div><div class="battle-history">Buizel fainted!<br></div><div class="spacer battle-history"><br></div><div class="battle-history">Go! <strong>Mienfoo</strong>!<br></div><div class="spacer battle-history"><br></div><h2 class="battle-history">Turn 12</h2><div class="chat chatmessage-diegop1907"><strong style="color:hsl(21,75%,47%)"><small> </small><span class="username" data-name="DiegoP1907">DiegoP1907</span>:</strong> <em>SD y ez pls</em></div><div class="chat chatmessage-diegop1907"><strong style="color:hsl(21,75%,47%)"><small> </small><span class="username" data-name="DiegoP1907">DiegoP1907</span>:</strong> <em>(?)</em></div><div class="spacer battle-history"><br></div><div class="battle-history">Marc Ice.gr withdrew Pawniard!<br></div><div class="battle-history">Marc Ice.gr sent out <strong>Spritzee</strong>!<br></div><div class="spacer battle-history"><br></div><div class="battle-history">Mienfoo used <strong>Drain Punch</strong>!<br></div><div class="battle-history"><small>It's not very effective...</small><br></div><div class="battle-history"><small>(The opposing Spritzee lost <abbr title="−3/27">11.1%</abbr> of its health!)</small><br></div><div class="spacer battle-history"><br></div><h2 class="battle-history">Turn 13</h2><div class="chat chatmessage-marcicegr"><strong style="color:hsl(356,76%,42%)"><small>★</small><span class="username" data-name="Marc Ice.gr">Marc Ice.gr</span>:</strong> <em>Ya gane yiyi</em></div><div class="spacer battle-history"><br></div><div class="battle-history">Mienfoo, come back!<br></div><div class="battle-history">Go! <strong>Foongus</strong>!<br></div><div class="spacer battle-history"><br></div><div class="battle-history">Marc Ice.gr withdrew Spritzee!<br></div><div class="battle-history">Marc Ice.gr sent out <strong>Archen</strong>!<br></div><div class="spacer battle-history"><br></div><h2 class="battle-history">Turn 14</h2><div class="chat chatmessage-diegop1907"><strong style="color:hsl(21,75%,47%)"><small> </small><span class="username" data-name="DiegoP1907">DiegoP1907</span>:</strong> <em>gg</em></div><div class="chat chatmessage-marcicegr"><strong style="color:hsl(356,76%,42%)"><small>★</small><span class="username" data-name="Marc Ice.gr">Marc Ice.gr</span>:</strong> <em>G_G</em></div><div class="chat chatmessage-lugiaelshiny2"><strong style="color:hsl(220,63%,49.17287900768274%)"><small>★</small><span class="username" data-name="Lugia^^El^^Shiny2">Lugia^^El^^Shiny2</span>:</strong> <em>no win</em></div><div class="spacer battle-history"><br></div><div class="battle-history">The opposing Archen used <strong>Rock Slide</strong>!<br></div><div class="battle-history"><small>(Foongus lost <abbr title="−9/25">36%</abbr> of its health!)</small><br></div><div class="spacer battle-history"><br></div><div class="battle-history">Foongus used <strong>Spore</strong>!<br></div><div class="battle-history"><small>The opposing Archen fell asleep!</small><br></div><div class="spacer battle-history"><br></div><h2 class="battle-history">Turn 15</h2><div class="spacer battle-history"><br></div><div class="battle-history">The opposing Archen is fast asleep.<br></div><div class="spacer battle-history"><br></div><div class="battle-history">Foongus used <strong>Hidden Power</strong>!<br></div><div class="battle-history"><small>(The opposing Archen lost <abbr title="−5/23">21.7%</abbr> of its health!)</small><br></div><div class="spacer battle-history"><br></div><h2 class="battle-history">Turn 16</h2><div class="spacer battle-history"><br></div><div class="battle-history"><small>The opposing Archen woke up!</small><br></div><div class="spacer battle-history"><br></div><div class="battle-history">The opposing Archen used <strong>Acrobatics</strong>!<br></div><div class="battle-history"><small>It's super effective!</small><br></div><div class="battle-history"><small>(Foongus lost <abbr title="−12/25">48%</abbr> of its health!)</small><br></div><div class="spacer battle-history"><br></div><div class="battle-history">Foongus used <strong>Giga Drain</strong>!<br></div><div class="battle-history"><small>(The opposing Archen lost <abbr title="−10/23">43.5%</abbr> of its health!)</small><br></div><div class="battle-history"><small>The opposing Archen had its energy drained!</small><br></div><div class="battle-history"><small>(The opposing Archen used its Berry Juice!)</small><br></div><div class="battle-history"><small>The opposing Archen restored HP using its Berry Juice!</small><br></div><div class="spacer battle-history"><br></div><h2 class="battle-history">Turn 17</h2><div class="spacer battle-history"><br></div><div class="battle-history">The opposing Archen used <strong>Acrobatics</strong>!<br></div><div class="battle-history"><small>It's super effective!</small><br></div><div class="battle-history"><small>(Foongus lost <abbr title="−9/25">36%</abbr> of its health!)</small><br></div><div class="spacer battle-history"><br></div><div class="battle-history">Foongus fainted!<br></div><div class="spacer battle-history"><br></div><div class="battle-history">Go! <strong>Mienfoo</strong>!<br></div><div class="spacer battle-history"><br></div><h2 class="battle-history">Turn 18</h2><div class="spacer battle-history"><br></div><div class="battle-history">Mienfoo used <strong>Fake Out</strong>!<br></div><div class="battle-history"><small>It's not very effective...</small><br></div><div class="battle-history"><small>A critical hit!</small><br></div><div class="battle-history"><small>(The opposing Archen lost <abbr title="−3/23">13.0%</abbr> of its health!)</small><br></div><div class="spacer battle-history"><br></div><div class="battle-history">The opposing Archen flinched and couldn't move!<br></div><div class="spacer battle-history"><br></div><h2 class="battle-history">Turn 19</h2><div class="spacer battle-history"><br></div><div class="battle-history">The opposing Archen used <strong>Acrobatics</strong>!<br></div><div class="battle-history"><small>It's super effective!</small><br></div><div class="battle-history"><small>(Mienfoo lost <abbr title="−20/21">95.2%</abbr> of its health!)</small><br></div><div class="spacer battle-history"><br></div><div class="battle-history">Mienfoo used <strong>Drain Punch</strong>!<br></div><div class="battle-history"><small>(The opposing Archen lost <abbr title="−12/23">52.2%</abbr> of its health!)</small><br></div><div class="battle-history"><small>The opposing Archen had its energy drained!</small><br></div><div class="spacer battle-history"><br></div><h2 class="battle-history">Turn 20</h2><div class="spacer battle-history"><br></div><div class="battle-history">The opposing Archen used <strong>Acrobatics</strong>!<br></div><div class="battle-history"><small>It's super effective!</small><br></div><div class="battle-history"><small>(Mienfoo lost <abbr title="−7/21">33.3%</abbr> of its health!)</small><br></div><div class="spacer battle-history"><br></div><div class="battle-history">Mienfoo fainted!<br></div><div class="spacer battle-history"><br></div><div class="battle-history"><strong>Marc Ice.gr</strong> won the battle!<br></div><div class="chat chatmessage-marcicegr"><strong style="color:hsl(356,76%,42%)"><small>★</small><span class="username" data-name="Marc Ice.gr">Marc Ice.gr</span>:</strong> <em>oc</em></div><div class="chat chatmessage-lugiaelshiny2"><strong style="color:hsl(220,63%,49.17287900768274%)"><small>★</small><span class="username" data-name="Lugia^^El^^Shiny2">Lugia^^El^^Shiny2</span>:</strong> <em>2 tie</em></div><div class="chat chatmessage-lugiaelshiny2"><strong style="color:hsl(220,63%,49.17287900768274%)"><small>★</small><span class="username" data-name="Lugia^^El^^Shiny2">Lugia^^El^^Shiny2</span>:</strong> <em>oc.</em></div><div class="chat chatmessage-lugiaelshiny2"><strong style="color:hsl(220,63%,49.17287900768274%)"><small>★</small><span class="username" data-name="Lugia^^El^^Shiny2">Lugia^^El^^Shiny2</span>:</strong> <em>uu.</em></div><div class="chat"><small>Lugia^^El^^Shiny2 left.</small></div></div><div class="inner-preempt"></div></div></div>
</div>
<script>
let daily = Math.floor(Date.now()/1000/60/60/24);document.write('<script src="https://play.pokemonshowdown.com/js/replay-embed.js?version'+daily+'"></'+'script>');
</script>
