<!DOCTYPE html>
<meta charset="utf-8" />
<!-- version 1 -->
<title>LC replay: MetalFire420 vs. rampage1234</title>
<style>
html,body {font-family:Verdana, sans-serif;font-size:10pt;margin:0;padding:0;}body{padding:12px 0;} .battle-log {font-family:Verdana, sans-serif;font-size:10pt;} .battle-log-inline {border:1px solid #AAAAAA;background:#EEF2F5;color:black;max-width:640px;margin:0 auto 80px;padding-bottom:5px;} .battle-log .inner {padding:4px 8px 0px 8px;} .battle-log .inner-preempt {padding:0 8px 4px 8px;} .battle-log .inner-after {margin-top:0.5em;} .battle-log h2 {margin:0.5em -8px;padding:4px 8px;border:1px solid #AAAAAA;background:#E0E7EA;border-left:0;border-right:0;font-family:Verdana, sans-serif;font-size:13pt;} .battle-log .chat {vertical-align:middle;padding:3px 0 3px 0;font-size:8pt;} .battle-log .chat strong {color:#40576A;} .battle-log .chat em {padding:1px 4px 1px 3px;color:#000000;font-style:normal;} .chat.mine {background:rgba(0,0,0,0.05);margin-left:-8px;margin-right:-8px;padding-left:8px;padding-right:8px;} .spoiler {color:#BBBBBB;background:#BBBBBB;padding:0px 3px;} .spoiler:hover, .spoiler:active, .spoiler-shown {color:#000000;background:#E2E2E2;padding:0px 3px;} .spoiler a {color:#BBBBBB;} .spoiler:hover a, .spoiler:active a, .spoiler-shown a {color:#2288CC;} .chat code, .chat .spoiler:hover code, .chat .spoiler:active code, .chat .spoiler-shown code {border:1px solid #C0C0C0;background:#EEEEEE;color:black;padding:0 2px;} .chat .spoiler code {border:1px solid #CCCCCC;background:#CCCCCC;color:#CCCCCC;} .battle-log .rated {padding:3px 4px;} .battle-log .rated strong {color:white;background:#89A;padding:1px 4px;border-radius:4px;} .spacer {margin-top:0.5em;} .message-announce {background:#6688AA;color:white;padding:1px 4px 2px;} .message-announce a, .broadcast-green a, .broadcast-blue a, .broadcast-red a {color:#DDEEFF;} .broadcast-green {background-color:#559955;color:white;padding:2px 4px;} .broadcast-blue {background-color:#6688AA;color:white;padding:2px 4px;} .infobox {border:1px solid #6688AA;padding:2px 4px;} .infobox-limited {max-height:200px;overflow:auto;overflow-x:hidden;} .broadcast-red {background-color:#AA5544;color:white;padding:2px 4px;} .message-learn-canlearn {font-weight:bold;color:#228822;text-decoration:underline;} .message-learn-cannotlearn {font-weight:bold;color:#CC2222;text-decoration:underline;} .message-effect-weak {font-weight:bold;color:#CC2222;} .message-effect-resist {font-weight:bold;color:#6688AA;} .message-effect-immune {font-weight:bold;color:#666666;} .message-learn-list {margin-top:0;margin-bottom:0;} .message-throttle-notice, .message-error {color:#992222;} .message-overflow, .chat small.message-overflow {font-size:0pt;} .message-overflow::before {font-size:9pt;content:'...';} .subtle {color:#3A4A66;}
</style>
<div class="wrapper replay-wrapper" style="max-width:1180px;margin:0 auto">
<input type="hidden" name="replayid" value="lc-489630038" />
<div class="battle"></div><div class="battle-log"></div><div class="replay-controls"></div><div class="replay-controls-2"></div>
<h1 style="font-weight:normal;text-align:center"><strong>LC</strong><br /><a href="http://pokemonshowdown.com/users/metalfire420" class="subtle" target="_blank">MetalFire420</a> vs. <a href="http://pokemonshowdown.com/users/rampage1234" class="subtle" target="_blank">rampage1234</a></h1>
<script type="text/plain" class="battle-log-data">|j|MetalFire420
|j|rampage1234
|player|p1|MetalFire420|70
|player|p2|rampage1234|169
|gametype|singles
|gen|6
|tier|LC
|seed|56602,47890,25157,36236
|clearpoke
|poke|p1|Geodude, L5, M|item
|poke|p1|Ponyta, L5, M|item
|poke|p1|Voltorb, L5|item
|poke|p1|Mankey, L5, F|item
|poke|p1|Trubbish, L5, M|item
|poke|p1|Shinx, L5, M|item
|poke|p2|Magby, L5, M|item
|poke|p2|Ekans, L5, M|item
|poke|p2|Larvesta, L5, M|item
|poke|p2|Vullaby, L5, F|item
|poke|p2|Surskit, L5, F|item
|poke|p2|Larvitar, L5, F|item
|rule|Sleep Clause Mod: Limit one foe put to sleep
|rule|Species Clause: Limit one of each Pokémon
|rule|OHKO Clause: OHKO moves are banned
|rule|Moody Clause: Moody is banned
|rule|Evasion Moves Clause: Evasion moves are banned
|rule|Endless Battle Clause: Forcing endless battles is banned
|rule|HP Percentage Mod: HP is shown in percentages
|teampreview
|choice|team 1, team 2, team 3, team 4, team 5, team 6|team 5, team 2, team 3, team 4, team 1, team 6
|
|start
|switch|p1a: Geodude|Geodude, L5, M|20\/20
|switch|p2a: Surskit|Surskit, L5, F|21\/21
|turn|1
|choice|move selfdestruct|move stickyweb
|
|move|p2a: Surskit|Sticky Web|p1a: Geodude
|-sidestart|p1: MetalFire420|move: Sticky Web
|move|p1a: Geodude|Self-Destruct|p2a: Surskit
|-enditem|p2a: Surskit|Focus Sash
|-damage|p2a: Surskit|1\/21
|faint|p1a: Geodude
|
|choice|switch 6|
|
|switch|p1a: Shinx|Shinx, L5, M|21\/21
|-activate|p1a: Shinx|move: Sticky Web
|-unboost|p1a: Shinx|spe|1
|turn|2
|choice|move nightslash|switch 6
|
|switch|p2a: Larvitar|Larvitar, L5, F|21\/21
|move|p1a: Shinx|Night Slash|p2a: Larvitar
|-damage|p2a: Larvitar|13\/21
|
|-status|p2a: Larvitar|brn|[from] item: Flame Orb
|turn|3
|choice|switch 3|move rockslide
|
|switch|p1a: Voltorb|Voltorb, L5|20\/20
|-item|p1a: Voltorb|Air Balloon
|move|p2a: Larvitar|Rock Slide|p1a: Voltorb
|-damage|p1a: Voltorb|0 fnt
|-enditem|p1a: Voltorb|Air Balloon
|faint|p1a: Voltorb
|
|-damage|p2a: Larvitar|11\/21 brn|[from] brn
|choice|switch 4|
|
|switch|p1a: Mankey|Mankey, L5, F|20\/20
|-activate|p1a: Mankey|move: Sticky Web
|-unboost|p1a: Mankey|spe|1
|turn|4
|choice|move closecombat|switch 4
|
|switch|p2a: Vullaby|Vullaby, L5, F|26\/26
|move|p1a: Mankey|Close Combat|p2a: Vullaby
|-damage|p2a: Vullaby|14\/26
|-unboost|p1a: Mankey|def|1
|-unboost|p1a: Mankey|spd|1
|
|turn|5
|choice|move thunderpunch|move uturn
|
|move|p2a: Vullaby|U-turn|p1a: Mankey
|-resisted|p1a: Mankey
|-damage|p1a: Mankey|14\/20
|choice||switch 5
|
|switch|p2a: Magby|Magby, L5, M|21\/21
|move|p1a: Mankey|Thunder Punch|p2a: Magby
|-damage|p2a: Magby|11\/21
|
|turn|6
|choice|move earthquake|move firepunch
|
|move|p2a: Magby|Fire Punch|p1a: Mankey
|-crit|p1a: Mankey
|-damage|p1a: Mankey|0 fnt
|faint|p1a: Mankey
|
|choice|switch 5|
|
|switch|p1a: Your waifu|Trubbish, L5, M|21\/21
|-activate|p1a: Your waifu|move: Sticky Web
|-unboost|p1a: Your waifu|spe|1
|turn|7
|choice|move sludgebomb|move firepunch
|
|move|p2a: Magby|Fire Punch|p1a: Your waifu
|-damage|p1a: Your waifu|9\/21
|-status|p1a: Your waifu|brn
|move|p1a: Your waifu|Sludge Bomb|p2a: Magby
|-damage|p2a: Magby|0 fnt
|faint|p2a: Magby
|
|-heal|p1a: Your waifu|10\/21 brn|[from] item: Leftovers
|-damage|p1a: Your waifu|8\/21 brn|[from] brn
|choice||switch 3
|
|switch|p2a: Larvesta|Larvesta, L5, M|23\/23
|turn|8
|choice|move painsplit|move facade
|
|move|p2a: Larvesta|Facade|p1a: Your waifu
|-damage|p1a: Your waifu|1\/21 brn
|move|p1a: Your waifu|Pain Split|p2a: Larvesta
|-sethp|p2a: Larvesta|12\/23|p1a: Your waifu|12\/21 brn|[from] move: Pain Split
|
|-heal|p1a: Your waifu|13\/21 brn|[from] item: Leftovers
|-damage|p1a: Your waifu|11\/21 brn|[from] brn
|turn|9
|choice|move darkpulse|move uturn
|
|move|p2a: Larvesta|U-turn|p1a: Your waifu
|-resisted|p1a: Your waifu
|-damage|p1a: Your waifu|6\/21 brn
|choice||switch 4
|
|switch|p2a: Larvitar|Larvitar, L5, F|11\/21 brn
|move|p1a: Your waifu|Dark Pulse|p2a: Larvitar
|-damage|p2a: Larvitar|3\/21 brn
|
|-heal|p1a: Your waifu|7\/21 brn|[from] item: Leftovers
|-damage|p2a: Larvitar|1\/21 brn|[from] brn
|-damage|p1a: Your waifu|5\/21 brn|[from] brn
|turn|10
|choice|move gigadrain|move rockslide
|
|move|p2a: Larvitar|Rock Slide|p1a: Your waifu
|-damage|p1a: Your waifu|0 fnt
|faint|p1a: Your waifu
|
|-damage|p2a: Larvitar|0 fnt|[from] brn
|faint|p2a: Larvitar
|choice|switch 3|switch 5
|
|switch|p2a: Vullaby|Vullaby, L5, F|14\/26
|switch|p1a: Shinx|Shinx, L5, M|21\/21
|-activate|p1a: Shinx|move: Sticky Web
|-unboost|p1a: Shinx|spe|1
|turn|11
|choice|move icefang|move uturn
|
|move|p2a: Vullaby|U-turn|p1a: Shinx
|-damage|p1a: Shinx|14\/21
|choice||switch 2
|
|switch|p2a: Ekans|Ekans, L5, M|22\/22
|-ability|p2a: Ekans|Intimidate|boost
|-unboost|p1a: Shinx|atk|1
|move|p1a: Shinx|Ice Fang|p2a: Ekans
|-damage|p2a: Ekans|17\/22
|-status|p2a: Ekans|frz
|
|-heal|p2a: Ekans|18\/22 frz|[from] item: Leftovers
|turn|12
|choice|move nightslash|move gunkshot
|
|-curestatus|p2a: Ekans|frz|[msg]
|move|p2a: Ekans|Gunk Shot|p1a: Shinx
|-damage|p1a: Shinx|0 fnt
|faint|p1a: Shinx
|
|-heal|p2a: Ekans|19\/22|[from] item: Leftovers
|choice|switch 2|
|
|switch|p1a: Ponyta|Ponyta, L5, M|21\/21
|-activate|p1a: Ponyta|move: Sticky Web
|-unboost|p1a: Ponyta|spe|1
|turn|13
|choice|move wildcharge|move glare
|
|move|p2a: Ekans|Glare|p1a: Ponyta
|-status|p1a: Ponyta|par
|move|p1a: Ponyta|Wild Charge|p2a: Ekans
|-damage|p2a: Ekans|5\/22
|-damage|p1a: Ponyta|17\/21 par|[from] recoil|[of] p2a: Ekans
|-damage|p1a: Ponyta|15\/21 par|[from] item: Life Orb
|
|-heal|p2a: Ekans|6\/22|[from] item: Leftovers
|turn|14
|choice|move wildcharge|move gunkshot
|
|move|p2a: Ekans|Gunk Shot|p1a: Ponyta
|-damage|p1a: Ponyta|0 fnt
|faint|p1a: Ponyta
|
|win|rampage1234
|player|p1
|player|p2</script>
</div>
<div class="battle-log battle-log-inline"><div class="inner"><div class="battle-options"></div><div class="inner"><div class="chat"><small>MetalFire420 joined.</small></div><div class="chat"><small>rampage1234 joined.</small></div><div class=""><small>Format:</small> <br><strong>LC</strong></div><div class=""><small><em>Sleep Clause Mod:</em> Limit one foe put to sleep</small></div><div class=""><small><em>Species Clause:</em> Limit one of each Pokémon</small></div><div class=""><small><em>OHKO Clause:</em> OHKO moves are banned</small></div><div class=""><small><em>Moody Clause:</em> Moody is banned</small></div><div class=""><small><em>Evasion Moves Clause:</em> Evasion moves are banned</small></div><div class=""><small><em>Endless Battle Clause:</em> Forcing endless battles is banned</small></div><div class=""><small><em>HP Percentage Mod:</em> HP is shown in percentages</small></div><div class="chat battle-history"><strong>MetalFire420's team:</strong> <em style="color:#445566;display:block;">Geodude / Ponyta / Voltorb / Mankey / Trubbish / Shinx</em></div><div class="chat battle-history"><strong>rampage1234's team:</strong> <em style="color:#445566;display:block;">Magby / Ekans / Larvesta / Vullaby / Surskit / Larvitar</em></div><div class="spacer battle-history"><br></div><div class="battle-history">Battle started between MetalFire420 and rampage1234!<br></div><div class="spacer battle-history"><br></div><div class="battle-history">Go! <strong>Geodude</strong>!<br></div><div class="spacer battle-history"><br></div><div class="battle-history">rampage1234 sent out <strong>Surskit</strong>!<br></div><div class="spacer battle-history"><br></div><h2 class="battle-history">Turn 1</h2><div class="spacer battle-history"><br></div><div class="battle-history">The opposing Surskit used <strong>Sticky Web</strong>!<br></div><div class="battle-history"><small>A sticky web spreads out on the ground around your team!</small><br></div><div class="spacer battle-history"><br></div><div class="battle-history">Geodude used <strong>Self-Destruct</strong>!<br></div><div class="battle-history"><small>The opposing Surskit hung on using its Focus Sash!</small><br></div><div class="battle-history"><small>(The opposing Surskit lost <abbr title="−20/21">95.2%</abbr> of its health!)</small><br></div><div class="spacer battle-history"><br></div><div class="battle-history">Geodude fainted!<br></div><div class="spacer battle-history"><br></div><div class="battle-history">Go! <strong>Shinx</strong>!<br></div><div class="battle-history"><small>Shinx was caught in a sticky web!</small><br></div><div class="battle-history"><small>Shinx's Speed fell!</small><br></div><div class="spacer battle-history"><br></div><h2 class="battle-history">Turn 2</h2><div class="spacer battle-history"><br></div><div class="battle-history">rampage1234 withdrew Surskit!<br></div><div class="battle-history">rampage1234 sent out <strong>Larvitar</strong>!<br></div><div class="spacer battle-history"><br></div><div class="battle-history">Shinx used <strong>Night Slash</strong>!<br></div><div class="battle-history"><small>(The opposing Larvitar lost <abbr title="−8/21">38.1%</abbr> of its health!)</small><br></div><div class="spacer battle-history"><br></div><div class="battle-history"><small>The opposing Larvitar was burned!</small><br></div><div class="spacer battle-history"><br></div><h2 class="battle-history">Turn 3</h2><div class="spacer battle-history"><br></div><div class="battle-history">Shinx, come back!<br></div><div class="battle-history">Go! <strong>Voltorb</strong>!<br></div><div class="battle-history"><small>Voltorb floats in the air with its Air Balloon!</small><br></div><div class="spacer battle-history"><br></div><div class="battle-history">The opposing Larvitar used <strong>Rock Slide</strong>!<br></div><div class="battle-history"><small>(Voltorb lost <abbr title="−20/20">100%</abbr> of its health!)</small><br></div><div class="battle-history"><small>Voltorb's Air Balloon popped!</small><br></div><div class="spacer battle-history"><br></div><div class="battle-history">Voltorb fainted!<br></div><div class="spacer battle-history"><br></div><div class="battle-history"><small>The opposing Larvitar was hurt by its burn!</small><br></div><div class="spacer battle-history"><br></div><div class="battle-history">Go! <strong>Mankey</strong>!<br></div><div class="battle-history"><small>Mankey was caught in a sticky web!</small><br></div><div class="battle-history"><small>Mankey's Speed fell!</small><br></div><div class="spacer battle-history"><br></div><h2 class="battle-history">Turn 4</h2><div class="spacer battle-history"><br></div><div class="battle-history">rampage1234 withdrew Larvitar!<br></div><div class="battle-history">rampage1234 sent out <strong>Vullaby</strong>!<br></div><div class="spacer battle-history"><br></div><div class="battle-history">Mankey used <strong>Close Combat</strong>!<br></div><div class="battle-history"><small>(The opposing Vullaby lost <abbr title="−12/26">46.2%</abbr> of its health!)</small><br></div><div class="battle-history"><small>Mankey's Defense fell!</small><br></div><div class="battle-history"><small>Mankey's Special Defense fell!</small><br></div><div class="spacer battle-history"><br></div><h2 class="battle-history">Turn 5</h2><div class="spacer battle-history"><br></div><div class="battle-history">The opposing Vullaby used <strong>U-turn</strong>!<br></div><div class="battle-history"><small>It's not very effective...</small><br></div><div class="battle-history"><small>(Mankey lost <abbr title="−6/20">30%</abbr> of its health!)</small><br></div><div class="spacer battle-history"><br></div><div class="battle-history">The opposing Vullaby went back to rampage1234!<br></div><div class="battle-history">rampage1234 sent out <strong>Magby</strong>!<br></div><div class="spacer battle-history"><br></div><div class="battle-history">Mankey used <strong>Thunder Punch</strong>!<br></div><div class="battle-history"><small>(The opposing Magby lost <abbr title="−10/21">47.6%</abbr> of its health!)</small><br></div><div class="spacer battle-history"><br></div><h2 class="battle-history">Turn 6</h2><div class="spacer battle-history"><br></div><div class="battle-history">The opposing Magby used <strong>Fire Punch</strong>!<br></div><div class="battle-history"><small>A critical hit!</small><br></div><div class="battle-history"><small>(Mankey lost <abbr title="−14/20">70%</abbr> of its health!)</small><br></div><div class="spacer battle-history"><br></div><div class="battle-history">Mankey fainted!<br></div><div class="spacer battle-history"><br></div><div class="battle-history">Go! Your waifu (<strong>Trubbish</strong>)!<br></div><div class="battle-history"><small>Your waifu was caught in a sticky web!</small><br></div><div class="battle-history"><small>Your waifu's Speed fell!</small><br></div><div class="spacer battle-history"><br></div><h2 class="battle-history">Turn 7</h2><div class="spacer battle-history"><br></div><div class="battle-history">The opposing Magby used <strong>Fire Punch</strong>!<br></div><div class="battle-history"><small>(Your waifu lost <abbr title="−12/21">57.1%</abbr> of its health!)</small><br></div><div class="battle-history"><small>Your waifu was burned!</small><br></div><div class="spacer battle-history"><br></div><div class="battle-history">Your waifu used <strong>Sludge Bomb</strong>!<br></div><div class="battle-history"><small>(The opposing Magby lost <abbr title="−11/21">52.4%</abbr> of its health!)</small><br></div><div class="spacer battle-history"><br></div><div class="battle-history">The opposing Magby fainted!<br></div><div class="spacer battle-history"><br></div><div class="battle-history"><small>Your waifu restored a little HP using its Leftovers!</small><br></div><div class="battle-history"><small>Your waifu was hurt by its burn!</small><br></div><div class="spacer battle-history"><br></div><div class="battle-history">rampage1234 sent out <strong>Larvesta</strong>!<br></div><div class="spacer battle-history"><br></div><h2 class="battle-history">Turn 8</h2><div class="spacer battle-history"><br></div><div class="battle-history">The opposing Larvesta used <strong>Facade</strong>!<br></div><div class="battle-history"><small>(Your waifu lost <abbr title="−7/21">33.3%</abbr> of its health!)</small><br></div><div class="spacer battle-history"><br></div><div class="battle-history">Your waifu used <strong>Pain Split</strong>!<br></div><div class="battle-history"><small>The battlers shared their pain!</small><br></div><div class="spacer battle-history"><br></div><div class="battle-history"><small>Your waifu restored a little HP using its Leftovers!</small><br></div><div class="battle-history"><small>Your waifu was hurt by its burn!</small><br></div><div class="spacer battle-history"><br></div><h2 class="battle-history">Turn 9</h2><div class="spacer battle-history"><br></div><div class="battle-history">The opposing Larvesta used <strong>U-turn</strong>!<br></div><div class="battle-history"><small>It's not very effective...</small><br></div><div class="battle-history"><small>(Your waifu lost <abbr title="−5/21">23.8%</abbr> of its health!)</small><br></div><div class="spacer battle-history"><br></div><div class="battle-history">The opposing Larvesta went back to rampage1234!<br></div><div class="battle-history">rampage1234 sent out <strong>Larvitar</strong>!<br></div><div class="spacer battle-history"><br></div><div class="battle-history">Your waifu used <strong>Dark Pulse</strong>!<br></div><div class="battle-history"><small>(The opposing Larvitar lost <abbr title="−8/21">38.1%</abbr> of its health!)</small><br></div><div class="spacer battle-history"><br></div><div class="battle-history"><small>Your waifu restored a little HP using its Leftovers!</small><br></div><div class="battle-history"><small>The opposing Larvitar was hurt by its burn!</small><br></div><div class="battle-history"><small>Your waifu was hurt by its burn!</small><br></div><div class="spacer battle-history"><br></div><h2 class="battle-history">Turn 10</h2><div class="spacer battle-history"><br></div><div class="battle-history">The opposing Larvitar used <strong>Rock Slide</strong>!<br></div><div class="battle-history"><small>(Your waifu lost <abbr title="−5/21">23.8%</abbr> of its health!)</small><br></div><div class="spacer battle-history"><br></div><div class="battle-history">Your waifu fainted!<br></div><div class="spacer battle-history"><br></div><div class="battle-history"><small>The opposing Larvitar was hurt by its burn!</small><br></div><div class="spacer battle-history"><br></div><div class="battle-history">The opposing Larvitar fainted!<br></div><div class="spacer battle-history"><br></div><div class="battle-history">rampage1234 sent out <strong>Vullaby</strong>!<br></div><div class="spacer battle-history"><br></div><div class="battle-history">Go! <strong>Shinx</strong>!<br></div><div class="battle-history"><small>Shinx was caught in a sticky web!</small><br></div><div class="battle-history"><small>Shinx's Speed fell!</small><br></div><div class="spacer battle-history"><br></div><h2 class="battle-history">Turn 11</h2><div class="spacer battle-history"><br></div><div class="battle-history">The opposing Vullaby used <strong>U-turn</strong>!<br></div><div class="battle-history"><small>(Shinx lost <abbr title="−7/21">33.3%</abbr> of its health!)</small><br></div><div class="spacer battle-history"><br></div><div class="battle-history">The opposing Vullaby went back to rampage1234!<br></div><div class="battle-history">rampage1234 sent out <strong>Ekans</strong>!<br></div><div class="battle-history"><small>[The opposing Ekans's Intimidate]</small><br></div><div class="battle-history"><small>Shinx's Attack fell!</small><br></div><div class="spacer battle-history"><br></div><div class="battle-history">Shinx used <strong>Ice Fang</strong>!<br></div><div class="battle-history"><small>(The opposing Ekans lost <abbr title="−5/22">22.7%</abbr> of its health!)</small><br></div><div class="battle-history"><small>The opposing Ekans was frozen solid!</small><br></div><div class="spacer battle-history"><br></div><div class="battle-history"><small>The opposing Ekans restored a little HP using its Leftovers!</small><br></div><div class="spacer battle-history"><br></div><h2 class="battle-history">Turn 12</h2><div class="spacer battle-history"><br></div><div class="battle-history"><small>The opposing Ekans thawed out!</small><br></div><div class="spacer battle-history"><br></div><div class="battle-history">The opposing Ekans used <strong>Gunk Shot</strong>!<br></div><div class="battle-history"><small>(Shinx lost <abbr title="−14/21">66.7%</abbr> of its health!)</small><br></div><div class="spacer battle-history"><br></div><div class="battle-history">Shinx fainted!<br></div><div class="spacer battle-history"><br></div><div class="battle-history"><small>The opposing Ekans restored a little HP using its Leftovers!</small><br></div><div class="spacer battle-history"><br></div><div class="battle-history">Go! <strong>Ponyta</strong>!<br></div><div class="battle-history"><small>Ponyta was caught in a sticky web!</small><br></div><div class="battle-history"><small>Ponyta's Speed fell!</small><br></div><div class="spacer battle-history"><br></div><h2 class="battle-history">Turn 13</h2><div class="spacer battle-history"><br></div><div class="battle-history">The opposing Ekans used <strong>Glare</strong>!<br></div><div class="battle-history"><small>Ponyta is paralyzed! It may be unable to move!</small><br></div><div class="spacer battle-history"><br></div><div class="battle-history">Ponyta used <strong>Wild Charge</strong>!<br></div><div class="battle-history"><small>(The opposing Ekans lost <abbr title="−14/22">63.6%</abbr> of its health!)</small><br></div><div class="battle-history"><small>Ponyta is damaged by the recoil!</small><br></div><div class="battle-history"><small>Ponyta lost some of its HP!</small><br></div><div class="spacer battle-history"><br></div><div class="battle-history"><small>The opposing Ekans restored a little HP using its Leftovers!</small><br></div><div class="spacer battle-history"><br></div><h2 class="battle-history">Turn 14</h2><div class="spacer battle-history"><br></div><div class="battle-history">The opposing Ekans used <strong>Gunk Shot</strong>!<br></div><div class="battle-history"><small>(Ponyta lost <abbr title="−15/21">71.4%</abbr> of its health!)</small><br></div><div class="spacer battle-history"><br></div><div class="battle-history">Ponyta fainted!<br></div><div class="spacer battle-history"><br></div><div class="battle-history"><strong>rampage1234</strong> won the battle!<br></div></div><div class="inner-preempt"></div></div></div>
</div>
<script>
let daily = Math.floor(Date.now()/1000/60/60/24);document.write('<script src="https://play.pokemonshowdown.com/js/replay-embed.js?version'+daily+'"></'+'script>');
</script>
