<!DOCTYPE html>
<meta charset="utf-8" />
<!-- version 1 -->
<title>LC replay: empo vs. Krauersaut</title>
<style>
html,body {font-family:Verdana, sans-serif;font-size:10pt;margin:0;padding:0;}body{padding:12px 0;} .battle-log {font-family:Verdana, sans-serif;font-size:10pt;} .battle-log-inline {border:1px solid #AAAAAA;background:#EEF2F5;color:black;max-width:640px;margin:0 auto 80px;padding-bottom:5px;} .battle-log .inner {padding:4px 8px 0px 8px;} .battle-log .inner-preempt {padding:0 8px 4px 8px;} .battle-log .inner-after {margin-top:0.5em;} .battle-log h2 {margin:0.5em -8px;padding:4px 8px;border:1px solid #AAAAAA;background:#E0E7EA;border-left:0;border-right:0;font-family:Verdana, sans-serif;font-size:13pt;} .battle-log .chat {vertical-align:middle;padding:3px 0 3px 0;font-size:8pt;} .battle-log .chat strong {color:#40576A;} .battle-log .chat em {padding:1px 4px 1px 3px;color:#000000;font-style:normal;} .chat.mine {background:rgba(0,0,0,0.05);margin-left:-8px;margin-right:-8px;padding-left:8px;padding-right:8px;} .spoiler {color:#BBBBBB;background:#BBBBBB;padding:0px 3px;} .spoiler:hover, .spoiler:active, .spoiler-shown {color:#000000;background:#E2E2E2;padding:0px 3px;} .spoiler a {color:#BBBBBB;} .spoiler:hover a, .spoiler:active a, .spoiler-shown a {color:#2288CC;} .chat code, .chat .spoiler:hover code, .chat .spoiler:active code, .chat .spoiler-shown code {border:1px solid #C0C0C0;background:#EEEEEE;color:black;padding:0 2px;} .chat .spoiler code {border:1px solid #CCCCCC;background:#CCCCCC;color:#CCCCCC;} .battle-log .rated {padding:3px 4px;} .battle-log .rated strong {color:white;background:#89A;padding:1px 4px;border-radius:4px;} .spacer {margin-top:0.5em;} .message-announce {background:#6688AA;color:white;padding:1px 4px 2px;} .message-announce a, .broadcast-green a, .broadcast-blue a, .broadcast-red a {color:#DDEEFF;} .broadcast-green {background-color:#559955;color:white;padding:2px 4px;} .broadcast-blue {background-color:#6688AA;color:white;padding:2px 4px;} .infobox {border:1px solid #6688AA;padding:2px 4px;} .infobox-limited {max-height:200px;overflow:auto;overflow-x:hidden;} .broadcast-red {background-color:#AA5544;color:white;padding:2px 4px;} .message-learn-canlearn {font-weight:bold;color:#228822;text-decoration:underline;} .message-learn-cannotlearn {font-weight:bold;color:#CC2222;text-decoration:underline;} .message-effect-weak {font-weight:bold;color:#CC2222;} .message-effect-resist {font-weight:bold;color:#6688AA;} .message-effect-immune {font-weight:bold;color:#666666;} .message-learn-list {margin-top:0;margin-bottom:0;} .message-throttle-notice, .message-error {color:#992222;} .message-overflow, .chat small.message-overflow {font-size:0pt;} .message-overflow::before {font-size:9pt;content:'...';} .subtle {color:#3A4A66;}
</style>
<div class="wrapper replay-wrapper" style="max-width:1180px;margin:0 auto">
<input type="hidden" name="replayid" value="lc-478622404" />
<div class="battle"></div><div class="battle-log"></div><div class="replay-controls"></div><div class="replay-controls-2"></div>
<h1 style="font-weight:normal;text-align:center"><strong>LC</strong><br /><a href="http://pokemonshowdown.com/users/empo" class="subtle" target="_blank">empo</a> vs. <a href="http://pokemonshowdown.com/users/krauersaut" class="subtle" target="_blank">Krauersaut</a></h1>
<script type="text/plain" class="battle-log-data">|j|empo
|j|Krauersaut
|player|p1|empo|144
|player|p2|Krauersaut|283
|gametype|singles
|gen|6
|tier|LC
|seed|46066,39852,57571,31157
|clearpoke
|poke|p1|Doduo, L5, F|item
|poke|p1|Fletchling, L5, M|
|poke|p1|Diglett, L5, M|item
|poke|p1|Tirtouga, L5, M|item
|poke|p1|Magnemite, L5|item
|poke|p1|Timburr, L5, M|item
|poke|p2|Pawniard, L5, M|item
|poke|p2|Timburr, L5, M|item
|poke|p2|Tirtouga, L5, M|item
|poke|p2|Spritzee, L5, M|item
|poke|p2|Porygon, L5|item
|poke|p2|Abra, L5, M|item
|rule|Sleep Clause Mod: Limit one foe put to sleep
|rule|Species Clause: Limit one of each Pokémon
|rule|OHKO Clause: OHKO moves are banned
|rule|Moody Clause: Moody is banned
|rule|Evasion Moves Clause: Evasion moves are banned
|rule|Endless Battle Clause: Forcing endless battles is banned
|rule|HP Percentage Mod: HP is shown in percentages
|teampreview
|c|★Krauersaut|u should snackwrap me ez i haven't played lc in a year lmaooo
|c|★Krauersaut|glhf
|choice|team 1, team 2, team 3, team 4, team 5, team 6|team 2, team 1, team 3, team 4, team 5, team 6
|
|start
|switch|p1a: DODO'|Doduo, L5, F|19\/19
|switch|p2a: Timburr|Timburr, L5, M|24\/24
|turn|1
|c|★empo|lets have fun
|choice|move knockoff|switch 2
|
|switch|p2a: Pawniard|Pawniard, L5, M|19\/19
|move|p1a: DODO'|Knock Off|p2a: Pawniard
|-resisted|p2a: Pawniard
|-damage|p2a: Pawniard|13\/19
|-enditem|p2a: Pawniard|Life Orb|[from] move: Knock Off|[of] p1a: DODO'
|-damage|p1a: DODO'|18\/19|[from] item: Life Orb
|
|turn|2
|choice|switch 6|move knockoff
|
|switch|p1a: NINJA|Timburr, L5, M|24\/24
|move|p2a: Pawniard|Knock Off|p1a: NINJA
|-resisted|p1a: NINJA
|-damage|p1a: NINJA|19\/24
|-enditem|p1a: NINJA|Eviolite|[from] move: Knock Off|[of] p2a: Pawniard
|
|turn|3
|choice|move knockoff|switch 4
|
|switch|p2a: Spritzee|Spritzee, L5, M|27\/27
|move|p1a: NINJA|Knock Off|p2a: Spritzee
|-resisted|p2a: Spritzee
|-damage|p2a: Spritzee|25\/27
|-enditem|p2a: Spritzee|Eviolite|[from] move: Knock Off|[of] p1a: NINJA
|
|turn|4
|choice|switch 6|switch 2
|
|switch|p1a: DODO'|Doduo, L5, F|18\/19
|switch|p2a: Timburr|Timburr, L5, M|24\/24
|
|turn|5
|j|MONNA LUSA
|choice|move bravebird|switch 4
|
|switch|p2a: Pawniard|Pawniard, L5, M|13\/19
|move|p1a: DODO'|Brave Bird|p2a: Pawniard
|-resisted|p2a: Pawniard
|-damage|p2a: Pawniard|1\/19
|-damage|p1a: DODO'|14\/19|[from] recoil|[of] p2a: Pawniard
|-damage|p1a: DODO'|13\/19|[from] item: Life Orb
|
|turn|6
|choice|move bravebird|move suckerpunch
|
|move|p2a: Pawniard|Sucker Punch|p1a: DODO'
|-damage|p1a: DODO'|0 fnt
|faint|p1a: DODO'
|
|choice|switch 3|
|
|switch|p1a: LEONARDO|Diglett, L5, M|17\/17
|turn|7
|choice|move substitute|move suckerpunch
|
|move|p2a: Pawniard|Sucker Punch|p1a: LEONARDO|[still]
|-fail|p2a: Pawniard
|move|p1a: LEONARDO|Substitute|p1a: LEONARDO
|-start|p1a: LEONARDO|Substitute
|-damage|p1a: LEONARDO|13\/17
|
|turn|8
|choice|move stealthrock|move suckerpunch
|
|move|p2a: Pawniard|Sucker Punch|p1a: LEONARDO|[still]
|-fail|p2a: Pawniard
|move|p1a: LEONARDO|Stealth Rock|p2a: Pawniard
|-sidestart|p2: Krauersaut|move: Stealth Rock
|
|turn|9
|choice|move substitute|move suckerpunch
|
|move|p2a: Pawniard|Sucker Punch|p1a: LEONARDO|[still]
|-fail|p2a: Pawniard
|move|p1a: LEONARDO|Substitute|p1a: LEONARDO
|-fail|p1a: LEONARDO|move: Substitute
|
|turn|10
|choice|move earthquake|move suckerpunch
|
|move|p2a: Pawniard|Sucker Punch|p1a: LEONARDO
|-end|p1a: LEONARDO|Substitute
|move|p1a: LEONARDO|Earthquake|p2a: Pawniard
|-supereffective|p2a: Pawniard
|-damage|p2a: Pawniard|0 fnt
|-damage|p1a: LEONARDO|12\/17|[from] item: Life Orb
|faint|p2a: Pawniard
|
|choice||switch 5
|
|switch|p2a: Porygon|Porygon, L5|25\/25
|-damage|p2a: Porygon|22\/25|[from] Stealth Rock
|-ability|p2a: Porygon|Download|boost
|-boost|p2a: Porygon|atk|1
|turn|11
|choice|move earthquake|move triattack
|
|move|p1a: LEONARDO|Earthquake|p2a: Porygon
|-damage|p2a: Porygon|10\/25
|-damage|p1a: LEONARDO|11\/17|[from] item: Life Orb
|move|p2a: Porygon|Tri Attack|p1a: LEONARDO
|-damage|p1a: LEONARDO|0 fnt
|faint|p1a: LEONARDO
|
|choice|switch 6|
|
|switch|p1a: NINJA|Timburr, L5, M|19\/24
|turn|12
|choice|move drainpunch|move psychic
|
|move|p2a: Porygon|Psychic|p1a: NINJA
|-supereffective|p1a: NINJA
|-damage|p1a: NINJA|0 fnt
|faint|p1a: NINJA
|
|c|★empo|bop
|choice|switch 4|
|
|switch|p1a: MICHELANGELO|Tirtouga, L5, M|22\/22
|turn|13
|choice|move shellsmash|move psychic
|
|move|p1a: MICHELANGELO|Shell Smash|p1a: MICHELANGELO
|-unboost|p1a: MICHELANGELO|def|1
|-unboost|p1a: MICHELANGELO|spd|1
|-boost|p1a: MICHELANGELO|atk|2
|-boost|p1a: MICHELANGELO|spa|2
|-boost|p1a: MICHELANGELO|spe|2
|move|p2a: Porygon|Psychic|p1a: MICHELANGELO
|-damage|p1a: MICHELANGELO|10\/22
|
|turn|14
|choice|move waterfall|move psychic
|
|move|p1a: MICHELANGELO|Waterfall|p2a: Porygon
|-damage|p2a: Porygon|0 fnt
|faint|p2a: Porygon
|
|choice||switch 4
|
|switch|p2a: Timburr|Timburr, L5, M|24\/24
|-damage|p2a: Timburr|23\/24|[from] Stealth Rock
|turn|15
|c|★Krauersaut|i have no clue
|c|★Krauersaut|what the calcs are
|c|★Krauersaut|so im gonna blindly press this haha
|choice|switch 2|move machpunch
|
|switch|p1a: RAFFAELLO|Fletchling, L5, M|23\/23
|move|p2a: Timburr|Mach Punch|p1a: RAFFAELLO
|-damage|p1a: RAFFAELLO|14\/23
|
|turn|16
|c|★Krauersaut|ok
|c|★Krauersaut|i guess that kills
|choice|move acrobatics|switch 2
|
|switch|p2a: Spritzee|Spritzee, L5, M|25\/27
|-damage|p2a: Spritzee|22\/27|[from] Stealth Rock
|move|p1a: RAFFAELLO|Acrobatics|p2a: Spritzee
|-damage|p2a: Spritzee|9\/27
|
|turn|17
|choice|move acrobatics|move moonblast
|
|move|p1a: RAFFAELLO|Acrobatics|p2a: Spritzee
|-damage|p2a: Spritzee|0 fnt
|faint|p2a: Spritzee
|
|choice||switch 3
|
|switch|p2a: Tirtouga|Tirtouga, L5, M|21\/21
|-damage|p2a: Tirtouga|19\/21|[from] Stealth Rock
|turn|18
|choice|move uturn|move stealthrock
|
|move|p1a: RAFFAELLO|U-turn|p2a: Tirtouga
|-damage|p2a: Tirtouga|13\/21
|choice|switch 5|
|
|switch|p1a: DONATELLO|Magnemite, L5|19\/19
|move|p2a: Tirtouga|Stealth Rock|p1a: DONATELLO
|-sidestart|p1: empo|move: Stealth Rock
|
|turn|19
|choice|move thunderbolt|switch 2
|
|switch|p2a: Timburr|Timburr, L5, M|23\/24
|-damage|p2a: Timburr|22\/24|[from] Stealth Rock
|move|p1a: DONATELLO|Thunderbolt|p2a: Timburr
|-damage|p2a: Timburr|10\/24
|
|turn|20
|choice|switch 2|move machpunch
|
|switch|p1a: MICHELANGELO|Tirtouga, L5, M|10\/22
|-damage|p1a: MICHELANGELO|8\/22|[from] Stealth Rock
|move|p2a: Timburr|Mach Punch|p1a: MICHELANGELO
|-supereffective|p1a: MICHELANGELO
|-damage|p1a: MICHELANGELO|4\/22
|
|turn|21
|choice|move waterfall|move machpunch
|
|move|p2a: Timburr|Mach Punch|p1a: MICHELANGELO
|-supereffective|p1a: MICHELANGELO
|-damage|p1a: MICHELANGELO|0 fnt
|faint|p1a: MICHELANGELO
|
|choice|switch 5|
|
|switch|p1a: RAFFAELLO|Fletchling, L5, M|14\/23
|-damage|p1a: RAFFAELLO|9\/23|[from] Stealth Rock
|turn|22
|c|★Krauersaut|holy thats bulky
|choice|move acrobatics|move machpunch
|
|move|p1a: RAFFAELLO|Acrobatics|p2a: Timburr
|-supereffective|p2a: Timburr
|-damage|p2a: Timburr|0 fnt
|faint|p2a: Timburr
|
|choice||switch 2
|
|switch|p2a: Tirtouga|Tirtouga, L5, M|13\/21
|-damage|p2a: Tirtouga|11\/21|[from] Stealth Rock
|turn|23
|choice|move uturn|move shellsmash
|
|move|p1a: RAFFAELLO|U-turn|p2a: Tirtouga
|-damage|p2a: Tirtouga|6\/21
|-enditem|p2a: Tirtouga|Berry Juice
|-heal|p2a: Tirtouga|21\/21|[from] item: Berry Juice
|choice|switch 2|
|
|switch|p1a: DONATELLO|Magnemite, L5|19\/19
|-damage|p1a: DONATELLO|18\/19|[from] Stealth Rock
|move|p2a: Tirtouga|Shell Smash|p2a: Tirtouga
|-unboost|p2a: Tirtouga|def|1
|-unboost|p2a: Tirtouga|spd|1
|-boost|p2a: Tirtouga|atk|2
|-boost|p2a: Tirtouga|spa|2
|-boost|p2a: Tirtouga|spe|2
|
|turn|24
|choice|move thunderbolt|move waterfall
|
|move|p2a: Tirtouga|Waterfall|p1a: DONATELLO
|-damage|p1a: DONATELLO|0 fnt
|faint|p1a: DONATELLO
|
|c|★Krauersaut|gg bro
|c|★empo|yh gg
|-message|empo forfeited.
|
|win|Krauersaut
|player|p1
|player|p2
|l|empo</script>
</div>
<div class="battle-log battle-log-inline"><div class="inner"><div class="battle-options"></div><div class="inner"><div class="chat"><small>empo joined.</small></div><div class="chat"><small>Krauersaut joined.</small></div><div class=""><small>Format:</small> <br><strong>LC</strong></div><div class=""><small><em>Sleep Clause Mod:</em> Limit one foe put to sleep</small></div><div class=""><small><em>Species Clause:</em> Limit one of each Pokémon</small></div><div class=""><small><em>OHKO Clause:</em> OHKO moves are banned</small></div><div class=""><small><em>Moody Clause:</em> Moody is banned</small></div><div class=""><small><em>Evasion Moves Clause:</em> Evasion moves are banned</small></div><div class=""><small><em>Endless Battle Clause:</em> Forcing endless battles is banned</small></div><div class=""><small><em>HP Percentage Mod:</em> HP is shown in percentages</small></div><div class="chat battle-history"><strong>empo's team:</strong> <em style="color:#445566;display:block;">Doduo / Fletchling / Diglett / Tirtouga / Magnemite / Timburr</em></div><div class="chat battle-history"><strong>Krauersaut's team:</strong> <em style="color:#445566;display:block;">Pawniard / Timburr / Tirtouga / Spritzee / Porygon / Abra</em></div><div class="chat chatmessage-krauersaut"><strong style="color:hsl(340,81%,46.1035609604096%)"><small>★</small><span class="username" data-name="Krauersaut">Krauersaut</span>:</strong> <em>u should snackwrap me ez i haven't played lc in a year lmaooo</em></div><div class="chat chatmessage-krauersaut"><strong style="color:hsl(340,81%,46.1035609604096%)"><small>★</small><span class="username" data-name="Krauersaut">Krauersaut</span>:</strong> <em>glhf</em></div><div class="spacer battle-history"><br></div><div class="battle-history">Battle started between empo and Krauersaut!<br></div><div class="spacer battle-history"><br></div><div class="battle-history">Go! DODO' (<strong>Doduo</strong>)!<br></div><div class="spacer battle-history"><br></div><div class="battle-history">Krauersaut sent out <strong>Timburr</strong>!<br></div><div class="spacer battle-history"><br></div><h2 class="battle-history">Turn 1</h2><div class="chat chatmessage-empo"><strong style="color:hsl(43,45%,37.65590455329068%)"><small>★</small><span class="username" data-name="empo">empo</span>:</strong> <em>lets have fun</em></div><div class="spacer battle-history"><br></div><div class="battle-history">Krauersaut withdrew Timburr!<br></div><div class="battle-history">Krauersaut sent out <strong>Pawniard</strong>!<br></div><div class="spacer battle-history"><br></div><div class="battle-history">DODO' used <strong>Knock Off</strong>!<br></div><div class="battle-history"><small>It's not very effective...</small><br></div><div class="battle-history"><small>(The opposing Pawniard lost <abbr title="−6/19">31.6%</abbr> of its health!)</small><br></div><div class="battle-history"><small>DODO' knocked off the opposing Pawniard's Life Orb!</small><br></div><div class="battle-history"><small>DODO' lost some of its HP!</small><br></div><div class="spacer battle-history"><br></div><h2 class="battle-history">Turn 2</h2><div class="spacer battle-history"><br></div><div class="battle-history">DODO', come back!<br></div><div class="battle-history">Go! NINJA (<strong>Timburr</strong>)!<br></div><div class="spacer battle-history"><br></div><div class="battle-history">The opposing Pawniard used <strong>Knock Off</strong>!<br></div><div class="battle-history"><small>It's not very effective...</small><br></div><div class="battle-history"><small>(NINJA lost <abbr title="−5/24">20.8%</abbr> of its health!)</small><br></div><div class="battle-history"><small>The opposing Pawniard knocked off NINJA's Eviolite!</small><br></div><div class="spacer battle-history"><br></div><h2 class="battle-history">Turn 3</h2><div class="spacer battle-history"><br></div><div class="battle-history">Krauersaut withdrew Pawniard!<br></div><div class="battle-history">Krauersaut sent out <strong>Spritzee</strong>!<br></div><div class="spacer battle-history"><br></div><div class="battle-history">NINJA used <strong>Knock Off</strong>!<br></div><div class="battle-history"><small>It's not very effective...</small><br></div><div class="battle-history"><small>(The opposing Spritzee lost <abbr title="−2/27">7.4%</abbr> of its health!)</small><br></div><div class="battle-history"><small>NINJA knocked off the opposing Spritzee's Eviolite!</small><br></div><div class="spacer battle-history"><br></div><h2 class="battle-history">Turn 4</h2><div class="spacer battle-history"><br></div><div class="battle-history">NINJA, come back!<br></div><div class="battle-history">Go! DODO' (<strong>Doduo</strong>)!<br></div><div class="spacer battle-history"><br></div><div class="battle-history">Krauersaut withdrew Spritzee!<br></div><div class="battle-history">Krauersaut sent out <strong>Timburr</strong>!<br></div><div class="spacer battle-history"><br></div><h2 class="battle-history">Turn 5</h2><div class="chat"><small>MONNA LUSA joined.</small></div><div class="spacer battle-history"><br></div><div class="battle-history">Krauersaut withdrew Timburr!<br></div><div class="battle-history">Krauersaut sent out <strong>Pawniard</strong>!<br></div><div class="spacer battle-history"><br></div><div class="battle-history">DODO' used <strong>Brave Bird</strong>!<br></div><div class="battle-history"><small>It's not very effective...</small><br></div><div class="battle-history"><small>(The opposing Pawniard lost <abbr title="−12/19">63.2%</abbr> of its health!)</small><br></div><div class="battle-history"><small>DODO' is damaged by the recoil!</small><br></div><div class="battle-history"><small>DODO' lost some of its HP!</small><br></div><div class="spacer battle-history"><br></div><h2 class="battle-history">Turn 6</h2><div class="spacer battle-history"><br></div><div class="battle-history">The opposing Pawniard used <strong>Sucker Punch</strong>!<br></div><div class="battle-history"><small>(DODO' lost <abbr title="−13/19">68.4%</abbr> of its health!)</small><br></div><div class="spacer battle-history"><br></div><div class="battle-history">DODO' fainted!<br></div><div class="spacer battle-history"><br></div><div class="battle-history">Go! LEONARDO (<strong>Diglett</strong>)!<br></div><div class="spacer battle-history"><br></div><h2 class="battle-history">Turn 7</h2><div class="spacer battle-history"><br></div><div class="battle-history">The opposing Pawniard used <strong>Sucker Punch</strong>!<br></div><div class="battle-history"><small>But it failed!</small><br></div><div class="spacer battle-history"><br></div><div class="battle-history">LEONARDO used <strong>Substitute</strong>!<br></div><div class="battle-history"><small>LEONARDO put in a substitute!</small><br></div><div class="battle-history"><small>(LEONARDO lost <abbr title="−4/17">23.5%</abbr> of its health!)</small><br></div><div class="spacer battle-history"><br></div><h2 class="battle-history">Turn 8</h2><div class="spacer battle-history"><br></div><div class="battle-history">The opposing Pawniard used <strong>Sucker Punch</strong>!<br></div><div class="battle-history"><small>But it failed!</small><br></div><div class="spacer battle-history"><br></div><div class="battle-history">LEONARDO used <strong>Stealth Rock</strong>!<br></div><div class="battle-history"><small>Pointed stones float in the air around the opposing team!</small><br></div><div class="spacer battle-history"><br></div><h2 class="battle-history">Turn 9</h2><div class="spacer battle-history"><br></div><div class="battle-history">The opposing Pawniard used <strong>Sucker Punch</strong>!<br></div><div class="battle-history"><small>But it failed!</small><br></div><div class="spacer battle-history"><br></div><div class="battle-history">LEONARDO used <strong>Substitute</strong>!<br></div><div class="battle-history"><small>LEONARDO already has a substitute!</small><br></div><div class="spacer battle-history"><br></div><h2 class="battle-history">Turn 10</h2><div class="spacer battle-history"><br></div><div class="battle-history">The opposing Pawniard used <strong>Sucker Punch</strong>!<br></div><div class="battle-history"><small>LEONARDO's substitute faded!</small><br></div><div class="spacer battle-history"><br></div><div class="battle-history">LEONARDO used <strong>Earthquake</strong>!<br></div><div class="battle-history"><small>It's super effective!</small><br></div><div class="battle-history"><small>(The opposing Pawniard lost <abbr title="−1/19">5.3%</abbr> of its health!)</small><br></div><div class="battle-history"><small>LEONARDO lost some of its HP!</small><br></div><div class="spacer battle-history"><br></div><div class="battle-history">The opposing Pawniard fainted!<br></div><div class="spacer battle-history"><br></div><div class="battle-history">Krauersaut sent out <strong>Porygon</strong>!<br></div><div class="battle-history"><small>Pointed stones dug into the opposing Porygon!</small><br></div><div class="battle-history"><small>[The opposing Porygon's Download]</small><br></div><div class="battle-history"><small>The opposing Porygon's Attack rose!</small><br></div><div class="spacer battle-history"><br></div><h2 class="battle-history">Turn 11</h2><div class="spacer battle-history"><br></div><div class="battle-history">LEONARDO used <strong>Earthquake</strong>!<br></div><div class="battle-history"><small>(The opposing Porygon lost <abbr title="−12/25">48%</abbr> of its health!)</small><br></div><div class="battle-history"><small>LEONARDO lost some of its HP!</small><br></div><div class="spacer battle-history"><br></div><div class="battle-history">The opposing Porygon used <strong>Tri Attack</strong>!<br></div><div class="battle-history"><small>(LEONARDO lost <abbr title="−11/17">64.7%</abbr> of its health!)</small><br></div><div class="spacer battle-history"><br></div><div class="battle-history">LEONARDO fainted!<br></div><div class="spacer battle-history"><br></div><div class="battle-history">Go! NINJA (<strong>Timburr</strong>)!<br></div><div class="spacer battle-history"><br></div><h2 class="battle-history">Turn 12</h2><div class="spacer battle-history"><br></div><div class="battle-history">The opposing Porygon used <strong>Psychic</strong>!<br></div><div class="battle-history"><small>It's super effective!</small><br></div><div class="battle-history"><small>(NINJA lost <abbr title="−19/24">79.2%</abbr> of its health!)</small><br></div><div class="spacer battle-history"><br></div><div class="battle-history">NINJA fainted!<br></div><div class="chat chatmessage-empo"><strong style="color:hsl(43,45%,37.65590455329068%)"><small>★</small><span class="username" data-name="empo">empo</span>:</strong> <em>bop</em></div><div class="spacer battle-history"><br></div><div class="battle-history">Go! MICHELANGELO (<strong>Tirtouga</strong>)!<br></div><div class="spacer battle-history"><br></div><h2 class="battle-history">Turn 13</h2><div class="spacer battle-history"><br></div><div class="battle-history">MICHELANGELO used <strong>Shell Smash</strong>!<br></div><div class="battle-history"><small>MICHELANGELO's Defense fell!</small><br></div><div class="battle-history"><small>MICHELANGELO's Special Defense fell!</small><br></div><div class="battle-history"><small>MICHELANGELO's Attack rose sharply!</small><br></div><div class="battle-history"><small>MICHELANGELO's Special Attack rose sharply!</small><br></div><div class="battle-history"><small>MICHELANGELO's Speed rose sharply!</small><br></div><div class="spacer battle-history"><br></div><div class="battle-history">The opposing Porygon used <strong>Psychic</strong>!<br></div><div class="battle-history"><small>(MICHELANGELO lost <abbr title="−12/22">54.5%</abbr> of its health!)</small><br></div><div class="spacer battle-history"><br></div><h2 class="battle-history">Turn 14</h2><div class="spacer battle-history"><br></div><div class="battle-history">MICHELANGELO used <strong>Waterfall</strong>!<br></div><div class="battle-history"><small>(The opposing Porygon lost <abbr title="−10/25">40%</abbr> of its health!)</small><br></div><div class="spacer battle-history"><br></div><div class="battle-history">The opposing Porygon fainted!<br></div><div class="spacer battle-history"><br></div><div class="battle-history">Krauersaut sent out <strong>Timburr</strong>!<br></div><div class="battle-history"><small>Pointed stones dug into the opposing Timburr!</small><br></div><div class="spacer battle-history"><br></div><h2 class="battle-history">Turn 15</h2><div class="chat chatmessage-krauersaut"><strong style="color:hsl(340,81%,46.1035609604096%)"><small>★</small><span class="username" data-name="Krauersaut">Krauersaut</span>:</strong> <em>i have no clue</em></div><div class="chat chatmessage-krauersaut"><strong style="color:hsl(340,81%,46.1035609604096%)"><small>★</small><span class="username" data-name="Krauersaut">Krauersaut</span>:</strong> <em>what the calcs are</em></div><div class="chat chatmessage-krauersaut"><strong style="color:hsl(340,81%,46.1035609604096%)"><small>★</small><span class="username" data-name="Krauersaut">Krauersaut</span>:</strong> <em>so im gonna blindly press this haha</em></div><div class="spacer battle-history"><br></div><div class="battle-history">MICHELANGELO, come back!<br></div><div class="battle-history">Go! RAFFAELLO (<strong>Fletchling</strong>)!<br></div><div class="spacer battle-history"><br></div><div class="battle-history">The opposing Timburr used <strong>Mach Punch</strong>!<br></div><div class="battle-history"><small>(RAFFAELLO lost <abbr title="−9/23">39.1%</abbr> of its health!)</small><br></div><div class="spacer battle-history"><br></div><h2 class="battle-history">Turn 16</h2><div class="chat chatmessage-krauersaut"><strong style="color:hsl(340,81%,46.1035609604096%)"><small>★</small><span class="username" data-name="Krauersaut">Krauersaut</span>:</strong> <em>ok</em></div><div class="chat chatmessage-krauersaut"><strong style="color:hsl(340,81%,46.1035609604096%)"><small>★</small><span class="username" data-name="Krauersaut">Krauersaut</span>:</strong> <em>i guess that kills</em></div><div class="spacer battle-history"><br></div><div class="battle-history">Krauersaut withdrew Timburr!<br></div><div class="battle-history">Krauersaut sent out <strong>Spritzee</strong>!<br></div><div class="battle-history"><small>Pointed stones dug into the opposing Spritzee!</small><br></div><div class="spacer battle-history"><br></div><div class="battle-history">RAFFAELLO used <strong>Acrobatics</strong>!<br></div><div class="battle-history"><small>(The opposing Spritzee lost <abbr title="−13/27">48.1%</abbr> of its health!)</small><br></div><div class="spacer battle-history"><br></div><h2 class="battle-history">Turn 17</h2><div class="spacer battle-history"><br></div><div class="battle-history">RAFFAELLO used <strong>Acrobatics</strong>!<br></div><div class="battle-history"><small>(The opposing Spritzee lost <abbr title="−9/27">33.3%</abbr> of its health!)</small><br></div><div class="spacer battle-history"><br></div><div class="battle-history">The opposing Spritzee fainted!<br></div><div class="spacer battle-history"><br></div><div class="battle-history">Krauersaut sent out <strong>Tirtouga</strong>!<br></div><div class="battle-history"><small>Pointed stones dug into the opposing Tirtouga!</small><br></div><div class="spacer battle-history"><br></div><h2 class="battle-history">Turn 18</h2><div class="spacer battle-history"><br></div><div class="battle-history">RAFFAELLO used <strong>U-turn</strong>!<br></div><div class="battle-history"><small>(The opposing Tirtouga lost <abbr title="−6/21">28.6%</abbr> of its health!)</small><br></div><div class="spacer battle-history"><br></div><div class="battle-history">RAFFAELLO went back to empo!<br></div><div class="battle-history">Go! DONATELLO (<strong>Magnemite</strong>)!<br></div><div class="spacer battle-history"><br></div><div class="battle-history">The opposing Tirtouga used <strong>Stealth Rock</strong>!<br></div><div class="battle-history"><small>Pointed stones float in the air around your team!</small><br></div><div class="spacer battle-history"><br></div><h2 class="battle-history">Turn 19</h2><div class="spacer battle-history"><br></div><div class="battle-history">Krauersaut withdrew Tirtouga!<br></div><div class="battle-history">Krauersaut sent out <strong>Timburr</strong>!<br></div><div class="battle-history"><small>Pointed stones dug into the opposing Timburr!</small><br></div><div class="spacer battle-history"><br></div><div class="battle-history">DONATELLO used <strong>Thunderbolt</strong>!<br></div><div class="battle-history"><small>(The opposing Timburr lost <abbr title="−12/24">50%</abbr> of its health!)</small><br></div><div class="spacer battle-history"><br></div><h2 class="battle-history">Turn 20</h2><div class="spacer battle-history"><br></div><div class="battle-history">DONATELLO, come back!<br></div><div class="battle-history">Go! MICHELANGELO (<strong>Tirtouga</strong>)!<br></div><div class="battle-history"><small>Pointed stones dug into MICHELANGELO!</small><br></div><div class="spacer battle-history"><br></div><div class="battle-history">The opposing Timburr used <strong>Mach Punch</strong>!<br></div><div class="battle-history"><small>It's super effective!</small><br></div><div class="battle-history"><small>(MICHELANGELO lost <abbr title="−4/22">18.2%</abbr> of its health!)</small><br></div><div class="spacer battle-history"><br></div><h2 class="battle-history">Turn 21</h2><div class="spacer battle-history"><br></div><div class="battle-history">The opposing Timburr used <strong>Mach Punch</strong>!<br></div><div class="battle-history"><small>It's super effective!</small><br></div><div class="battle-history"><small>(MICHELANGELO lost <abbr title="−4/22">18.2%</abbr> of its health!)</small><br></div><div class="spacer battle-history"><br></div><div class="battle-history">MICHELANGELO fainted!<br></div><div class="spacer battle-history"><br></div><div class="battle-history">Go! RAFFAELLO (<strong>Fletchling</strong>)!<br></div><div class="battle-history"><small>Pointed stones dug into RAFFAELLO!</small><br></div><div class="spacer battle-history"><br></div><h2 class="battle-history">Turn 22</h2><div class="chat chatmessage-krauersaut"><strong style="color:hsl(340,81%,46.1035609604096%)"><small>★</small><span class="username" data-name="Krauersaut">Krauersaut</span>:</strong> <em>holy thats bulky</em></div><div class="spacer battle-history"><br></div><div class="battle-history">RAFFAELLO used <strong>Acrobatics</strong>!<br></div><div class="battle-history"><small>It's super effective!</small><br></div><div class="battle-history"><small>(The opposing Timburr lost <abbr title="−10/24">41.7%</abbr> of its health!)</small><br></div><div class="spacer battle-history"><br></div><div class="battle-history">The opposing Timburr fainted!<br></div><div class="spacer battle-history"><br></div><div class="battle-history">Krauersaut sent out <strong>Tirtouga</strong>!<br></div><div class="battle-history"><small>Pointed stones dug into the opposing Tirtouga!</small><br></div><div class="spacer battle-history"><br></div><h2 class="battle-history">Turn 23</h2><div class="spacer battle-history"><br></div><div class="battle-history">RAFFAELLO used <strong>U-turn</strong>!<br></div><div class="battle-history"><small>(The opposing Tirtouga lost <abbr title="−5/21">23.8%</abbr> of its health!)</small><br></div><div class="battle-history"><small>(The opposing Tirtouga used its Berry Juice!)</small><br></div><div class="battle-history"><small>The opposing Tirtouga restored HP using its Berry Juice!</small><br></div><div class="spacer battle-history"><br></div><div class="battle-history">RAFFAELLO went back to empo!<br></div><div class="battle-history">Go! DONATELLO (<strong>Magnemite</strong>)!<br></div><div class="battle-history"><small>Pointed stones dug into DONATELLO!</small><br></div><div class="spacer battle-history"><br></div><div class="battle-history">The opposing Tirtouga used <strong>Shell Smash</strong>!<br></div><div class="battle-history"><small>The opposing Tirtouga's Defense fell!</small><br></div><div class="battle-history"><small>The opposing Tirtouga's Special Defense fell!</small><br></div><div class="battle-history"><small>The opposing Tirtouga's Attack rose sharply!</small><br></div><div class="battle-history"><small>The opposing Tirtouga's Special Attack rose sharply!</small><br></div><div class="battle-history"><small>The opposing Tirtouga's Speed rose sharply!</small><br></div><div class="spacer battle-history"><br></div><h2 class="battle-history">Turn 24</h2><div class="spacer battle-history"><br></div><div class="battle-history">The opposing Tirtouga used <strong>Waterfall</strong>!<br></div><div class="battle-history"><small>(DONATELLO lost <abbr title="−18/19">94.7%</abbr> of its health!)</small><br></div><div class="spacer battle-history"><br></div><div class="battle-history">DONATELLO fainted!<br></div><div class="chat chatmessage-krauersaut"><strong style="color:hsl(340,81%,46.1035609604096%)"><small>★</small><span class="username" data-name="Krauersaut">Krauersaut</span>:</strong> <em>gg bro</em></div><div class="chat chatmessage-empo"><strong style="color:hsl(43,45%,37.65590455329068%)"><small>★</small><span class="username" data-name="empo">empo</span>:</strong> <em>yh gg</em></div><div class="spacer battle-history"><br></div><div class="battle-history"><small>empo forfeited.</small><br></div><div class="spacer battle-history"><br></div><div class="battle-history"><strong>Krauersaut</strong> won the battle!<br></div><div class="chat"><small>empo left.</small></div></div><div class="inner-preempt"></div></div></div>
</div>
<script>
let daily = Math.floor(Date.now()/1000/60/60/24);document.write('<script src="https://play.pokemonshowdown.com/js/replay-embed.js?version'+daily+'"></'+'script>');
</script>
