<!DOCTYPE html>
<meta charset="utf-8" />
<!-- version 1 -->
<title>LC replay: ViTALiTY64 vs. pikachooka</title>
<style>
html,body {font-family:Verdana, sans-serif;font-size:10pt;margin:0;padding:0;}body{padding:12px 0;} .battle-log {font-family:Verdana, sans-serif;font-size:10pt;} .battle-log-inline {border:1px solid #AAAAAA;background:#EEF2F5;color:black;max-width:640px;margin:0 auto 80px;padding-bottom:5px;} .battle-log .inner {padding:4px 8px 0px 8px;} .battle-log .inner-preempt {padding:0 8px 4px 8px;} .battle-log .inner-after {margin-top:0.5em;} .battle-log h2 {margin:0.5em -8px;padding:4px 8px;border:1px solid #AAAAAA;background:#E0E7EA;border-left:0;border-right:0;font-family:Verdana, sans-serif;font-size:13pt;} .battle-log .chat {vertical-align:middle;padding:3px 0 3px 0;font-size:8pt;} .battle-log .chat strong {color:#40576A;} .battle-log .chat em {padding:1px 4px 1px 3px;color:#000000;font-style:normal;} .chat.mine {background:rgba(0,0,0,0.05);margin-left:-8px;margin-right:-8px;padding-left:8px;padding-right:8px;} .spoiler {color:#BBBBBB;background:#BBBBBB;padding:0px 3px;} .spoiler:hover, .spoiler:active, .spoiler-shown {color:#000000;background:#E2E2E2;padding:0px 3px;} .spoiler a {color:#BBBBBB;} .spoiler:hover a, .spoiler:active a, .spoiler-shown a {color:#2288CC;} .chat code, .chat .spoiler:hover code, .chat .spoiler:active code, .chat .spoiler-shown code {border:1px solid #C0C0C0;background:#EEEEEE;color:black;padding:0 2px;} .chat .spoiler code {border:1px solid #CCCCCC;background:#CCCCCC;color:#CCCCCC;} .battle-log .rated {padding:3px 4px;} .battle-log .rated strong {color:white;background:#89A;padding:1px 4px;border-radius:4px;} .spacer {margin-top:0.5em;} .message-announce {background:#6688AA;color:white;padding:1px 4px 2px;} .message-announce a, .broadcast-green a, .broadcast-blue a, .broadcast-red a {color:#DDEEFF;} .broadcast-green {background-color:#559955;color:white;padding:2px 4px;} .broadcast-blue {background-color:#6688AA;color:white;padding:2px 4px;} .infobox {border:1px solid #6688AA;padding:2px 4px;} .infobox-limited {max-height:200px;overflow:auto;overflow-x:hidden;} .broadcast-red {background-color:#AA5544;color:white;padding:2px 4px;} .message-learn-canlearn {font-weight:bold;color:#228822;text-decoration:underline;} .message-learn-cannotlearn {font-weight:bold;color:#CC2222;text-decoration:underline;} .message-effect-weak {font-weight:bold;color:#CC2222;} .message-effect-resist {font-weight:bold;color:#6688AA;} .message-effect-immune {font-weight:bold;color:#666666;} .message-learn-list {margin-top:0;margin-bottom:0;} .message-throttle-notice, .message-error {color:#992222;} .message-overflow, .chat small.message-overflow {font-size:0pt;} .message-overflow::before {font-size:9pt;content:'...';} .subtle {color:#3A4A66;}
</style>
<div class="wrapper replay-wrapper" style="max-width:1180px;margin:0 auto">
<input type="hidden" name="replayid" value="lc-478066240" />
<div class="battle"></div><div class="battle-log"></div><div class="replay-controls"></div><div class="replay-controls-2"></div>
<h1 style="font-weight:normal;text-align:center"><strong>LC</strong><br /><a href="http://pokemonshowdown.com/users/vitality64" class="subtle" target="_blank">ViTALiTY64</a> vs. <a href="http://pokemonshowdown.com/users/pikachooka" class="subtle" target="_blank">pikachooka</a></h1>
<script type="text/plain" class="battle-log-data">|j|ViTALiTY64
|j|pikachooka
|player|p1|ViTALiTY64|130
|player|p2|pikachooka|1
|gametype|singles
|gen|6
|tier|LC
|rated
|seed|40994,51224,18111,3868
|clearpoke
|poke|p1|Voltorb, L5|item
|poke|p1|Porygon, L5|item
|poke|p1|Woobat, L5, M|item
|poke|p1|Scraggy, L5, M|item
|poke|p1|Shellder, L5, M, shiny|item
|poke|p1|Oddish, L5, F|item
|poke|p2|Omanyte, L5, F, shiny|item
|poke|p2|Archen, L5, M, shiny|item
|poke|p2|Cubone, L5, M, shiny|item
|poke|p2|Taillow, L5, M, shiny|item
|poke|p2|Snivy, L5, M, shiny|item
|poke|p2|Kabuto, L5, M, shiny|item
|rule|Sleep Clause Mod: Limit one foe put to sleep
|rule|Species Clause: Limit one of each Pokémon
|rule|OHKO Clause: OHKO moves are banned
|rule|Moody Clause: Moody is banned
|rule|Evasion Moves Clause: Evasion moves are banned
|rule|Endless Battle Clause: Forcing endless battles is banned
|rule|HP Percentage Mod: HP is shown in percentages
|teampreview
|choice|team 1, team 2, team 3, team 4, team 5, team 6|team 6, team 2, team 3, team 4, team 5, team 1
|
|start
|switch|p1a: Voltorb|Voltorb, L5|20\/20
|switch|p2a: LC Aerodactyl|Kabuto, L5, M, shiny|20\/20
|-item|p1a: Voltorb|Air Balloon
|turn|1
|choice|move thunderbolt|switch 5
|
|switch|p2a: Xtra viable|Snivy, L5, M, shiny|21\/21
|move|p1a: Voltorb|Thunderbolt|p2a: Xtra viable
|-resisted|p2a: Xtra viable
|-damage|p2a: Xtra viable|14\/21
|
|turn|2
|choice|move hiddenpower|move leafstorm
|
|move|p2a: Xtra viable|Leaf Storm|p1a: Voltorb
|-damage|p1a: Voltorb|2\/20
|-enditem|p1a: Voltorb|Air Balloon
|-boost|p2a: Xtra viable|spa|2
|move|p1a: Voltorb|Hidden Power|p2a: Xtra viable
|-supereffective|p2a: Xtra viable
|-damage|p2a: Xtra viable|0 fnt
|faint|p2a: Xtra viable
|
|choice||switch 3
|
|switch|p2a: 5yr old stripper|Cubone, L5, M, shiny|21\/21
|turn|3
|choice|move hiddenpower|move doubleedge
|
|move|p1a: Voltorb|Hidden Power|p2a: 5yr old stripper
|-supereffective|p2a: 5yr old stripper
|-damage|p2a: 5yr old stripper|9\/21
|move|p2a: 5yr old stripper|Double-Edge|p1a: Voltorb
|-damage|p1a: Voltorb|0 fnt
|faint|p1a: Voltorb
|
|choice|switch 5|
|
|switch|p1a: Shellder|Shellder, L5, M, shiny|19\/19
|turn|4
|choice|move iciclespear|move substitute
|
|move|p1a: Shellder|Icicle Spear|p2a: 5yr old stripper
|-supereffective|p2a: 5yr old stripper
|-damage|p2a: 5yr old stripper|5\/21
|-supereffective|p2a: 5yr old stripper
|-damage|p2a: 5yr old stripper|1\/21
|-supereffective|p2a: 5yr old stripper
|-damage|p2a: 5yr old stripper|0 fnt
|-hitcount|p2a: 5yr old stripper|3
|faint|p2a: 5yr old stripper
|
|choice||switch 6
|
|switch|p2a: Sheldon Cooper|Omanyte, L5, F, shiny|20\/20
|turn|5
|choice|switch 6|move knockoff
|
|switch|p1a: Oddish|Oddish, L5, F|21\/21
|move|p2a: Sheldon Cooper|Knock Off|p1a: Oddish
|-damage|p1a: Oddish|11\/21
|-enditem|p1a: Oddish|Heat Rock|[from] move: Knock Off|[of] p2a: Sheldon Cooper
|
|turn|6
|choice|move sunnyday|switch 4
|
|switch|p2a: Dank|Taillow, L5, M, shiny|21\/21
|move|p1a: Oddish|Sunny Day|p1a: Oddish
|-weather|SunnyDay
|
|-weather|SunnyDay|[upkeep]
|turn|7
|choice|move sludgebomb|move boomburst
|
|move|p1a: Oddish|Sludge Bomb|p2a: Dank
|-damage|p2a: Dank|3\/21
|move|p2a: Dank|Boomburst|p1a: Oddish
|-damage|p1a: Oddish|0 fnt
|-damage|p2a: Dank|1\/21|[from] item: Life Orb
|faint|p1a: Oddish
|
|-weather|SunnyDay|[upkeep]
|choice|switch 6|
|
|switch|p1a: Shellder|Shellder, L5, M, shiny|19\/19
|turn|8
|choice|move rockblast|move boomburst
|
|move|p1a: Shellder|Rock Blast|p2a: Dank
|-supereffective|p2a: Dank
|-damage|p2a: Dank|0 fnt
|-hitcount|p2a: Dank|1
|faint|p2a: Dank
|
|-weather|SunnyDay|[upkeep]
|choice||switch 5
|
|switch|p2a: LC Aerodactyl|Kabuto, L5, M, shiny|20\/20
|turn|9
|choice|switch 3|move honeclaws
|
|switch|p1a: Woobat|Woobat, L5, M|22\/22
|move|p2a: LC Aerodactyl|Hone Claws|p2a: LC Aerodactyl
|-boost|p2a: LC Aerodactyl|atk|1
|-boost|p2a: LC Aerodactyl|accuracy|1
|
|-weather|SunnyDay|[upkeep]
|turn|10
|choice|move psychic|move rockslide
|
|move|p2a: LC Aerodactyl|Rock Slide|p1a: Woobat
|-supereffective|p1a: Woobat
|-damage|p1a: Woobat|0 fnt
|faint|p1a: Woobat
|
|-weather|none
|choice|switch 4|
|
|switch|p1a: Scraggy|Scraggy, L5, M|21\/21
|turn|11
|choice|move drainpunch|move frustration
|
|move|p2a: LC Aerodactyl|Frustration|p1a: Scraggy
|-damage|p1a: Scraggy|5\/21
|move|p1a: Scraggy|Drain Punch|p2a: LC Aerodactyl
|-supereffective|p2a: LC Aerodactyl
|-enditem|p2a: LC Aerodactyl|Focus Sash
|-damage|p2a: LC Aerodactyl|1\/20
|-heal|p1a: Scraggy|15\/21|[from] drain|[of] p2a: LC Aerodactyl
|-ability|p2a: LC Aerodactyl|Weak Armor|boost
|-unboost|p2a: LC Aerodactyl|def|1
|-boost|p2a: LC Aerodactyl|spe|1
|
|turn|12
|choice|move knockoff|move rockslide
|
|move|p2a: LC Aerodactyl|Rock Slide|p1a: Scraggy
|-resisted|p1a: Scraggy
|-damage|p1a: Scraggy|7\/21
|move|p1a: Scraggy|Knock Off|p2a: LC Aerodactyl
|-damage|p2a: LC Aerodactyl|0 fnt
|faint|p2a: LC Aerodactyl
|-ability|p1a: Scraggy|Moxie|boost
|-boost|p1a: Scraggy|atk|1
|
|choice||switch 4
|
|switch|p2a: Sheldon Cooper|Omanyte, L5, F, shiny|20\/20
|turn|13
|choice|move knockoff|move shellsmash
|
|move|p2a: Sheldon Cooper|Shell Smash|p2a: Sheldon Cooper
|-unboost|p2a: Sheldon Cooper|def|1
|-unboost|p2a: Sheldon Cooper|spd|1
|-boost|p2a: Sheldon Cooper|atk|2
|-boost|p2a: Sheldon Cooper|spa|2
|-boost|p2a: Sheldon Cooper|spe|2
|move|p1a: Scraggy|Knock Off|p2a: Sheldon Cooper
|-enditem|p2a: Sheldon Cooper|Focus Sash
|-damage|p2a: Sheldon Cooper|1\/20
|-ability|p2a: Sheldon Cooper|Weak Armor|boost
|-unboost|p2a: Sheldon Cooper|def|1
|-boost|p2a: Sheldon Cooper|spe|1
|
|turn|14
|choice|move drainpunch|move waterfall
|
|move|p2a: Sheldon Cooper|Waterfall|p1a: Scraggy
|-damage|p1a: Scraggy|0 fnt
|faint|p1a: Scraggy
|
|choice|switch 2|
|
|switch|p1a: Porygon|Porygon, L5|23\/23
|-ability|p1a: Porygon|Weak Armor|[from] ability: Trace|[of] p2a: Sheldon Cooper
|turn|15
|choice|move triattack|move rockblast
|
|move|p2a: Sheldon Cooper|Rock Blast|p1a: Porygon
|-damage|p1a: Porygon|19\/23
|-ability|p1a: Porygon|Weak Armor|boost
|-unboost|p1a: Porygon|def|1
|-boost|p1a: Porygon|spe|1
|-damage|p1a: Porygon|12\/23
|-ability|p1a: Porygon|Weak Armor|boost
|-unboost|p1a: Porygon|def|1
|-boost|p1a: Porygon|spe|1
|-damage|p1a: Porygon|2\/23
|-ability|p1a: Porygon|Weak Armor|boost
|-unboost|p1a: Porygon|def|1
|-boost|p1a: Porygon|spe|1
|-damage|p1a: Porygon|0 fnt
|-hitcount|p1a: Porygon|4
|faint|p1a: Porygon
|
|choice|switch 3|
|
|switch|p1a: Shellder|Shellder, L5, M, shiny|19\/19
|turn|16
|c|★pikachooka|RAWR XD
|choice|move iciclespear|move rockblast
|
|move|p2a: Sheldon Cooper|Rock Blast|p1a: Shellder
|-damage|p1a: Shellder|13\/19
|-damage|p1a: Shellder|7\/19
|-hitcount|p1a: Shellder|2
|move|p1a: Shellder|Icicle Spear|p2a: Sheldon Cooper
|-resisted|p2a: Sheldon Cooper
|-damage|p2a: Sheldon Cooper|0 fnt
|-hitcount|p2a: Sheldon Cooper|1
|faint|p2a: Sheldon Cooper
|
|c|★ViTALiTY64|dat trace fail >.<
|c|★pikachooka|WELL POOO
|c|★pikachooka|help me hack gods
|choice||switch 2
|
|switch|p2a: #2 overall 0_o|Archen, L5, M, shiny|22\/22
|turn|17
|choice|move iciclespear|move earthquake
|
|move|p1a: Shellder|Icicle Spear|p2a: #2 overall 0_o
|-supereffective|p2a: #2 overall 0_o
|-damage|p2a: #2 overall 0_o|16\/22
|-supereffective|p2a: #2 overall 0_o
|-damage|p2a: #2 overall 0_o|10\/22
|-enditem|p2a: #2 overall 0_o|Sitrus Berry|[eat]
|-heal|p2a: #2 overall 0_o|15\/22|[from] item: Sitrus Berry
|-supereffective|p2a: #2 overall 0_o
|-damage|p2a: #2 overall 0_o|9\/22
|-supereffective|p2a: #2 overall 0_o
|-damage|p2a: #2 overall 0_o|1\/22
|-supereffective|p2a: #2 overall 0_o
|-damage|p2a: #2 overall 0_o|0 fnt
|-hitcount|p2a: #2 overall 0_o|5
|faint|p2a: #2 overall 0_o
|
|win|ViTALiTY64
|player|p1
|player|p2
|raw|ViTALiTY64's rating: 1106 &rarr; <strong>1127<\/strong><br \/>(+21 for winning)
|raw|pikachooka's rating: 1042 &rarr; <strong>1028<\/strong><br \/>(-14 for losing)
|c|★pikachooka|POOOOO
|l|ViTALiTY64</script>
</div>
<div class="battle-log battle-log-inline"><div class="inner"><div class="battle-options"></div><div class="inner"><div class="chat"><small>ViTALiTY64 joined.</small></div><div class="chat"><small>pikachooka joined.</small></div><div class=""><small>Format:</small> <br><strong>LC</strong></div><div class="rated"><strong>Rated battle</strong></div><div class=""><small><em>Sleep Clause Mod:</em> Limit one foe put to sleep</small></div><div class=""><small><em>Species Clause:</em> Limit one of each Pokémon</small></div><div class=""><small><em>OHKO Clause:</em> OHKO moves are banned</small></div><div class=""><small><em>Moody Clause:</em> Moody is banned</small></div><div class=""><small><em>Evasion Moves Clause:</em> Evasion moves are banned</small></div><div class=""><small><em>Endless Battle Clause:</em> Forcing endless battles is banned</small></div><div class=""><small><em>HP Percentage Mod:</em> HP is shown in percentages</small></div><div class="chat battle-history"><strong>ViTALiTY64's team:</strong> <em style="color:#445566;display:block;">Voltorb / Porygon / Woobat / Scraggy / Shellder / Oddish</em></div><div class="chat battle-history"><strong>pikachooka's team:</strong> <em style="color:#445566;display:block;">Omanyte / Archen / Cubone / Taillow / Snivy / Kabuto</em></div><div class="spacer battle-history"><br></div><div class="battle-history">Battle started between ViTALiTY64 and pikachooka!<br></div><div class="spacer battle-history"><br></div><div class="battle-history">Go! <strong>Voltorb</strong>!<br></div><div class="spacer battle-history"><br></div><div class="battle-history">pikachooka sent out LC Aerodactyl (<strong>Kabuto</strong>)!<br></div><div class="battle-history"><small>Voltorb floats in the air with its Air Balloon!</small><br></div><div class="spacer battle-history"><br></div><h2 class="battle-history">Turn 1</h2><div class="spacer battle-history"><br></div><div class="battle-history">pikachooka withdrew LC Aerodactyl!<br></div><div class="battle-history">pikachooka sent out Xtra viable (<strong>Snivy</strong>)!<br></div><div class="spacer battle-history"><br></div><div class="battle-history">Voltorb used <strong>Thunderbolt</strong>!<br></div><div class="battle-history"><small>It's not very effective...</small><br></div><div class="battle-history"><small>(The opposing Xtra viable lost <abbr title="−7/21">33.3%</abbr> of its health!)</small><br></div><div class="spacer battle-history"><br></div><h2 class="battle-history">Turn 2</h2><div class="spacer battle-history"><br></div><div class="battle-history">The opposing Xtra viable used <strong>Leaf Storm</strong>!<br></div><div class="battle-history"><small>(Voltorb lost <abbr title="−18/20">90%</abbr> of its health!)</small><br></div><div class="battle-history"><small>Voltorb's Air Balloon popped!</small><br></div><div class="battle-history"><small>The opposing Xtra viable's Special Attack rose sharply!</small><br></div><div class="spacer battle-history"><br></div><div class="battle-history">Voltorb used <strong>Hidden Power</strong>!<br></div><div class="battle-history"><small>It's super effective!</small><br></div><div class="battle-history"><small>(The opposing Xtra viable lost <abbr title="−14/21">66.7%</abbr> of its health!)</small><br></div><div class="spacer battle-history"><br></div><div class="battle-history">The opposing Xtra viable fainted!<br></div><div class="spacer battle-history"><br></div><div class="battle-history">pikachooka sent out 5yr old stripper (<strong>Cubone</strong>)!<br></div><div class="spacer battle-history"><br></div><h2 class="battle-history">Turn 3</h2><div class="spacer battle-history"><br></div><div class="battle-history">Voltorb used <strong>Hidden Power</strong>!<br></div><div class="battle-history"><small>It's super effective!</small><br></div><div class="battle-history"><small>(The opposing 5yr old stripper lost <abbr title="−12/21">57.1%</abbr> of its health!)</small><br></div><div class="spacer battle-history"><br></div><div class="battle-history">The opposing 5yr old stripper used <strong>Double-Edge</strong>!<br></div><div class="battle-history"><small>(Voltorb lost <abbr title="−2/20">10%</abbr> of its health!)</small><br></div><div class="spacer battle-history"><br></div><div class="battle-history">Voltorb fainted!<br></div><div class="spacer battle-history"><br></div><div class="battle-history">Go! <strong>Shellder</strong>!<br></div><div class="spacer battle-history"><br></div><h2 class="battle-history">Turn 4</h2><div class="spacer battle-history"><br></div><div class="battle-history">Shellder used <strong>Icicle Spear</strong>!<br></div><div class="battle-history"><small>It's super effective!</small><br></div><div class="battle-history"><small>(The opposing 5yr old stripper lost <abbr title="−4/21">19.0%</abbr> of its health!)</small><br></div><div class="battle-history"><small>It's super effective!</small><br></div><div class="battle-history"><small>(The opposing 5yr old stripper lost <abbr title="−4/21">19.0%</abbr> of its health!)</small><br></div><div class="battle-history"><small>It's super effective!</small><br></div><div class="battle-history"><small>(The opposing 5yr old stripper lost <abbr title="−1/21">4.8%</abbr> of its health!)</small><br></div><div class="battle-history"><small>Hit 3 times!</small><br></div><div class="spacer battle-history"><br></div><div class="battle-history">The opposing 5yr old stripper fainted!<br></div><div class="spacer battle-history"><br></div><div class="battle-history">pikachooka sent out Sheldon Cooper (<strong>Omanyte</strong>)!<br></div><div class="spacer battle-history"><br></div><h2 class="battle-history">Turn 5</h2><div class="spacer battle-history"><br></div><div class="battle-history">Shellder, come back!<br></div><div class="battle-history">Go! <strong>Oddish</strong>!<br></div><div class="spacer battle-history"><br></div><div class="battle-history">The opposing Sheldon Cooper used <strong>Knock Off</strong>!<br></div><div class="battle-history"><small>(Oddish lost <abbr title="−10/21">47.6%</abbr> of its health!)</small><br></div><div class="battle-history"><small>The opposing Sheldon Cooper knocked off Oddish's Heat Rock!</small><br></div><div class="spacer battle-history"><br></div><h2 class="battle-history">Turn 6</h2><div class="spacer battle-history"><br></div><div class="battle-history">pikachooka withdrew Sheldon Cooper!<br></div><div class="battle-history">pikachooka sent out Dank (<strong>Taillow</strong>)!<br></div><div class="spacer battle-history"><br></div><div class="battle-history">Oddish used <strong>Sunny Day</strong>!<br></div><div class="battle-history"><small>The sunlight turned harsh!</small><br></div><div class="spacer battle-history"><br></div><div class="battle-history"><small>(The sunlight is strong!)</small><br></div><div class="spacer battle-history"><br></div><h2 class="battle-history">Turn 7</h2><div class="spacer battle-history"><br></div><div class="battle-history">Oddish used <strong>Sludge Bomb</strong>!<br></div><div class="battle-history"><small>(The opposing Dank lost <abbr title="−18/21">85.7%</abbr> of its health!)</small><br></div><div class="spacer battle-history"><br></div><div class="battle-history">The opposing Dank used <strong>Boomburst</strong>!<br></div><div class="battle-history"><small>(Oddish lost <abbr title="−11/21">52.4%</abbr> of its health!)</small><br></div><div class="battle-history"><small>The opposing Dank lost some of its HP!</small><br></div><div class="spacer battle-history"><br></div><div class="battle-history">Oddish fainted!<br></div><div class="spacer battle-history"><br></div><div class="battle-history"><small>(The sunlight is strong!)</small><br></div><div class="spacer battle-history"><br></div><div class="battle-history">Go! <strong>Shellder</strong>!<br></div><div class="spacer battle-history"><br></div><h2 class="battle-history">Turn 8</h2><div class="spacer battle-history"><br></div><div class="battle-history">Shellder used <strong>Rock Blast</strong>!<br></div><div class="battle-history"><small>It's super effective!</small><br></div><div class="battle-history"><small>(The opposing Dank lost <abbr title="−1/21">4.8%</abbr> of its health!)</small><br></div><div class="battle-history"><small>Hit 1 time!</small><br></div><div class="spacer battle-history"><br></div><div class="battle-history">The opposing Dank fainted!<br></div><div class="spacer battle-history"><br></div><div class="battle-history"><small>(The sunlight is strong!)</small><br></div><div class="spacer battle-history"><br></div><div class="battle-history">pikachooka sent out LC Aerodactyl (<strong>Kabuto</strong>)!<br></div><div class="spacer battle-history"><br></div><h2 class="battle-history">Turn 9</h2><div class="spacer battle-history"><br></div><div class="battle-history">Shellder, come back!<br></div><div class="battle-history">Go! <strong>Woobat</strong>!<br></div><div class="spacer battle-history"><br></div><div class="battle-history">The opposing LC Aerodactyl used <strong>Hone Claws</strong>!<br></div><div class="battle-history"><small>The opposing LC Aerodactyl's Attack rose!</small><br></div><div class="battle-history"><small>The opposing LC Aerodactyl's accuracy rose!</small><br></div><div class="spacer battle-history"><br></div><div class="battle-history"><small>(The sunlight is strong!)</small><br></div><div class="spacer battle-history"><br></div><h2 class="battle-history">Turn 10</h2><div class="spacer battle-history"><br></div><div class="battle-history">The opposing LC Aerodactyl used <strong>Rock Slide</strong>!<br></div><div class="battle-history"><small>It's super effective!</small><br></div><div class="battle-history"><small>(Woobat lost <abbr title="−22/22">100%</abbr> of its health!)</small><br></div><div class="spacer battle-history"><br></div><div class="battle-history">Woobat fainted!<br></div><div class="spacer battle-history"><br></div><div class="battle-history"><small>The sunlight faded.</small><br></div><div class="spacer battle-history"><br></div><div class="battle-history">Go! <strong>Scraggy</strong>!<br></div><div class="spacer battle-history"><br></div><h2 class="battle-history">Turn 11</h2><div class="spacer battle-history"><br></div><div class="battle-history">The opposing LC Aerodactyl used <strong>Frustration</strong>!<br></div><div class="battle-history"><small>(Scraggy lost <abbr title="−16/21">76.2%</abbr> of its health!)</small><br></div><div class="spacer battle-history"><br></div><div class="battle-history">Scraggy used <strong>Drain Punch</strong>!<br></div><div class="battle-history"><small>It's super effective!</small><br></div><div class="battle-history"><small>The opposing LC Aerodactyl hung on using its Focus Sash!</small><br></div><div class="battle-history"><small>(The opposing LC Aerodactyl lost <abbr title="−19/20">95%</abbr> of its health!)</small><br></div><div class="battle-history"><small>The opposing LC Aerodactyl had its energy drained!</small><br></div><div class="battle-history"><small>[The opposing LC Aerodactyl's Weak Armor]</small><br></div><div class="battle-history"><small>The opposing LC Aerodactyl's Defense fell!</small><br></div><div class="battle-history"><small>The opposing LC Aerodactyl's Speed rose!</small><br></div><div class="spacer battle-history"><br></div><h2 class="battle-history">Turn 12</h2><div class="spacer battle-history"><br></div><div class="battle-history">The opposing LC Aerodactyl used <strong>Rock Slide</strong>!<br></div><div class="battle-history"><small>It's not very effective...</small><br></div><div class="battle-history"><small>(Scraggy lost <abbr title="−8/21">38.1%</abbr> of its health!)</small><br></div><div class="spacer battle-history"><br></div><div class="battle-history">Scraggy used <strong>Knock Off</strong>!<br></div><div class="battle-history"><small>(The opposing LC Aerodactyl lost <abbr title="−1/20">5%</abbr> of its health!)</small><br></div><div class="spacer battle-history"><br></div><div class="battle-history">The opposing LC Aerodactyl fainted!<br></div><div class="battle-history"><small>[Scraggy's Moxie]</small><br></div><div class="battle-history"><small>Scraggy's Attack rose!</small><br></div><div class="spacer battle-history"><br></div><div class="battle-history">pikachooka sent out Sheldon Cooper (<strong>Omanyte</strong>)!<br></div><div class="spacer battle-history"><br></div><h2 class="battle-history">Turn 13</h2><div class="spacer battle-history"><br></div><div class="battle-history">The opposing Sheldon Cooper used <strong>Shell Smash</strong>!<br></div><div class="battle-history"><small>The opposing Sheldon Cooper's Defense fell!</small><br></div><div class="battle-history"><small>The opposing Sheldon Cooper's Special Defense fell!</small><br></div><div class="battle-history"><small>The opposing Sheldon Cooper's Attack rose sharply!</small><br></div><div class="battle-history"><small>The opposing Sheldon Cooper's Special Attack rose sharply!</small><br></div><div class="battle-history"><small>The opposing Sheldon Cooper's Speed rose sharply!</small><br></div><div class="spacer battle-history"><br></div><div class="battle-history">Scraggy used <strong>Knock Off</strong>!<br></div><div class="battle-history"><small>The opposing Sheldon Cooper hung on using its Focus Sash!</small><br></div><div class="battle-history"><small>(The opposing Sheldon Cooper lost <abbr title="−19/20">95%</abbr> of its health!)</small><br></div><div class="battle-history"><small>[The opposing Sheldon Cooper's Weak Armor]</small><br></div><div class="battle-history"><small>The opposing Sheldon Cooper's Defense fell!</small><br></div><div class="battle-history"><small>The opposing Sheldon Cooper's Speed rose!</small><br></div><div class="spacer battle-history"><br></div><h2 class="battle-history">Turn 14</h2><div class="spacer battle-history"><br></div><div class="battle-history">The opposing Sheldon Cooper used <strong>Waterfall</strong>!<br></div><div class="battle-history"><small>(Scraggy lost <abbr title="−7/21">33.3%</abbr> of its health!)</small><br></div><div class="spacer battle-history"><br></div><div class="battle-history">Scraggy fainted!<br></div><div class="spacer battle-history"><br></div><div class="battle-history">Go! <strong>Porygon</strong>!<br></div><div class="battle-history"><small>[Porygon's Trace]</small><br><small>[Porygon's Weak Armor]</small><br><small>Porygon traced the opposing Sheldon Cooper's Weak Armor!</small><br></div><div class="spacer battle-history"><br></div><h2 class="battle-history">Turn 15</h2><div class="spacer battle-history"><br></div><div class="battle-history">The opposing Sheldon Cooper used <strong>Rock Blast</strong>!<br></div><div class="battle-history"><small>(Porygon lost <abbr title="−4/23">17.4%</abbr> of its health!)</small><br></div><div class="battle-history"><small>[Porygon's Weak Armor]</small><br></div><div class="battle-history"><small>Porygon's Defense fell!</small><br></div><div class="battle-history"><small>Porygon's Speed rose!</small><br></div><div class="battle-history"><small>(Porygon lost <abbr title="−7/23">30.4%</abbr> of its health!)</small><br></div><div class="battle-history"><small>[Porygon's Weak Armor]</small><br></div><div class="battle-history"><small>Porygon's Defense fell!</small><br></div><div class="battle-history"><small>Porygon's Speed rose!</small><br></div><div class="battle-history"><small>(Porygon lost <abbr title="−10/23">43.5%</abbr> of its health!)</small><br></div><div class="battle-history"><small>[Porygon's Weak Armor]</small><br></div><div class="battle-history"><small>Porygon's Defense fell!</small><br></div><div class="battle-history"><small>Porygon's Speed rose!</small><br></div><div class="battle-history"><small>(Porygon lost <abbr title="−2/23">8.7%</abbr> of its health!)</small><br></div><div class="battle-history"><small>Hit 4 times!</small><br></div><div class="spacer battle-history"><br></div><div class="battle-history">Porygon fainted!<br></div><div class="spacer battle-history"><br></div><div class="battle-history">Go! <strong>Shellder</strong>!<br></div><div class="spacer battle-history"><br></div><h2 class="battle-history">Turn 16</h2><div class="chat chatmessage-pikachooka"><strong style="color:hsl(110,66%,39.911020357510004%)"><small>★</small><span class="username" data-name="pikachooka">pikachooka</span>:</strong> <em>RAWR XD</em></div><div class="spacer battle-history"><br></div><div class="battle-history">The opposing Sheldon Cooper used <strong>Rock Blast</strong>!<br></div><div class="battle-history"><small>(Shellder lost <abbr title="−6/19">31.6%</abbr> of its health!)</small><br></div><div class="battle-history"><small>(Shellder lost <abbr title="−6/19">31.6%</abbr> of its health!)</small><br></div><div class="battle-history"><small>Hit 2 times!</small><br></div><div class="spacer battle-history"><br></div><div class="battle-history">Shellder used <strong>Icicle Spear</strong>!<br></div><div class="battle-history"><small>It's not very effective...</small><br></div><div class="battle-history"><small>(The opposing Sheldon Cooper lost <abbr title="−1/20">5%</abbr> of its health!)</small><br></div><div class="battle-history"><small>Hit 1 time!</small><br></div><div class="spacer battle-history"><br></div><div class="battle-history">The opposing Sheldon Cooper fainted!<br></div><div class="chat chatmessage-vitality64"><strong style="color:hsl(38,61%,41%)"><small>★</small><span class="username" data-name="ViTALiTY64">ViTALiTY64</span>:</strong> <em>dat trace fail &gt;.&lt;</em></div><div class="chat chatmessage-pikachooka"><strong style="color:hsl(110,66%,39.911020357510004%)"><small>★</small><span class="username" data-name="pikachooka">pikachooka</span>:</strong> <em>WELL POOO</em></div><div class="chat chatmessage-pikachooka"><strong style="color:hsl(110,66%,39.911020357510004%)"><small>★</small><span class="username" data-name="pikachooka">pikachooka</span>:</strong> <em>help me hack gods</em></div><div class="spacer battle-history"><br></div><div class="battle-history">pikachooka sent out #2 overall 0_o (<strong>Archen</strong>)!<br></div><div class="spacer battle-history"><br></div><h2 class="battle-history">Turn 17</h2><div class="spacer battle-history"><br></div><div class="battle-history">Shellder used <strong>Icicle Spear</strong>!<br></div><div class="battle-history"><small>It's super effective!</small><br></div><div class="battle-history"><small>(The opposing #2 overall 0_o lost <abbr title="−6/22">27.3%</abbr> of its health!)</small><br></div><div class="battle-history"><small>It's super effective!</small><br></div><div class="battle-history"><small>(The opposing #2 overall 0_o lost <abbr title="−6/22">27.3%</abbr> of its health!)</small><br></div><div class="battle-history"><small>The opposing #2 overall 0_o ate its Sitrus Berry!</small><br></div><div class="battle-history"><small>The opposing #2 overall 0_o restored HP using its Sitrus Berry!</small><br></div><div class="battle-history"><small>It's super effective!</small><br></div><div class="battle-history"><small>(The opposing #2 overall 0_o lost <abbr title="−6/22">27.3%</abbr> of its health!)</small><br></div><div class="battle-history"><small>It's super effective!</small><br></div><div class="battle-history"><small>(The opposing #2 overall 0_o lost <abbr title="−8/22">36.4%</abbr> of its health!)</small><br></div><div class="battle-history"><small>It's super effective!</small><br></div><div class="battle-history"><small>(The opposing #2 overall 0_o lost <abbr title="−1/22">4.5%</abbr> of its health!)</small><br></div><div class="battle-history"><small>Hit 5 times!</small><br></div><div class="spacer battle-history"><br></div><div class="battle-history">The opposing #2 overall 0_o fainted!<br></div><div class="spacer battle-history"><br></div><div class="battle-history"><strong>ViTALiTY64</strong> won the battle!<br></div><div class="chat">ViTALiTY64's rating: 1106 → <strong>1127</strong><br>(+21 for winning)</div><div class="chat">pikachooka's rating: 1042 → <strong>1028</strong><br>(-14 for losing)</div><div class="chat chatmessage-pikachooka"><strong style="color:hsl(110,66%,39.911020357510004%)"><small>★</small><span class="username" data-name="pikachooka">pikachooka</span>:</strong> <em>POOOOO</em></div><div class="chat"><small>ViTALiTY64 left.</small></div></div><div class="inner-preempt"></div></div></div>
</div>
<script>
let daily = Math.floor(Date.now()/1000/60/60/24);document.write('<script src="https://play.pokemonshowdown.com/js/replay-embed.js?version'+daily+'"></'+'script>');
</script>
