<!DOCTYPE html>
<meta charset="utf-8" />
<!-- version 1 -->
<title>LC replay: ab$mommy ★ vs. trash</title>
<style>
html,body {font-family:Verdana, sans-serif;font-size:10pt;margin:0;padding:0;}body{padding:12px 0;} .battle-log {font-family:Verdana, sans-serif;font-size:10pt;} .battle-log-inline {border:1px solid #AAAAAA;background:#EEF2F5;color:black;max-width:640px;margin:0 auto 80px;padding-bottom:5px;} .battle-log .inner {padding:4px 8px 0px 8px;} .battle-log .inner-preempt {padding:0 8px 4px 8px;} .battle-log .inner-after {margin-top:0.5em;} .battle-log h2 {margin:0.5em -8px;padding:4px 8px;border:1px solid #AAAAAA;background:#E0E7EA;border-left:0;border-right:0;font-family:Verdana, sans-serif;font-size:13pt;} .battle-log .chat {vertical-align:middle;padding:3px 0 3px 0;font-size:8pt;} .battle-log .chat strong {color:#40576A;} .battle-log .chat em {padding:1px 4px 1px 3px;color:#000000;font-style:normal;} .chat.mine {background:rgba(0,0,0,0.05);margin-left:-8px;margin-right:-8px;padding-left:8px;padding-right:8px;} .spoiler {color:#BBBBBB;background:#BBBBBB;padding:0px 3px;} .spoiler:hover, .spoiler:active, .spoiler-shown {color:#000000;background:#E2E2E2;padding:0px 3px;} .spoiler a {color:#BBBBBB;} .spoiler:hover a, .spoiler:active a, .spoiler-shown a {color:#2288CC;} .chat code, .chat .spoiler:hover code, .chat .spoiler:active code, .chat .spoiler-shown code {border:1px solid #C0C0C0;background:#EEEEEE;color:black;padding:0 2px;} .chat .spoiler code {border:1px solid #CCCCCC;background:#CCCCCC;color:#CCCCCC;} .battle-log .rated {padding:3px 4px;} .battle-log .rated strong {color:white;background:#89A;padding:1px 4px;border-radius:4px;} .spacer {margin-top:0.5em;} .message-announce {background:#6688AA;color:white;padding:1px 4px 2px;} .message-announce a, .broadcast-green a, .broadcast-blue a, .broadcast-red a {color:#DDEEFF;} .broadcast-green {background-color:#559955;color:white;padding:2px 4px;} .broadcast-blue {background-color:#6688AA;color:white;padding:2px 4px;} .infobox {border:1px solid #6688AA;padding:2px 4px;} .infobox-limited {max-height:200px;overflow:auto;overflow-x:hidden;} .broadcast-red {background-color:#AA5544;color:white;padding:2px 4px;} .message-learn-canlearn {font-weight:bold;color:#228822;text-decoration:underline;} .message-learn-cannotlearn {font-weight:bold;color:#CC2222;text-decoration:underline;} .message-effect-weak {font-weight:bold;color:#CC2222;} .message-effect-resist {font-weight:bold;color:#6688AA;} .message-effect-immune {font-weight:bold;color:#666666;} .message-learn-list {margin-top:0;margin-bottom:0;} .message-throttle-notice, .message-error {color:#992222;} .message-overflow, .chat small.message-overflow {font-size:0pt;} .message-overflow::before {font-size:9pt;content:'...';} .subtle {color:#3A4A66;}
</style>
<div class="wrapper replay-wrapper" style="max-width:1180px;margin:0 auto">
<input type="hidden" name="replayid" value="smogtours-lc-280061" />
<div class="battle"></div><div class="battle-log"></div><div class="replay-controls"></div><div class="replay-controls-2"></div>
<h1 style="font-weight:normal;text-align:center"><strong>LC</strong><br /><a href="http://pokemonshowdown.com/users/abmommy" class="subtle" target="_blank">ab$mommy ★</a> vs. <a href="http://pokemonshowdown.com/users/trash" class="subtle" target="_blank">trash</a></h1>
<script type="text/plain" class="battle-log-data">|inactive|Battle timer is ON: inactive players will automatically lose when time's up.
|J|ab$mommy ★
|J|trash
|player|p1|ab$mommy ★|91
|player|p2|trash|62
|gametype|singles
|gen|6
|tier|LC
|seed|20324,12972,48559,16407
|clearpoke
|poke|p1|Tirtouga, L5, F, shiny|item
|poke|p1|Spritzee, L5, F, shiny|item
|poke|p1|Abra, L5, F, shiny|item
|poke|p1|Porygon, L5, shiny|item
|poke|p1|Timburr, L5, M|item
|poke|p1|Pawniard, L5, M, shiny|item
|poke|p2|Shellder, L5, M|item
|poke|p2|Diglett, L5, F|item
|poke|p2|Fletchling, L5, F|
|poke|p2|Mienfoo, L5, F|item
|poke|p2|Magnemite, L5|item
|poke|p2|Snivy, L5, M|item
|rule|Sleep Clause Mod: Limit one foe put to sleep
|rule|Species Clause: Limit one of each Pokémon
|rule|OHKO Clause: OHKO moves are banned
|rule|Moody Clause: Moody is banned
|rule|Evasion Moves Clause: Evasion moves are banned
|rule|Endless Battle Clause: Forcing endless battles is banned
|rule|HP Percentage Mod: HP is shown in percentages
|teampreview
|c|☆trash|hf
|c|☆ab$mommy ★|hf
|J|ggggd
|J|Nintendi
|J|obii-\\^^^
|c|+obii-\\^^^|PEARL
|J|sken
|J|Feliburn
|c|+sken|vamos perla
|c|+Feliburn|go trash
|J|c oc o nut
|J|pieck
|J|fitzy
|c|+levi|good luck trash!!!!!!
|choice|team 2, team 1, team 3, team 4, team 5, team 6|team 4, team 2, team 3, team 1, team 5, team 6
|
|start
|switch|p1a: b|Spritzee, L5, F, shiny|27\/27
|switch|p2a: Mienfoo|Mienfoo, L5, F|23\/23
|turn|1
|c|+sken|B
|J|GOAO
|choice|move protect|move uturn
|
|move|p1a: b|Protect|p1a: b
|-singleturn|p1a: b|Protect
|move|p2a: Mienfoo|U-turn|p1a: b
|-activate|p1a: b|move: Protect
|
|upkeep
|turn|2
|choice|move calmmind|move uturn
|
|move|p2a: Mienfoo|U-turn|p1a: b
|-resisted|p1a: b
|-damage|p1a: b|25\/27
|c|+GOAO|yall spamming
|choice||switch 5
|
|switch|p2a: Magnemite|Magnemite, L5|19\/19
|move|p1a: b|Calm Mind|p1a: b
|-boost|p1a: b|spa|1
|-boost|p1a: b|spd|1
|
|upkeep
|turn|3
|c|+GOAO|abs teams
|c|+GOAO|i c
|c|+sken|hes going for game
|J|dodmen
|choice|move protect|move flashcannon
|
|move|p1a: b|Protect|p1a: b
|-singleturn|p1a: b|Protect
|move|p2a: Magnemite|Flash Cannon|p1a: b
|-activate|p1a: b|move: Protect
|
|upkeep
|turn|4
|choice|move calmmind|move flashcannon
|
|move|p2a: Magnemite|Flash Cannon|p1a: b
|-supereffective|p1a: b
|-damage|p1a: b|11\/27
|move|p1a: b|Calm Mind|p1a: b
|-boost|p1a: b|spa|1
|-boost|p1a: b|spd|1
|
|upkeep
|turn|5
|choice|move wish|move flashcannon
|
|move|p2a: Magnemite|Flash Cannon|p1a: b
|-supereffective|p1a: b
|-damage|p1a: b|0 fnt
|faint|p1a: b
|
|upkeep
|c|+GOAO|,
|c|+ggggd|so good.
|c|+GOAO|so good
|c|+GOAO|wtf pablo
|c|+Nintendi|so good
|c|+GOAO|stealing my words
|choice|switch 4|
|
|switch|p1a: d|Porygon, L5, shiny|25\/25
|-ability|p1a: d|Download|boost
|-boost|p1a: d|spa|1
|turn|6
|choice|move triattack|move flashcannon
|
|move|p2a: Magnemite|Flash Cannon|p1a: d
|-damage|p1a: d|15\/25
|move|p1a: d|Tri Attack|p2a: Magnemite
|-resisted|p2a: Magnemite
|-damage|p2a: Magnemite|8\/19
|-enditem|p2a: Magnemite|Berry Juice
|-heal|p2a: Magnemite|19\/19|[from] item: Berry Juice
|
|upkeep
|turn|7
|choice|move recover|move flashcannon
|
|move|p2a: Magnemite|Flash Cannon|p1a: d
|-damage|p1a: d|5\/25
|move|p1a: d|Recover|p1a: d
|-heal|p1a: d|18\/25
|
|upkeep
|turn|8
|choice|move psychic|move flashcannon
|
|move|p2a: Magnemite|Flash Cannon|p1a: d
|-damage|p1a: d|8\/25
|move|p1a: d|Psychic|p2a: Magnemite
|-resisted|p2a: Magnemite
|-damage|p2a: Magnemite|12\/19
|-unboost|p2a: Magnemite|spd|1
|
|upkeep
|turn|9
|J|anime character
|J|OP
|J|Mr.378
|c|+Mr.378|absdaddy the legendary lcer
|J|tko
|choice|move recover|move voltswitch
|
|move|p2a: Magnemite|Volt Switch|p1a: d
|-damage|p1a: d|0 fnt
|faint|p1a: d
|choice||switch 6
|
|switch|p2a: Snivy|Snivy, L5, M|21\/21
|
|upkeep
|choice|switch 2|
|
|switch|p1a: a|Tirtouga, L5, F, shiny|21\/21
|turn|10
|c|+GOAO|trash rly is flawless
|choice|move shellsmash|move hiddenpower
|
|move|p2a: Snivy|Hidden Power|p1a: a
|-resisted|p1a: a
|-damage|p1a: a|18\/21
|move|p1a: a|Shell Smash|p1a: a
|-unboost|p1a: a|def|1
|-unboost|p1a: a|spd|1
|-boost|p1a: a|atk|2
|-boost|p1a: a|spa|2
|-boost|p1a: a|spe|2
|
|upkeep
|turn|11
|choice|move stoneedge|move leafstorm
|
|move|p1a: a|Stone Edge|p2a: Snivy
|-damage|p2a: Snivy|0 fnt
|faint|p2a: Snivy
|
|upkeep
|choice||switch 5
|
|switch|p2a: Mienfoo|Mienfoo, L5, F|23\/23
|turn|12
|choice|move waterfall|move drainpunch
|
|move|p1a: a|Waterfall|p2a: Mienfoo
|-damage|p2a: Mienfoo|8\/23
|move|p2a: Mienfoo|Drain Punch|p1a: a
|-supereffective|p1a: a
|-damage|p1a: a|0 fnt
|-heal|p2a: Mienfoo|17\/23|[from] drain|[of] p1a: a
|faint|p1a: a
|
|upkeep
|choice|switch 3|
|
|switch|p1a: s|Abra, L5, F, shiny|19\/19
|turn|13
|choice|move psychic|switch 6
|
|switch|p2a: Magnemite|Magnemite, L5|12\/19
|move|p1a: s|Psychic|p2a: Magnemite
|-resisted|p2a: Magnemite
|-damage|p2a: Magnemite|0 fnt
|faint|p2a: Magnemite
|
|upkeep
|J|lax
|choice||switch 2
|
|switch|p2a: Diglett|Diglett, L5, F|18\/18
|turn|14
|choice|move energyball|move earthquake
|
|move|p2a: Diglett|Earthquake|p1a: s
|-damage|p1a: s|0 fnt
|-damage|p2a: Diglett|17\/18|[from] item: Life Orb
|faint|p1a: s
|
|upkeep
|choice|switch 5|
|
|switch|p1a: ad|Timburr, L5, M|24\/24
|turn|15
|L|Mr.378
|choice|move drainpunch|move earthquake
|
|move|p2a: Diglett|Earthquake|p1a: ad
|-damage|p1a: ad|12\/24
|-damage|p2a: Diglett|16\/18|[from] item: Life Orb
|move|p1a: ad|Drain Punch|p2a: Diglett
|-damage|p2a: Diglett|0 fnt
|-heal|p1a: ad|20\/24|[from] drain|[of] p2a: Diglett
|faint|p2a: Diglett
|
|upkeep
|choice||switch 3
|
|switch|p2a: Fletchling|Fletchling, L5, F|23\/23
|turn|16
|choice|switch 6|move acrobatics
|
|switch|p1a: dy|Pawniard, L5, M, shiny|19\/19
|move|p2a: Fletchling|Acrobatics|p1a: dy
|-resisted|p1a: dy
|-damage|p1a: dy|12\/19
|
|upkeep
|turn|17
|choice|move ironhead|switch 6
|
|switch|p2a: Mienfoo|Mienfoo, L5, F|23\/23
|move|p1a: dy|Iron Head|p2a: Mienfoo
|-damage|p2a: Mienfoo|11\/23
|-damage|p1a: dy|11\/19|[from] item: Life Orb
|
|upkeep
|turn|18
|choice|switch 6|switch 4
|
|switch|p1a: ad|Timburr, L5, M|20\/24
|switch|p2a: Shellder|Shellder, L5, M|20\/20
|
|upkeep
|turn|19
|choice|move drainpunch|move iciclespear
|
|move|p2a: Shellder|Icicle Spear|p1a: ad
|-damage|p1a: ad|18\/24
|-damage|p1a: ad|16\/24
|-damage|p1a: ad|14\/24
|-damage|p1a: ad|12\/24
|-damage|p1a: ad|10\/24
|-hitcount|p1a: ad|5
|move|p1a: ad|Drain Punch|p2a: Shellder
|-damage|p2a: Shellder|14\/20
|-heal|p1a: ad|13\/24|[from] drain|[of] p2a: Shellder
|
|upkeep
|turn|20
|choice|move drainpunch|move iciclespear
|
|move|p2a: Shellder|Icicle Spear|p1a: ad
|-damage|p1a: ad|11\/24
|-damage|p1a: ad|9\/24
|-damage|p1a: ad|7\/24
|-damage|p1a: ad|5\/24
|-damage|p1a: ad|3\/24
|-hitcount|p1a: ad|5
|move|p1a: ad|Drain Punch|p2a: Shellder
|-damage|p2a: Shellder|8\/20
|-heal|p1a: ad|6\/24|[from] drain|[of] p2a: Shellder
|
|upkeep
|turn|21
|choice|move machpunch|move iciclespear
|
|move|p1a: ad|Mach Punch|p2a: Shellder
|-damage|p2a: Shellder|5\/20
|move|p2a: Shellder|Icicle Spear|p1a: ad
|-damage|p1a: ad|4\/24
|-damage|p1a: ad|2\/24
|-damage|p1a: ad|0 fnt
|-hitcount|p1a: ad|3
|faint|p1a: ad
|
|upkeep
|choice|switch 6|
|
|switch|p1a: dy|Pawniard, L5, M, shiny|11\/19
|turn|22
|choice|move swordsdance|move iceshard
|
|move|p2a: Shellder|Ice Shard|p1a: dy
|-resisted|p1a: dy
|-damage|p1a: dy|9\/19
|move|p1a: dy|Swords Dance|p1a: dy
|-boost|p1a: dy|atk|2
|
|upkeep
|turn|23
|c|+ggggd|.
|c|+ggggd|trash?
|choice|move knockoff|move shellsmash
|
|move|p1a: dy|Knock Off|p2a: Shellder
|-damage|p2a: Shellder|0 fnt
|-enditem|p2a: Shellder|Eviolite|[from] move: Knock Off|[of] p1a: dy
|-damage|p1a: dy|8\/19|[from] item: Life Orb
|faint|p2a: Shellder
|
|upkeep
|J|ruffletss
|choice||switch 4
|
|switch|p2a: Mienfoo|Mienfoo, L5, F|18\/23
|turn|24
|choice|move ironhead|switch 6
|
|switch|p2a: Fletchling|Fletchling, L5, F|23\/23
|move|p1a: dy|Iron Head|p2a: Fletchling
|-damage|p2a: Fletchling|0 fnt
|-damage|p1a: dy|7\/19|[from] item: Life Orb
|faint|p2a: Fletchling
|
|upkeep
|choice||switch 6
|
|switch|p2a: Mienfoo|Mienfoo, L5, F|23\/23
|turn|25
|choice|move ironhead|move drainpunch
|
|move|p1a: dy|Iron Head|p2a: Mienfoo
|-damage|p2a: Mienfoo|4\/23
|-damage|p1a: dy|6\/19|[from] item: Life Orb
|move|p2a: Mienfoo|Drain Punch|p1a: dy
|-supereffective|p1a: dy
|-damage|p1a: dy|0 fnt
|-heal|p2a: Mienfoo|7\/23|[from] drain|[of] p1a: dy
|faint|p1a: dy
|
|win|trash</script>
</div>
<div class="battle-log battle-log-inline"><div class="inner"><div class="battle-options"></div><div class="inner"><div class="chat message-error">Battle timer is ON: inactive players will automatically lose when time's up.</div><div class=""><small>Format:</small> <br><strong>LC</strong></div><div class=""><small><em>Sleep Clause Mod:</em> Limit one foe put to sleep</small></div><div class=""><small><em>Species Clause:</em> Limit one of each Pokémon</small></div><div class=""><small><em>OHKO Clause:</em> OHKO moves are banned</small></div><div class=""><small><em>Moody Clause:</em> Moody is banned</small></div><div class=""><small><em>Evasion Moves Clause:</em> Evasion moves are banned</small></div><div class=""><small><em>Endless Battle Clause:</em> Forcing endless battles is banned</small></div><div class=""><small><em>HP Percentage Mod:</em> HP is shown in percentages</small></div><div class="chat battle-history"><strong>ab$mommy ★'s team:</strong> <em style="color:#445566;display:block;">Tirtouga / Spritzee / Abra / Porygon / Timburr / Pawniard</em></div><div class="chat battle-history"><strong>trash's team:</strong> <em style="color:#445566;display:block;">Shellder / Diglett / Fletchling / Mienfoo / Magnemite / Snivy</em></div><div class="chat chatmessage-trash"><strong style="color:hsl(294,77%,44.746979875617974%)"><small>☆</small><span class="username" data-name="trash">trash</span>:</strong> <em>hf</em></div><div class="chat chatmessage-abmommy"><strong style="color:hsl(98,41%,41%)"><small>☆</small><span class="username" data-name="ab$mommy ★">ab$mommy ★</span>:</strong> <em>hf</em></div><div class="chat chatmessage-obii"><strong style="color:hsl(176,89%,35.39078725533895%)"><small>+</small><span class="username" data-name="obii-\\^^^">obii-\\^^^</span>:</strong> <em>PEARL</em></div><div class="chat chatmessage-sken"><strong style="color:hsl(116,61%,41.02912967956859%)"><small>+</small><span class="username" data-name="sken">sken</span>:</strong> <em>vamos perla</em></div><div class="chat chatmessage-feliburn"><strong style="color:hsl(59,89%,31.085366448508736%)"><small>+</small><span class="username" data-name="Feliburn">Feliburn</span>:</strong> <em>go trash</em></div><div class="chat chatmessage-levi"><strong style="color:hsl(261,49%,58.87031595856994%)"><small>+</small><span class="username" data-name="levi">levi</span>:</strong> <em>good luck trash!!!!!!</em></div><div class="spacer battle-history"><br></div><div class="battle-history">Battle started between ab$mommy ★ and trash!<br></div><div class="spacer battle-history"><br></div><div class="battle-history">Go! b (<strong>Spritzee</strong>)!<br></div><div class="spacer battle-history"><br></div><div class="battle-history">trash sent out <strong>Mienfoo</strong>!<br></div><div class="spacer battle-history"><br></div><h2 class="battle-history">Turn 1</h2><div class="chat chatmessage-sken"><strong style="color:hsl(116,61%,41.02912967956859%)"><small>+</small><span class="username" data-name="sken">sken</span>:</strong> <em>B</em></div><div class="spacer battle-history"><br></div><div class="battle-history">b used <strong>Protect</strong>!<br></div><div class="battle-history"><small>b protected itself!</small><br></div><div class="spacer battle-history"><br></div><div class="battle-history">The opposing Mienfoo used <strong>U-turn</strong>!<br></div><div class="battle-history"><small>b protected itself!</small><br></div><div class="spacer battle-history"><br></div><h2 class="battle-history">Turn 2</h2><div class="spacer battle-history"><br></div><div class="battle-history">The opposing Mienfoo used <strong>U-turn</strong>!<br></div><div class="battle-history"><small>It's not very effective...</small><br></div><div class="battle-history"><small>(b lost <abbr title="−2/27">7.4%</abbr> of its health!)</small><br></div><div class="chat chatmessage-goao"><strong style="color:hsl(171,40%,38%)"><small>+</small><span class="username" data-name="GOAO">GOAO</span>:</strong> <em>yall spamming</em></div><div class="spacer battle-history"><br></div><div class="battle-history">The opposing Mienfoo went back to trash!<br></div><div class="battle-history">trash sent out <strong>Magnemite</strong>!<br></div><div class="spacer battle-history"><br></div><div class="battle-history">b used <strong>Calm Mind</strong>!<br></div><div class="battle-history"><small>b's Special Attack rose!</small><br></div><div class="battle-history"><small>b's Special Defense rose!</small><br></div><div class="spacer battle-history"><br></div><h2 class="battle-history">Turn 3</h2><div class="chat chatmessage-goao"><strong style="color:hsl(171,40%,38%)"><small>+</small><span class="username" data-name="GOAO">GOAO</span>:</strong> <em>abs teams</em></div><div class="chat chatmessage-goao"><strong style="color:hsl(171,40%,38%)"><small>+</small><span class="username" data-name="GOAO">GOAO</span>:</strong> <em>i c</em></div><div class="chat chatmessage-sken"><strong style="color:hsl(116,61%,41.02912967956859%)"><small>+</small><span class="username" data-name="sken">sken</span>:</strong> <em>hes going for game</em></div><div class="spacer battle-history"><br></div><div class="battle-history">b used <strong>Protect</strong>!<br></div><div class="battle-history"><small>b protected itself!</small><br></div><div class="spacer battle-history"><br></div><div class="battle-history">The opposing Magnemite used <strong>Flash Cannon</strong>!<br></div><div class="battle-history"><small>b protected itself!</small><br></div><div class="spacer battle-history"><br></div><h2 class="battle-history">Turn 4</h2><div class="spacer battle-history"><br></div><div class="battle-history">The opposing Magnemite used <strong>Flash Cannon</strong>!<br></div><div class="battle-history"><small>It's super effective!</small><br></div><div class="battle-history"><small>(b lost <abbr title="−14/27">51.9%</abbr> of its health!)</small><br></div><div class="spacer battle-history"><br></div><div class="battle-history">b used <strong>Calm Mind</strong>!<br></div><div class="battle-history"><small>b's Special Attack rose!</small><br></div><div class="battle-history"><small>b's Special Defense rose!</small><br></div><div class="spacer battle-history"><br></div><h2 class="battle-history">Turn 5</h2><div class="spacer battle-history"><br></div><div class="battle-history">The opposing Magnemite used <strong>Flash Cannon</strong>!<br></div><div class="battle-history"><small>It's super effective!</small><br></div><div class="battle-history"><small>(b lost <abbr title="−11/27">40.7%</abbr> of its health!)</small><br></div><div class="spacer battle-history"><br></div><div class="battle-history">b fainted!<br></div><div class="chat chatmessage-goao"><strong style="color:hsl(171,40%,38%)"><small>+</small><span class="username" data-name="GOAO">GOAO</span>:</strong> <em>,</em></div><div class="chat chatmessage-ggggd"><strong style="color:hsl(235,77%,63.10391646397442%)"><small>+</small><span class="username" data-name="ggggd">ggggd</span>:</strong> <em>so good.</em></div><div class="chat chatmessage-goao"><strong style="color:hsl(171,40%,38%)"><small>+</small><span class="username" data-name="GOAO">GOAO</span>:</strong> <em>so good</em></div><div class="chat chatmessage-goao"><strong style="color:hsl(171,40%,38%)"><small>+</small><span class="username" data-name="GOAO">GOAO</span>:</strong> <em>wtf pablo</em></div><div class="chat chatmessage-nintendi"><strong style="color:hsl(151,70%,38.68012336961154%)"><small>+</small><span class="username" data-name="Nintendi">Nintendi</span>:</strong> <em>so good</em></div><div class="chat chatmessage-goao"><strong style="color:hsl(171,40%,38%)"><small>+</small><span class="username" data-name="GOAO">GOAO</span>:</strong> <em>stealing my words</em></div><div class="spacer battle-history"><br></div><div class="battle-history">Go! d (<strong>Porygon</strong>)!<br></div><div class="battle-history"><small>[d's Download]</small><br></div><div class="battle-history"><small>d's Special Attack rose!</small><br></div><div class="spacer battle-history"><br></div><h2 class="battle-history">Turn 6</h2><div class="spacer battle-history"><br></div><div class="battle-history">The opposing Magnemite used <strong>Flash Cannon</strong>!<br></div><div class="battle-history"><small>(d lost <abbr title="−10/25">40%</abbr> of its health!)</small><br></div><div class="spacer battle-history"><br></div><div class="battle-history">d used <strong>Tri Attack</strong>!<br></div><div class="battle-history"><small>It's not very effective...</small><br></div><div class="battle-history"><small>(The opposing Magnemite lost <abbr title="−11/19">57.9%</abbr> of its health!)</small><br></div><div class="battle-history"><small>(The opposing Magnemite used its Berry Juice!)</small><br></div><div class="battle-history"><small>The opposing Magnemite restored HP using its Berry Juice!</small><br></div><div class="spacer battle-history"><br></div><h2 class="battle-history">Turn 7</h2><div class="spacer battle-history"><br></div><div class="battle-history">The opposing Magnemite used <strong>Flash Cannon</strong>!<br></div><div class="battle-history"><small>(d lost <abbr title="−10/25">40%</abbr> of its health!)</small><br></div><div class="spacer battle-history"><br></div><div class="battle-history">d used <strong>Recover</strong>!<br></div><div class="battle-history"><small>d restored its HP.</small><br></div><div class="spacer battle-history"><br></div><h2 class="battle-history">Turn 8</h2><div class="spacer battle-history"><br></div><div class="battle-history">The opposing Magnemite used <strong>Flash Cannon</strong>!<br></div><div class="battle-history"><small>(d lost <abbr title="−10/25">40%</abbr> of its health!)</small><br></div><div class="spacer battle-history"><br></div><div class="battle-history">d used <strong>Psychic</strong>!<br></div><div class="battle-history"><small>It's not very effective...</small><br></div><div class="battle-history"><small>(The opposing Magnemite lost <abbr title="−7/19">36.8%</abbr> of its health!)</small><br></div><div class="battle-history"><small>The opposing Magnemite's Special Defense fell!</small><br></div><div class="spacer battle-history"><br></div><h2 class="battle-history">Turn 9</h2><div class="chat chatmessage-mr378"><strong style="color:hsl(61,73%,33%)"><small>+</small><span class="username" data-name="Mr.378">Mr.378</span>:</strong> <em>absdaddy the legendary lcer</em></div><div class="spacer battle-history"><br></div><div class="battle-history">The opposing Magnemite used <strong>Volt Switch</strong>!<br></div><div class="battle-history"><small>(d lost <abbr title="−8/25">32%</abbr> of its health!)</small><br></div><div class="spacer battle-history"><br></div><div class="battle-history">d fainted!<br></div><div class="spacer battle-history"><br></div><div class="battle-history">The opposing Magnemite went back to trash!<br></div><div class="battle-history">trash sent out <strong>Snivy</strong>!<br></div><div class="spacer battle-history"><br></div><div class="battle-history">Go! a (<strong>Tirtouga</strong>)!<br></div><div class="spacer battle-history"><br></div><h2 class="battle-history">Turn 10</h2><div class="chat chatmessage-goao"><strong style="color:hsl(171,40%,38%)"><small>+</small><span class="username" data-name="GOAO">GOAO</span>:</strong> <em>trash rly is flawless</em></div><div class="spacer battle-history"><br></div><div class="battle-history">The opposing Snivy used <strong>Hidden Power</strong>!<br></div><div class="battle-history"><small>It's not very effective...</small><br></div><div class="battle-history"><small>(a lost <abbr title="−3/21">14.3%</abbr> of its health!)</small><br></div><div class="spacer battle-history"><br></div><div class="battle-history">a used <strong>Shell Smash</strong>!<br></div><div class="battle-history"><small>a's Defense fell!</small><br></div><div class="battle-history"><small>a's Special Defense fell!</small><br></div><div class="battle-history"><small>a's Attack rose sharply!</small><br></div><div class="battle-history"><small>a's Special Attack rose sharply!</small><br></div><div class="battle-history"><small>a's Speed rose sharply!</small><br></div><div class="spacer battle-history"><br></div><h2 class="battle-history">Turn 11</h2><div class="spacer battle-history"><br></div><div class="battle-history">a used <strong>Stone Edge</strong>!<br></div><div class="battle-history"><small>(The opposing Snivy lost <abbr title="−21/21">100%</abbr> of its health!)</small><br></div><div class="spacer battle-history"><br></div><div class="battle-history">The opposing Snivy fainted!<br></div><div class="spacer battle-history"><br></div><div class="battle-history">trash sent out <strong>Mienfoo</strong>!<br></div><div class="spacer battle-history"><br></div><h2 class="battle-history">Turn 12</h2><div class="spacer battle-history"><br></div><div class="battle-history">a used <strong>Waterfall</strong>!<br></div><div class="battle-history"><small>(The opposing Mienfoo lost <abbr title="−15/23">65.2%</abbr> of its health!)</small><br></div><div class="spacer battle-history"><br></div><div class="battle-history">The opposing Mienfoo used <strong>Drain Punch</strong>!<br></div><div class="battle-history"><small>It's super effective!</small><br></div><div class="battle-history"><small>(a lost <abbr title="−18/21">85.7%</abbr> of its health!)</small><br></div><div class="battle-history"><small>a had its energy drained!</small><br></div><div class="spacer battle-history"><br></div><div class="battle-history">a fainted!<br></div><div class="spacer battle-history"><br></div><div class="battle-history">Go! s (<strong>Abra</strong>)!<br></div><div class="spacer battle-history"><br></div><h2 class="battle-history">Turn 13</h2><div class="spacer battle-history"><br></div><div class="battle-history">trash withdrew Mienfoo!<br></div><div class="battle-history">trash sent out <strong>Magnemite</strong>!<br></div><div class="spacer battle-history"><br></div><div class="battle-history">s used <strong>Psychic</strong>!<br></div><div class="battle-history"><small>It's not very effective...</small><br></div><div class="battle-history"><small>(The opposing Magnemite lost <abbr title="−12/19">63.2%</abbr> of its health!)</small><br></div><div class="spacer battle-history"><br></div><div class="battle-history">The opposing Magnemite fainted!<br></div><div class="spacer battle-history"><br></div><div class="battle-history">trash sent out <strong>Diglett</strong>!<br></div><div class="spacer battle-history"><br></div><h2 class="battle-history">Turn 14</h2><div class="spacer battle-history"><br></div><div class="battle-history">The opposing Diglett used <strong>Earthquake</strong>!<br></div><div class="battle-history"><small>(s lost <abbr title="−19/19">100%</abbr> of its health!)</small><br></div><div class="battle-history"><small>The opposing Diglett lost some of its HP!</small><br></div><div class="spacer battle-history"><br></div><div class="battle-history">s fainted!<br></div><div class="spacer battle-history"><br></div><div class="battle-history">Go! ad (<strong>Timburr</strong>)!<br></div><div class="spacer battle-history"><br></div><h2 class="battle-history">Turn 15</h2><div class="spacer battle-history"><br></div><div class="battle-history">The opposing Diglett used <strong>Earthquake</strong>!<br></div><div class="battle-history"><small>(ad lost <abbr title="−12/24">50%</abbr> of its health!)</small><br></div><div class="battle-history"><small>The opposing Diglett lost some of its HP!</small><br></div><div class="spacer battle-history"><br></div><div class="battle-history">ad used <strong>Drain Punch</strong>!<br></div><div class="battle-history"><small>(The opposing Diglett lost <abbr title="−16/18">88.9%</abbr> of its health!)</small><br></div><div class="battle-history"><small>The opposing Diglett had its energy drained!</small><br></div><div class="spacer battle-history"><br></div><div class="battle-history">The opposing Diglett fainted!<br></div><div class="spacer battle-history"><br></div><div class="battle-history">trash sent out <strong>Fletchling</strong>!<br></div><div class="spacer battle-history"><br></div><h2 class="battle-history">Turn 16</h2><div class="spacer battle-history"><br></div><div class="battle-history">ad, come back!<br></div><div class="battle-history">Go! dy (<strong>Pawniard</strong>)!<br></div><div class="spacer battle-history"><br></div><div class="battle-history">The opposing Fletchling used <strong>Acrobatics</strong>!<br></div><div class="battle-history"><small>It's not very effective...</small><br></div><div class="battle-history"><small>(dy lost <abbr title="−7/19">36.8%</abbr> of its health!)</small><br></div><div class="spacer battle-history"><br></div><h2 class="battle-history">Turn 17</h2><div class="spacer battle-history"><br></div><div class="battle-history">trash withdrew Fletchling!<br></div><div class="battle-history">trash sent out <strong>Mienfoo</strong>!<br></div><div class="spacer battle-history"><br></div><div class="battle-history">dy used <strong>Iron Head</strong>!<br></div><div class="battle-history"><small>(The opposing Mienfoo lost <abbr title="−12/23">52.2%</abbr> of its health!)</small><br></div><div class="battle-history"><small>dy lost some of its HP!</small><br></div><div class="spacer battle-history"><br></div><h2 class="battle-history">Turn 18</h2><div class="spacer battle-history"><br></div><div class="battle-history">dy, come back!<br></div><div class="battle-history">Go! ad (<strong>Timburr</strong>)!<br></div><div class="spacer battle-history"><br></div><div class="battle-history">trash withdrew Mienfoo!<br></div><div class="battle-history">trash sent out <strong>Shellder</strong>!<br></div><div class="spacer battle-history"><br></div><h2 class="battle-history">Turn 19</h2><div class="spacer battle-history"><br></div><div class="battle-history">The opposing Shellder used <strong>Icicle Spear</strong>!<br></div><div class="battle-history"><small>(ad lost <abbr title="−2/24">8.3%</abbr> of its health!)</small><br></div><div class="battle-history"><small>(ad lost <abbr title="−2/24">8.3%</abbr> of its health!)</small><br></div><div class="battle-history"><small>(ad lost <abbr title="−2/24">8.3%</abbr> of its health!)</small><br></div><div class="battle-history"><small>(ad lost <abbr title="−2/24">8.3%</abbr> of its health!)</small><br></div><div class="battle-history"><small>(ad lost <abbr title="−2/24">8.3%</abbr> of its health!)</small><br></div><div class="battle-history"><small>Hit 5 times!</small><br></div><div class="spacer battle-history"><br></div><div class="battle-history">ad used <strong>Drain Punch</strong>!<br></div><div class="battle-history"><small>(The opposing Shellder lost <abbr title="−6/20">30%</abbr> of its health!)</small><br></div><div class="battle-history"><small>The opposing Shellder had its energy drained!</small><br></div><div class="spacer battle-history"><br></div><h2 class="battle-history">Turn 20</h2><div class="spacer battle-history"><br></div><div class="battle-history">The opposing Shellder used <strong>Icicle Spear</strong>!<br></div><div class="battle-history"><small>(ad lost <abbr title="−2/24">8.3%</abbr> of its health!)</small><br></div><div class="battle-history"><small>(ad lost <abbr title="−2/24">8.3%</abbr> of its health!)</small><br></div><div class="battle-history"><small>(ad lost <abbr title="−2/24">8.3%</abbr> of its health!)</small><br></div><div class="battle-history"><small>(ad lost <abbr title="−2/24">8.3%</abbr> of its health!)</small><br></div><div class="battle-history"><small>(ad lost <abbr title="−2/24">8.3%</abbr> of its health!)</small><br></div><div class="battle-history"><small>Hit 5 times!</small><br></div><div class="spacer battle-history"><br></div><div class="battle-history">ad used <strong>Drain Punch</strong>!<br></div><div class="battle-history"><small>(The opposing Shellder lost <abbr title="−6/20">30%</abbr> of its health!)</small><br></div><div class="battle-history"><small>The opposing Shellder had its energy drained!</small><br></div><div class="spacer battle-history"><br></div><h2 class="battle-history">Turn 21</h2><div class="spacer battle-history"><br></div><div class="battle-history">ad used <strong>Mach Punch</strong>!<br></div><div class="battle-history"><small>(The opposing Shellder lost <abbr title="−3/20">15%</abbr> of its health!)</small><br></div><div class="spacer battle-history"><br></div><div class="battle-history">The opposing Shellder used <strong>Icicle Spear</strong>!<br></div><div class="battle-history"><small>(ad lost <abbr title="−2/24">8.3%</abbr> of its health!)</small><br></div><div class="battle-history"><small>(ad lost <abbr title="−2/24">8.3%</abbr> of its health!)</small><br></div><div class="battle-history"><small>(ad lost <abbr title="−2/24">8.3%</abbr> of its health!)</small><br></div><div class="battle-history"><small>Hit 3 times!</small><br></div><div class="spacer battle-history"><br></div><div class="battle-history">ad fainted!<br></div><div class="spacer battle-history"><br></div><div class="battle-history">Go! dy (<strong>Pawniard</strong>)!<br></div><div class="spacer battle-history"><br></div><h2 class="battle-history">Turn 22</h2><div class="spacer battle-history"><br></div><div class="battle-history">The opposing Shellder used <strong>Ice Shard</strong>!<br></div><div class="battle-history"><small>It's not very effective...</small><br></div><div class="battle-history"><small>(dy lost <abbr title="−2/19">10.5%</abbr> of its health!)</small><br></div><div class="spacer battle-history"><br></div><div class="battle-history">dy used <strong>Swords Dance</strong>!<br></div><div class="battle-history"><small>dy's Attack rose sharply!</small><br></div><div class="spacer battle-history"><br></div><h2 class="battle-history">Turn 23</h2><div class="chat chatmessage-ggggd"><strong style="color:hsl(235,77%,63.10391646397442%)"><small>+</small><span class="username" data-name="ggggd">ggggd</span>:</strong> <em>.</em></div><div class="chat chatmessage-ggggd"><strong style="color:hsl(235,77%,63.10391646397442%)"><small>+</small><span class="username" data-name="ggggd">ggggd</span>:</strong> <em>trash?</em></div><div class="spacer battle-history"><br></div><div class="battle-history">dy used <strong>Knock Off</strong>!<br></div><div class="battle-history"><small>(The opposing Shellder lost <abbr title="−5/20">25%</abbr> of its health!)</small><br></div><div class="battle-history"><small>dy knocked off the opposing Shellder's Eviolite!</small><br></div><div class="battle-history"><small>dy lost some of its HP!</small><br></div><div class="spacer battle-history"><br></div><div class="battle-history">The opposing Shellder fainted!<br></div><div class="spacer battle-history"><br></div><div class="battle-history">trash sent out <strong>Mienfoo</strong>!<br></div><div class="spacer battle-history"><br></div><h2 class="battle-history">Turn 24</h2><div class="spacer battle-history"><br></div><div class="battle-history">trash withdrew Mienfoo!<br></div><div class="battle-history">trash sent out <strong>Fletchling</strong>!<br></div><div class="spacer battle-history"><br></div><div class="battle-history">dy used <strong>Iron Head</strong>!<br></div><div class="battle-history"><small>(The opposing Fletchling lost <abbr title="−23/23">100%</abbr> of its health!)</small><br></div><div class="battle-history"><small>dy lost some of its HP!</small><br></div><div class="spacer battle-history"><br></div><div class="battle-history">The opposing Fletchling fainted!<br></div><div class="spacer battle-history"><br></div><div class="battle-history">trash sent out <strong>Mienfoo</strong>!<br></div><div class="spacer battle-history"><br></div><h2 class="battle-history">Turn 25</h2><div class="spacer battle-history"><br></div><div class="battle-history">dy used <strong>Iron Head</strong>!<br></div><div class="battle-history"><small>(The opposing Mienfoo lost <abbr title="−19/23">82.6%</abbr> of its health!)</small><br></div><div class="battle-history"><small>dy lost some of its HP!</small><br></div><div class="spacer battle-history"><br></div><div class="battle-history">The opposing Mienfoo used <strong>Drain Punch</strong>!<br></div><div class="battle-history"><small>It's super effective!</small><br></div><div class="battle-history"><small>(dy lost <abbr title="−6/19">31.6%</abbr> of its health!)</small><br></div><div class="battle-history"><small>dy had its energy drained!</small><br></div><div class="spacer battle-history"><br></div><div class="battle-history">dy fainted!<br></div><div class="spacer battle-history"><br></div><div class="battle-history"><strong>trash</strong> won the battle!<br></div></div><div class="inner-preempt"></div></div></div>
</div>
<script>
let daily = Math.floor(Date.now()/1000/60/60/24);document.write('<script src="https://play.pokemonshowdown.com/js/replay-embed.js?version'+daily+'"></'+'script>');
</script>
