<!DOCTYPE html>
<meta charset="utf-8" />
<!-- version 1 -->
<title>LC replay: TotallyNotAHaxer vs. Yogah Fire</title>
<style>
html,body {font-family:Verdana, sans-serif;font-size:10pt;margin:0;padding:0;}body{padding:12px 0;} .battle-log {font-family:Verdana, sans-serif;font-size:10pt;} .battle-log-inline {border:1px solid #AAAAAA;background:#EEF2F5;color:black;max-width:640px;margin:0 auto 80px;padding-bottom:5px;} .battle-log .inner {padding:4px 8px 0px 8px;} .battle-log .inner-preempt {padding:0 8px 4px 8px;} .battle-log .inner-after {margin-top:0.5em;} .battle-log h2 {margin:0.5em -8px;padding:4px 8px;border:1px solid #AAAAAA;background:#E0E7EA;border-left:0;border-right:0;font-family:Verdana, sans-serif;font-size:13pt;} .battle-log .chat {vertical-align:middle;padding:3px 0 3px 0;font-size:8pt;} .battle-log .chat strong {color:#40576A;} .battle-log .chat em {padding:1px 4px 1px 3px;color:#000000;font-style:normal;} .chat.mine {background:rgba(0,0,0,0.05);margin-left:-8px;margin-right:-8px;padding-left:8px;padding-right:8px;} .spoiler {color:#BBBBBB;background:#BBBBBB;padding:0px 3px;} .spoiler:hover, .spoiler:active, .spoiler-shown {color:#000000;background:#E2E2E2;padding:0px 3px;} .spoiler a {color:#BBBBBB;} .spoiler:hover a, .spoiler:active a, .spoiler-shown a {color:#2288CC;} .chat code, .chat .spoiler:hover code, .chat .spoiler:active code, .chat .spoiler-shown code {border:1px solid #C0C0C0;background:#EEEEEE;color:black;padding:0 2px;} .chat .spoiler code {border:1px solid #CCCCCC;background:#CCCCCC;color:#CCCCCC;} .battle-log .rated {padding:3px 4px;} .battle-log .rated strong {color:white;background:#89A;padding:1px 4px;border-radius:4px;} .spacer {margin-top:0.5em;} .message-announce {background:#6688AA;color:white;padding:1px 4px 2px;} .message-announce a, .broadcast-green a, .broadcast-blue a, .broadcast-red a {color:#DDEEFF;} .broadcast-green {background-color:#559955;color:white;padding:2px 4px;} .broadcast-blue {background-color:#6688AA;color:white;padding:2px 4px;} .infobox {border:1px solid #6688AA;padding:2px 4px;} .infobox-limited {max-height:200px;overflow:auto;overflow-x:hidden;} .broadcast-red {background-color:#AA5544;color:white;padding:2px 4px;} .message-learn-canlearn {font-weight:bold;color:#228822;text-decoration:underline;} .message-learn-cannotlearn {font-weight:bold;color:#CC2222;text-decoration:underline;} .message-effect-weak {font-weight:bold;color:#CC2222;} .message-effect-resist {font-weight:bold;color:#6688AA;} .message-effect-immune {font-weight:bold;color:#666666;} .message-learn-list {margin-top:0;margin-bottom:0;} .message-throttle-notice, .message-error {color:#992222;} .message-overflow, .chat small.message-overflow {font-size:0pt;} .message-overflow::before {font-size:9pt;content:'...';} .subtle {color:#3A4A66;}
</style>
<div class="wrapper replay-wrapper" style="max-width:1180px;margin:0 auto">
<input type="hidden" name="replayid" value="lc-535012850" />
<div class="battle"></div><div class="battle-log"></div><div class="replay-controls"></div><div class="replay-controls-2"></div>
<h1 style="font-weight:normal;text-align:center"><strong>LC</strong><br /><a href="http://pokemonshowdown.com/users/totallynotahaxer" class="subtle" target="_blank">TotallyNotAHaxer</a> vs. <a href="http://pokemonshowdown.com/users/yogahfire" class="subtle" target="_blank">Yogah Fire</a></h1>
<script type="text/plain" class="battle-log-data">|j|TotallyNotAHaxer
|j|Yogah Fire
|player|p1|TotallyNotAHaxer|101
|player|p2|Yogah Fire|2
|gametype|singles
|gen|6
|tier|LC
|rated
|seed|22944,24492,57450,18943
|clearpoke
|poke|p1|Solosis, L5, F, shiny|item
|poke|p1|Inkay, L5, M|item
|poke|p1|Cranidos, L5, M, shiny|item
|poke|p1|Azurill, L5, F|item
|poke|p1|Frillish, L5, M|item
|poke|p1|Ferroseed, L5, M, shiny|item
|poke|p2|Abra, L5, M, shiny|item
|poke|p2|Koffing, L5, M, shiny|item
|poke|p2|Ferroseed, L5, M, shiny|item
|poke|p2|Carvanha, L5, M, shiny|item
|poke|p2|Cranidos, L5, M, shiny|item
|poke|p2|Pumpkaboo-*, L5, M, shiny|item
|rule|Sleep Clause Mod: Limit one foe put to sleep
|rule|Species Clause: Limit one of each Pokémon
|rule|OHKO Clause: OHKO moves are banned
|rule|Moody Clause: Moody is banned
|rule|Evasion Moves Clause: Evasion moves are banned
|rule|Endless Battle Clause: Forcing endless battles is banned
|rule|HP Percentage Mod: HP is shown in percentages
|teampreview
|choice|team 1, team 2, team 3, team 4, team 5, team 6|team 5, team 2, team 3, team 4, team 1, team 6
|
|start
|switch|p1a: Solosis|Solosis, L5, F, shiny|21\/21
|switch|p2a: Cranidos|Cranidos, L5, M, shiny|23\/23
|-ability|p2a: Cranidos|Mold Breaker
|turn|1
|choice|move psychic|switch 3
|
|switch|p2a: Ferroseed|Ferroseed, L5, M, shiny|24\/24
|move|p1a: Solosis|Psychic|p2a: Ferroseed
|-resisted|p2a: Ferroseed
|-damage|p2a: Ferroseed|18\/24
|
|upkeep
|turn|2
|choice|move signalbeam|move knockoff
|
|move|p2a: Ferroseed|Knock Off|p1a: Solosis
|-supereffective|p1a: Solosis
|-damage|p1a: Solosis|11\/21
|-enditem|p1a: Solosis|Eviolite|[from] move: Knock Off|[of] p2a: Ferroseed
|move|p1a: Solosis|Signal Beam|p2a: Ferroseed
|-damage|p2a: Ferroseed|12\/24
|
|upkeep
|turn|3
|choice|move signalbeam|move leechseed
|
|move|p1a: Solosis|Signal Beam|p2a: Ferroseed
|-damage|p2a: Ferroseed|6\/24
|move|p2a: Ferroseed|Leech Seed|p1a: Solosis
|-start|p1a: Solosis|move: Leech Seed
|
|upkeep
|turn|4
|choice|move signalbeam|move protect
|
|move|p2a: Ferroseed|Protect|p2a: Ferroseed
|-singleturn|p2a: Ferroseed|Protect
|move|p1a: Solosis|Signal Beam|p2a: Ferroseed
|-activate|p2a: Ferroseed|move: Protect
|
|upkeep
|turn|5
|choice|move hiddenpower|move stealthrock
|
|move|p2a: Ferroseed|Stealth Rock|p1a: Solosis
|-sidestart|p1: TotallyNotAHaxer|move: Stealth Rock
|move|p1a: Solosis|Hidden Power|p2a: Ferroseed
|-damage|p2a: Ferroseed|1\/24
|
|upkeep
|turn|6
|choice|move trickroom|move knockoff
|
|move|p2a: Ferroseed|Knock Off|p1a: Solosis
|-supereffective|p1a: Solosis
|-damage|p1a: Solosis|1\/21
|move|p1a: Solosis|Trick Room|p1a: Solosis
|-fieldstart|move: Trick Room|[of] p1a: Solosis
|
|upkeep
|turn|7
|choice|move signalbeam|move knockoff
|
|move|p1a: Solosis|Signal Beam|p2a: Ferroseed
|-damage|p2a: Ferroseed|0 fnt
|faint|p2a: Ferroseed
|
|upkeep
|choice||switch 6
|
|switch|p2a: Pumpkaboo|Pumpkaboo-Super, L5, M, shiny|25\/25
|turn|8
|choice|move psychic|move shadowsneak
|
|move|p2a: Pumpkaboo|Shadow Sneak|p1a: Solosis
|-supereffective|p1a: Solosis
|-damage|p1a: Solosis|0 fnt
|faint|p1a: Solosis
|
|upkeep
|choice|switch 5|
|
|switch|p1a: Frillish|Frillish, L5, M|23\/23
|-damage|p1a: Frillish|21\/23|[from] Stealth Rock
|turn|9
|choice|move shadowball|move bulletseed
|
|move|p1a: Frillish|Shadow Ball|p2a: Pumpkaboo
|-supereffective|p2a: Pumpkaboo
|-damage|p2a: Pumpkaboo|11\/25
|move|p2a: Pumpkaboo|Bullet Seed|p1a: Frillish
|-supereffective|p1a: Frillish
|-damage|p1a: Frillish|15\/23
|-supereffective|p1a: Frillish
|-damage|p1a: Frillish|9\/23
|-hitcount|p1a: Frillish|2
|
|upkeep
|turn|10
|choice|move shadowball|move shadowsneak
|
|move|p2a: Pumpkaboo|Shadow Sneak|p1a: Frillish
|-supereffective|p1a: Frillish
|-damage|p1a: Frillish|3\/23
|move|p1a: Frillish|Shadow Ball|p2a: Pumpkaboo
|-supereffective|p2a: Pumpkaboo
|-damage|p2a: Pumpkaboo|0 fnt
|faint|p2a: Pumpkaboo
|
|-fieldend|move: Trick Room
|upkeep
|choice||switch 4
|
|switch|p2a: Carvanha|Carvanha, L5, M, shiny|21\/21
|turn|11
|choice|move trickroom|move protect
|
|move|p2a: Carvanha|Protect|p2a: Carvanha
|-singleturn|p2a: Carvanha|Protect
|move|p1a: Frillish|Trick Room|p1a: Frillish
|-fieldstart|move: Trick Room|[of] p1a: Frillish
|
|-ability|p2a: Carvanha|Speed Boost|boost
|-boost|p2a: Carvanha|spe|1
|upkeep
|turn|12
|choice|move energyball|move waterfall
|
|move|p1a: Frillish|Energy Ball|p2a: Carvanha
|-supereffective|p2a: Carvanha
|-enditem|p2a: Carvanha|Focus Sash
|-damage|p2a: Carvanha|1\/21
|move|p2a: Carvanha|Waterfall|p1a: Frillish
|-heal|p1a: Frillish|8\/23|[from] ability: Water Absorb|[of] p2a: Carvanha
|
|-ability|p2a: Carvanha|Speed Boost|boost
|-boost|p2a: Carvanha|spe|1
|upkeep
|turn|13
|choice|move energyball|move protect
|
|move|p2a: Carvanha|Protect|p2a: Carvanha
|-singleturn|p2a: Carvanha|Protect
|move|p1a: Frillish|Energy Ball|p2a: Carvanha
|-activate|p2a: Carvanha|move: Protect
|
|-ability|p2a: Carvanha|Speed Boost|boost
|-boost|p2a: Carvanha|spe|1
|upkeep
|turn|14
|choice|move shadowball|switch 2
|
|switch|p2a: Koffing|Koffing, L5, M, shiny|21\/21
|move|p1a: Frillish|Shadow Ball|p2a: Koffing
|-damage|p2a: Koffing|12\/21
|
|upkeep
|turn|15
|choice|move shadowball|move sludgebomb
|
|move|p1a: Frillish|Shadow Ball|p2a: Koffing
|-damage|p2a: Koffing|5\/21
|move|p2a: Koffing|Sludge Bomb|p1a: Frillish
|-resisted|p1a: Frillish
|-damage|p1a: Frillish|5\/23
|
|-fieldend|move: Trick Room
|upkeep
|turn|16
|choice|move trickroom|move sludgebomb
|
|move|p2a: Koffing|Sludge Bomb|p1a: Frillish
|-resisted|p1a: Frillish
|-damage|p1a: Frillish|2\/23
|move|p1a: Frillish|Trick Room|p1a: Frillish
|-fieldstart|move: Trick Room|[of] p1a: Frillish
|
|upkeep
|turn|17
|choice|move shadowball|move sludgebomb
|
|move|p1a: Frillish|Shadow Ball|p2a: Koffing
|-damage|p2a: Koffing|0 fnt
|faint|p2a: Koffing
|
|upkeep
|-message|Yogah Fire forfeited.
|
|win|TotallyNotAHaxer
|player|p1
|player|p2
|l|Yogah Fire
|c|★TotallyNotAHaxer|Frillish op dude
|raw|TotallyNotAHaxer's rating: 1000 &rarr; <strong>1040<\/strong><br \/>(+40 for winning)
|raw|Yogah Fire's rating: 1000 &rarr; <strong>1000<\/strong><br \/>(+0 for losing)</script>
</div>
<div class="battle-log battle-log-inline"><div class="inner"><div class="battle-options"></div><div class="inner"><div class="chat"><small>TotallyNotAHaxer joined.</small></div><div class="chat"><small>Yogah Fire joined.</small></div><div class=""><small>Format:</small> <br><strong>LC</strong></div><div class="rated"><strong>Rated battle</strong></div><div class=""><small><em>Sleep Clause Mod:</em> Limit one foe put to sleep</small></div><div class=""><small><em>Species Clause:</em> Limit one of each Pokémon</small></div><div class=""><small><em>OHKO Clause:</em> OHKO moves are banned</small></div><div class=""><small><em>Moody Clause:</em> Moody is banned</small></div><div class=""><small><em>Evasion Moves Clause:</em> Evasion moves are banned</small></div><div class=""><small><em>Endless Battle Clause:</em> Forcing endless battles is banned</small></div><div class=""><small><em>HP Percentage Mod:</em> HP is shown in percentages</small></div><div class="chat battle-history"><strong>TotallyNotAHaxer's team:</strong> <em style="color:#445566;display:block;">Solosis / Inkay / Cranidos / Azurill / Frillish / Ferroseed</em></div><div class="chat battle-history"><strong>Yogah Fire's team:</strong> <em style="color:#445566;display:block;">Abra / Koffing / Ferroseed / Carvanha / Cranidos / Pumpkaboo-*</em></div><div class="spacer battle-history"><br></div><div class="battle-history">Battle started between TotallyNotAHaxer and Yogah Fire!<br></div><div class="spacer battle-history"><br></div><div class="battle-history">Go! <strong>Solosis</strong>!<br></div><div class="spacer battle-history"><br></div><div class="battle-history">Yogah Fire sent out <strong>Cranidos</strong>!<br></div><div class="battle-history"><small>[The opposing Cranidos's Mold Breaker]</small><br><small>The opposing Cranidos breaks the mold!</small><br></div><div class="spacer battle-history"><br></div><h2 class="battle-history">Turn 1</h2><div class="spacer battle-history"><br></div><div class="battle-history">Yogah Fire withdrew Cranidos!<br></div><div class="battle-history">Yogah Fire sent out <strong>Ferroseed</strong>!<br></div><div class="spacer battle-history"><br></div><div class="battle-history">Solosis used <strong>Psychic</strong>!<br></div><div class="battle-history"><small>It's not very effective...</small><br></div><div class="battle-history"><small>(The opposing Ferroseed lost <abbr title="−6/24">25%</abbr> of its health!)</small><br></div><div class="spacer battle-history"><br></div><h2 class="battle-history">Turn 2</h2><div class="spacer battle-history"><br></div><div class="battle-history">The opposing Ferroseed used <strong>Knock Off</strong>!<br></div><div class="battle-history"><small>It's super effective!</small><br></div><div class="battle-history"><small>(Solosis lost <abbr title="−10/21">47.6%</abbr> of its health!)</small><br></div><div class="battle-history"><small>The opposing Ferroseed knocked off Solosis's Eviolite!</small><br></div><div class="spacer battle-history"><br></div><div class="battle-history">Solosis used <strong>Signal Beam</strong>!<br></div><div class="battle-history"><small>(The opposing Ferroseed lost <abbr title="−6/24">25%</abbr> of its health!)</small><br></div><div class="spacer battle-history"><br></div><h2 class="battle-history">Turn 3</h2><div class="spacer battle-history"><br></div><div class="battle-history">Solosis used <strong>Signal Beam</strong>!<br></div><div class="battle-history"><small>(The opposing Ferroseed lost <abbr title="−6/24">25%</abbr> of its health!)</small><br></div><div class="spacer battle-history"><br></div><div class="battle-history">The opposing Ferroseed used <strong>Leech Seed</strong>!<br></div><div class="battle-history"><small>Solosis was seeded!</small><br></div><div class="spacer battle-history"><br></div><h2 class="battle-history">Turn 4</h2><div class="spacer battle-history"><br></div><div class="battle-history">The opposing Ferroseed used <strong>Protect</strong>!<br></div><div class="battle-history"><small>The opposing Ferroseed protected itself!</small><br></div><div class="spacer battle-history"><br></div><div class="battle-history">Solosis used <strong>Signal Beam</strong>!<br></div><div class="battle-history"><small>The opposing Ferroseed protected itself!</small><br></div><div class="spacer battle-history"><br></div><h2 class="battle-history">Turn 5</h2><div class="spacer battle-history"><br></div><div class="battle-history">The opposing Ferroseed used <strong>Stealth Rock</strong>!<br></div><div class="battle-history"><small>Pointed stones float in the air around your team!</small><br></div><div class="spacer battle-history"><br></div><div class="battle-history">Solosis used <strong>Hidden Power</strong>!<br></div><div class="battle-history"><small>(The opposing Ferroseed lost <abbr title="−5/24">20.8%</abbr> of its health!)</small><br></div><div class="spacer battle-history"><br></div><h2 class="battle-history">Turn 6</h2><div class="spacer battle-history"><br></div><div class="battle-history">The opposing Ferroseed used <strong>Knock Off</strong>!<br></div><div class="battle-history"><small>It's super effective!</small><br></div><div class="battle-history"><small>(Solosis lost <abbr title="−10/21">47.6%</abbr> of its health!)</small><br></div><div class="spacer battle-history"><br></div><div class="battle-history">Solosis used <strong>Trick Room</strong>!<br></div><div class="battle-history"><small>Solosis twisted the dimensions!</small><br></div><div class="spacer battle-history"><br></div><h2 class="battle-history">Turn 7</h2><div class="spacer battle-history"><br></div><div class="battle-history">Solosis used <strong>Signal Beam</strong>!<br></div><div class="battle-history"><small>(The opposing Ferroseed lost <abbr title="−1/24">4.2%</abbr> of its health!)</small><br></div><div class="spacer battle-history"><br></div><div class="battle-history">The opposing Ferroseed fainted!<br></div><div class="spacer battle-history"><br></div><div class="battle-history">Yogah Fire sent out Pumpkaboo (<strong>Pumpkaboo-Super</strong>)!<br></div><div class="spacer battle-history"><br></div><h2 class="battle-history">Turn 8</h2><div class="spacer battle-history"><br></div><div class="battle-history">The opposing Pumpkaboo used <strong>Shadow Sneak</strong>!<br></div><div class="battle-history"><small>It's super effective!</small><br></div><div class="battle-history"><small>(Solosis lost <abbr title="−1/21">4.8%</abbr> of its health!)</small><br></div><div class="spacer battle-history"><br></div><div class="battle-history">Solosis fainted!<br></div><div class="spacer battle-history"><br></div><div class="battle-history">Go! <strong>Frillish</strong>!<br></div><div class="battle-history"><small>Pointed stones dug into Frillish!</small><br></div><div class="spacer battle-history"><br></div><h2 class="battle-history">Turn 9</h2><div class="spacer battle-history"><br></div><div class="battle-history">Frillish used <strong>Shadow Ball</strong>!<br></div><div class="battle-history"><small>It's super effective!</small><br></div><div class="battle-history"><small>(The opposing Pumpkaboo lost <abbr title="−14/25">56.0%</abbr> of its health!)</small><br></div><div class="spacer battle-history"><br></div><div class="battle-history">The opposing Pumpkaboo used <strong>Bullet Seed</strong>!<br></div><div class="battle-history"><small>It's super effective!</small><br></div><div class="battle-history"><small>(Frillish lost <abbr title="−6/23">26.1%</abbr> of its health!)</small><br></div><div class="battle-history"><small>It's super effective!</small><br></div><div class="battle-history"><small>(Frillish lost <abbr title="−6/23">26.1%</abbr> of its health!)</small><br></div><div class="battle-history"><small>Hit 2 times!</small><br></div><div class="spacer battle-history"><br></div><h2 class="battle-history">Turn 10</h2><div class="spacer battle-history"><br></div><div class="battle-history">The opposing Pumpkaboo used <strong>Shadow Sneak</strong>!<br></div><div class="battle-history"><small>It's super effective!</small><br></div><div class="battle-history"><small>(Frillish lost <abbr title="−6/23">26.1%</abbr> of its health!)</small><br></div><div class="spacer battle-history"><br></div><div class="battle-history">Frillish used <strong>Shadow Ball</strong>!<br></div><div class="battle-history"><small>It's super effective!</small><br></div><div class="battle-history"><small>(The opposing Pumpkaboo lost <abbr title="−11/25">44%</abbr> of its health!)</small><br></div><div class="spacer battle-history"><br></div><div class="battle-history">The opposing Pumpkaboo fainted!<br></div><div class="spacer battle-history"><br></div><div class="battle-history"><small>The twisted dimensions returned to normal!</small><br></div><div class="spacer battle-history"><br></div><div class="battle-history">Yogah Fire sent out <strong>Carvanha</strong>!<br></div><div class="spacer battle-history"><br></div><h2 class="battle-history">Turn 11</h2><div class="spacer battle-history"><br></div><div class="battle-history">The opposing Carvanha used <strong>Protect</strong>!<br></div><div class="battle-history"><small>The opposing Carvanha protected itself!</small><br></div><div class="spacer battle-history"><br></div><div class="battle-history">Frillish used <strong>Trick Room</strong>!<br></div><div class="battle-history"><small>Frillish twisted the dimensions!</small><br></div><div class="spacer battle-history"><br></div><div class="battle-history"><small>[The opposing Carvanha's Speed Boost]</small><br></div><div class="battle-history"><small>The opposing Carvanha's Speed rose!</small><br></div><div class="spacer battle-history"><br></div><h2 class="battle-history">Turn 12</h2><div class="spacer battle-history"><br></div><div class="battle-history">Frillish used <strong>Energy Ball</strong>!<br></div><div class="battle-history"><small>It's super effective!</small><br></div><div class="battle-history"><small>The opposing Carvanha hung on using its Focus Sash!</small><br></div><div class="battle-history"><small>(The opposing Carvanha lost <abbr title="−20/21">95.2%</abbr> of its health!)</small><br></div><div class="spacer battle-history"><br></div><div class="battle-history">The opposing Carvanha used <strong>Waterfall</strong>!<br></div><div class="battle-history"><small>[Frillish's Water Absorb]</small><br><small>Frillish restored its HP.</small><br></div><div class="spacer battle-history"><br></div><div class="battle-history"><small>[The opposing Carvanha's Speed Boost]</small><br></div><div class="battle-history"><small>The opposing Carvanha's Speed rose!</small><br></div><div class="spacer battle-history"><br></div><h2 class="battle-history">Turn 13</h2><div class="spacer battle-history"><br></div><div class="battle-history">The opposing Carvanha used <strong>Protect</strong>!<br></div><div class="battle-history"><small>The opposing Carvanha protected itself!</small><br></div><div class="spacer battle-history"><br></div><div class="battle-history">Frillish used <strong>Energy Ball</strong>!<br></div><div class="battle-history"><small>The opposing Carvanha protected itself!</small><br></div><div class="spacer battle-history"><br></div><div class="battle-history"><small>[The opposing Carvanha's Speed Boost]</small><br></div><div class="battle-history"><small>The opposing Carvanha's Speed rose!</small><br></div><div class="spacer battle-history"><br></div><h2 class="battle-history">Turn 14</h2><div class="spacer battle-history"><br></div><div class="battle-history">Yogah Fire withdrew Carvanha!<br></div><div class="battle-history">Yogah Fire sent out <strong>Koffing</strong>!<br></div><div class="spacer battle-history"><br></div><div class="battle-history">Frillish used <strong>Shadow Ball</strong>!<br></div><div class="battle-history"><small>(The opposing Koffing lost <abbr title="−9/21">42.9%</abbr> of its health!)</small><br></div><div class="spacer battle-history"><br></div><h2 class="battle-history">Turn 15</h2><div class="spacer battle-history"><br></div><div class="battle-history">Frillish used <strong>Shadow Ball</strong>!<br></div><div class="battle-history"><small>(The opposing Koffing lost <abbr title="−7/21">33.3%</abbr> of its health!)</small><br></div><div class="spacer battle-history"><br></div><div class="battle-history">The opposing Koffing used <strong>Sludge Bomb</strong>!<br></div><div class="battle-history"><small>It's not very effective...</small><br></div><div class="battle-history"><small>(Frillish lost <abbr title="−3/23">13.0%</abbr> of its health!)</small><br></div><div class="spacer battle-history"><br></div><div class="battle-history"><small>The twisted dimensions returned to normal!</small><br></div><div class="spacer battle-history"><br></div><h2 class="battle-history">Turn 16</h2><div class="spacer battle-history"><br></div><div class="battle-history">The opposing Koffing used <strong>Sludge Bomb</strong>!<br></div><div class="battle-history"><small>It's not very effective...</small><br></div><div class="battle-history"><small>(Frillish lost <abbr title="−3/23">13.0%</abbr> of its health!)</small><br></div><div class="spacer battle-history"><br></div><div class="battle-history">Frillish used <strong>Trick Room</strong>!<br></div><div class="battle-history"><small>Frillish twisted the dimensions!</small><br></div><div class="spacer battle-history"><br></div><h2 class="battle-history">Turn 17</h2><div class="spacer battle-history"><br></div><div class="battle-history">Frillish used <strong>Shadow Ball</strong>!<br></div><div class="battle-history"><small>(The opposing Koffing lost <abbr title="−5/21">23.8%</abbr> of its health!)</small><br></div><div class="spacer battle-history"><br></div><div class="battle-history">The opposing Koffing fainted!<br></div><div class="spacer battle-history"><br></div><div class="battle-history"><small>Yogah Fire forfeited.</small><br></div><div class="spacer battle-history"><br></div><div class="battle-history"><strong>TotallyNotAHaxer</strong> won the battle!<br></div><div class="chat"><small>Yogah Fire left.</small></div><div class="chat chatmessage-totallynotahaxer"><strong style="color:hsl(307,43%,50.6474958771078%)"><small>★</small><span class="username" data-name="TotallyNotAHaxer">TotallyNotAHaxer</span>:</strong> <em>Frillish op dude</em></div><div class="chat">TotallyNotAHaxer's rating: 1000 → <strong>1040</strong><br>(+40 for winning)</div><div class="chat">Yogah Fire's rating: 1000 → <strong>1000</strong><br>(+0 for losing)</div></div><div class="inner-preempt"></div></div></div>
</div>
<script>
let daily = Math.floor(Date.now()/1000/60/60/24);document.write('<script src="https://play.pokemonshowdown.com/js/replay-embed.js?version'+daily+'"></'+'script>');
</script>
