<!DOCTYPE html>
<meta charset="utf-8" />
<!-- version 1 -->
<title>LC replay: Raymondhvh vs. Narwha</title>
<style>
html,body {font-family:Verdana, sans-serif;font-size:10pt;margin:0;padding:0;}body{padding:12px 0;} .battle-log {font-family:Verdana, sans-serif;font-size:10pt;} .battle-log-inline {border:1px solid #AAAAAA;background:#EEF2F5;color:black;max-width:640px;margin:0 auto 80px;padding-bottom:5px;} .battle-log .inner {padding:4px 8px 0px 8px;} .battle-log .inner-preempt {padding:0 8px 4px 8px;} .battle-log .inner-after {margin-top:0.5em;} .battle-log h2 {margin:0.5em -8px;padding:4px 8px;border:1px solid #AAAAAA;background:#E0E7EA;border-left:0;border-right:0;font-family:Verdana, sans-serif;font-size:13pt;} .battle-log .chat {vertical-align:middle;padding:3px 0 3px 0;font-size:8pt;} .battle-log .chat strong {color:#40576A;} .battle-log .chat em {padding:1px 4px 1px 3px;color:#000000;font-style:normal;} .chat.mine {background:rgba(0,0,0,0.05);margin-left:-8px;margin-right:-8px;padding-left:8px;padding-right:8px;} .spoiler {color:#BBBBBB;background:#BBBBBB;padding:0px 3px;} .spoiler:hover, .spoiler:active, .spoiler-shown {color:#000000;background:#E2E2E2;padding:0px 3px;} .spoiler a {color:#BBBBBB;} .spoiler:hover a, .spoiler:active a, .spoiler-shown a {color:#2288CC;} .chat code, .chat .spoiler:hover code, .chat .spoiler:active code, .chat .spoiler-shown code {border:1px solid #C0C0C0;background:#EEEEEE;color:black;padding:0 2px;} .chat .spoiler code {border:1px solid #CCCCCC;background:#CCCCCC;color:#CCCCCC;} .battle-log .rated {padding:3px 4px;} .battle-log .rated strong {color:white;background:#89A;padding:1px 4px;border-radius:4px;} .spacer {margin-top:0.5em;} .message-announce {background:#6688AA;color:white;padding:1px 4px 2px;} .message-announce a, .broadcast-green a, .broadcast-blue a, .broadcast-red a {color:#DDEEFF;} .broadcast-green {background-color:#559955;color:white;padding:2px 4px;} .broadcast-blue {background-color:#6688AA;color:white;padding:2px 4px;} .infobox {border:1px solid #6688AA;padding:2px 4px;} .infobox-limited {max-height:200px;overflow:auto;overflow-x:hidden;} .broadcast-red {background-color:#AA5544;color:white;padding:2px 4px;} .message-learn-canlearn {font-weight:bold;color:#228822;text-decoration:underline;} .message-learn-cannotlearn {font-weight:bold;color:#CC2222;text-decoration:underline;} .message-effect-weak {font-weight:bold;color:#CC2222;} .message-effect-resist {font-weight:bold;color:#6688AA;} .message-effect-immune {font-weight:bold;color:#666666;} .message-learn-list {margin-top:0;margin-bottom:0;} .message-throttle-notice, .message-error {color:#992222;} .message-overflow, .chat small.message-overflow {font-size:0pt;} .message-overflow::before {font-size:9pt;content:'...';} .subtle {color:#3A4A66;}
</style>
<div class="wrapper replay-wrapper" style="max-width:1180px;margin:0 auto">
<input type="hidden" name="replayid" value="lc-478409225" />
<div class="battle"></div><div class="battle-log"></div><div class="replay-controls"></div><div class="replay-controls-2"></div>
<h1 style="font-weight:normal;text-align:center"><strong>LC</strong><br /><a href="http://pokemonshowdown.com/users/raymondhvh" class="subtle" target="_blank">Raymondhvh</a> vs. <a href="http://pokemonshowdown.com/users/narwha" class="subtle" target="_blank">Narwha</a></h1>
<script type="text/plain" class="battle-log-data">|j|Raymondhvh
|j|Narwha
|player|p1|Raymondhvh|170
|player|p2|Narwha|102
|gametype|singles
|gen|6
|tier|LC
|rated
|seed|18659,54325,24269,56986
|clearpoke
|poke|p1|Dwebble, L5, F|item
|poke|p1|Shellder, L5, F|item
|poke|p1|Tirtouga, L5, F, shiny|item
|poke|p1|Porygon, L5|item
|poke|p1|Axew, L5, M|item
|poke|p1|Abra, L5, M|item
|poke|p2|Inkay, L5, M|item
|poke|p2|Buneary, L5, F, shiny|item
|poke|p2|Anorith, L5, M, shiny|item
|poke|p2|Deino, L5, M, shiny|item
|poke|p2|Fletchling, L5, M|item
|poke|p2|Binacle, L5, F|item
|rule|Sleep Clause Mod: Limit one foe put to sleep
|rule|Species Clause: Limit one of each Pokémon
|rule|OHKO Clause: OHKO moves are banned
|rule|Moody Clause: Moody is banned
|rule|Evasion Moves Clause: Evasion moves are banned
|rule|Endless Battle Clause: Forcing endless battles is banned
|rule|HP Percentage Mod: HP is shown in percentages
|teampreview
|choice|team 5, team 2, team 3, team 4, team 1, team 6|team 2, team 1, team 3, team 4, team 5, team 6
|
|start
|switch|p1a: Axew|Axew, L5, M|22\/22
|switch|p2a: Boing boi|Buneary, L5, F, shiny|25\/25
|-ability|p1a: Axew|Mold Breaker
|turn|1
|choice|move dragondance|move agility
|
|move|p2a: Boing boi|Agility|p2a: Boing boi
|-boost|p2a: Boing boi|spe|2
|move|p1a: Axew|Dragon Dance|p1a: Axew
|-boost|p1a: Axew|atk|1
|-boost|p1a: Axew|spe|1
|
|turn|2
|choice|move outrage|move encore
|
|move|p2a: Boing boi|Encore|p1a: Axew
|-start|p1a: Axew|Encore
|move|p1a: Axew|Dragon Dance|p1a: Axew
|-boost|p1a: Axew|atk|1
|-boost|p1a: Axew|spe|1
|
|turn|3
|choice|move dragondance|move firepunch
|
|move|p2a: Boing boi|Fire Punch|p1a: Axew
|-resisted|p1a: Axew
|-damage|p1a: Axew|20\/22
|move|p1a: Axew|Dragon Dance|p1a: Axew
|-boost|p1a: Axew|atk|1
|-boost|p1a: Axew|spe|1
|
|turn|4
|choice|move dragondance|move batonpass
|
|move|p1a: Axew|Dragon Dance|p1a: Axew
|-boost|p1a: Axew|atk|1
|-boost|p1a: Axew|spe|1
|move|p2a: Boing boi|Baton Pass|p2a: Boing boi
|choice||switch 6
|
|switch|p2a: Hoi|Binacle, L5, F|22\/22
|
|-end|p1a: Axew|Encore
|turn|5
|choice|move dualchop|move earthquake
|
|move|p1a: Axew|Dual Chop|p2a: Hoi
|-damage|p2a: Hoi|3\/22
|-damage|p2a: Hoi|0 fnt
|-hitcount|p2a: Hoi|2
|faint|p2a: Hoi
|
|c|★Narwha|Oh no
|c|★Raymondhvh|oh no
|c|★Raymondhvh|oh no no no
|c|★Narwha|What have I done
|choice||switch 5
|
|switch|p2a: Peppy|Fletchling, L5, M|21\/21
|turn|6
|choice|move aquatail|move uturn
|
|move|p1a: Axew|Aqua Tail|p2a: Peppy
|-crit|p2a: Peppy
|-damage|p2a: Peppy|0 fnt
|faint|p2a: Peppy
|
|c|★Narwha|The speed!
|c|★Raymondhvh|haha
|choice||switch 4
|
|switch|p2a: Kiwi|Deino, L5, M, shiny|24\/24
|turn|7
|choice|move dualchop|move outrage
|
|move|p1a: Axew|Dual Chop|p2a: Kiwi
|-supereffective|p2a: Kiwi
|-damage|p2a: Kiwi|0 fnt
|-hitcount|p2a: Kiwi|1
|faint|p2a: Kiwi
|
|choice||switch 3
|
|switch|p2a: CLAMPS!|Anorith, L5, M, shiny|21\/21
|turn|8
|choice|move dualchop|move rockblast
|
|move|p1a: Axew|Dual Chop|p2a: CLAMPS!
|-damage|p2a: CLAMPS!|0 fnt
|-damage|p1a: Axew|17\/22|[from] item: Rocky Helmet|[of] p2a: CLAMPS!
|-hitcount|p2a: CLAMPS!|1
|faint|p2a: CLAMPS!
|
|choice||switch 2
|
|switch|p2a: Bo'kay|Inkay, L5, M|25\/25
|turn|9
|choice|move dualchop|move superpower
|
|move|p1a: Axew|Dual Chop|p2a: Bo'kay
|-damage|p2a: Bo'kay|10\/25
|-damage|p2a: Bo'kay|0 fnt
|-hitcount|p2a: Bo'kay|2
|faint|p2a: Bo'kay
|
|choice||switch 6
|
|switch|p2a: Boing boi|Buneary, L5, F, shiny|25\/25
|turn|10
|choice|move dualchop|move firepunch
|
|move|p1a: Axew|Dual Chop|p2a: Boing boi
|-damage|p2a: Boing boi|0 fnt
|-hitcount|p2a: Boing boi|1
|faint|p2a: Boing boi
|
|win|Raymondhvh
|player|p1
|player|p2
|l|Narwha</script>
</div>
<div class="battle-log battle-log-inline"><div class="inner"><div class="battle-options"></div><div class="inner"><div class="chat"><small>Raymondhvh joined.</small></div><div class="chat"><small>Narwha joined.</small></div><div class=""><small>Format:</small> <br><strong>LC</strong></div><div class="rated"><strong>Rated battle</strong></div><div class=""><small><em>Sleep Clause Mod:</em> Limit one foe put to sleep</small></div><div class=""><small><em>Species Clause:</em> Limit one of each Pokémon</small></div><div class=""><small><em>OHKO Clause:</em> OHKO moves are banned</small></div><div class=""><small><em>Moody Clause:</em> Moody is banned</small></div><div class=""><small><em>Evasion Moves Clause:</em> Evasion moves are banned</small></div><div class=""><small><em>Endless Battle Clause:</em> Forcing endless battles is banned</small></div><div class=""><small><em>HP Percentage Mod:</em> HP is shown in percentages</small></div><div class="chat battle-history"><strong>Raymondhvh's team:</strong> <em style="color:#445566;display:block;">Dwebble / Shellder / Tirtouga / Porygon / Axew / Abra</em></div><div class="chat battle-history"><strong>Narwha's team:</strong> <em style="color:#445566;display:block;">Inkay / Buneary / Anorith / Deino / Fletchling / Binacle</em></div><div class="spacer battle-history"><br></div><div class="battle-history">Battle started between Raymondhvh and Narwha!<br></div><div class="spacer battle-history"><br></div><div class="battle-history">Go! <strong>Axew</strong>!<br></div><div class="spacer battle-history"><br></div><div class="battle-history">Narwha sent out Boing boi (<strong>Buneary</strong>)!<br></div><div class="battle-history"><small>[Axew's Mold Breaker]</small><br><small>Axew breaks the mold!</small><br></div><div class="spacer battle-history"><br></div><h2 class="battle-history">Turn 1</h2><div class="spacer battle-history"><br></div><div class="battle-history">The opposing Boing boi used <strong>Agility</strong>!<br></div><div class="battle-history"><small>The opposing Boing boi's Speed rose sharply!</small><br></div><div class="spacer battle-history"><br></div><div class="battle-history">Axew used <strong>Dragon Dance</strong>!<br></div><div class="battle-history"><small>Axew's Attack rose!</small><br></div><div class="battle-history"><small>Axew's Speed rose!</small><br></div><div class="spacer battle-history"><br></div><h2 class="battle-history">Turn 2</h2><div class="spacer battle-history"><br></div><div class="battle-history">The opposing Boing boi used <strong>Encore</strong>!<br></div><div class="battle-history"><small>Axew received an encore!</small><br></div><div class="spacer battle-history"><br></div><div class="battle-history">Axew used <strong>Dragon Dance</strong>!<br></div><div class="battle-history"><small>Axew's Attack rose!</small><br></div><div class="battle-history"><small>Axew's Speed rose!</small><br></div><div class="spacer battle-history"><br></div><h2 class="battle-history">Turn 3</h2><div class="spacer battle-history"><br></div><div class="battle-history">The opposing Boing boi used <strong>Fire Punch</strong>!<br></div><div class="battle-history"><small>It's not very effective...</small><br></div><div class="battle-history"><small>(Axew lost <abbr title="−2/22">9.1%</abbr> of its health!)</small><br></div><div class="spacer battle-history"><br></div><div class="battle-history">Axew used <strong>Dragon Dance</strong>!<br></div><div class="battle-history"><small>Axew's Attack rose!</small><br></div><div class="battle-history"><small>Axew's Speed rose!</small><br></div><div class="spacer battle-history"><br></div><h2 class="battle-history">Turn 4</h2><div class="spacer battle-history"><br></div><div class="battle-history">Axew used <strong>Dragon Dance</strong>!<br></div><div class="battle-history"><small>Axew's Attack rose!</small><br></div><div class="battle-history"><small>Axew's Speed rose!</small><br></div><div class="spacer battle-history"><br></div><div class="battle-history">The opposing Boing boi used <strong>Baton Pass</strong>!<br></div><div class="spacer battle-history"><br></div><div class="battle-history">Narwha sent out Hoi (<strong>Binacle</strong>)!<br></div><div class="spacer battle-history"><br></div><div class="battle-history"><small>Axew's encore ended!</small><br></div><div class="spacer battle-history"><br></div><h2 class="battle-history">Turn 5</h2><div class="spacer battle-history"><br></div><div class="battle-history">Axew used <strong>Dual Chop</strong>!<br></div><div class="battle-history"><small>(The opposing Hoi lost <abbr title="−19/22">86.4%</abbr> of its health!)</small><br></div><div class="battle-history"><small>(The opposing Hoi lost <abbr title="−3/22">13.6%</abbr> of its health!)</small><br></div><div class="battle-history"><small>Hit 2 times!</small><br></div><div class="spacer battle-history"><br></div><div class="battle-history">The opposing Hoi fainted!<br></div><div class="chat chatmessage-narwha"><strong style="color:hsl(295,63%,48.67870901036514%)"><small>★</small><span class="username" data-name="Narwha">Narwha</span>:</strong> <em>Oh no</em></div><div class="chat chatmessage-raymondhvh"><strong style="color:hsl(351,85%,49%)"><small>★</small><span class="username" data-name="Raymondhvh">Raymondhvh</span>:</strong> <em>oh no</em></div><div class="chat chatmessage-raymondhvh"><strong style="color:hsl(351,85%,49%)"><small>★</small><span class="username" data-name="Raymondhvh">Raymondhvh</span>:</strong> <em>oh no no no</em></div><div class="chat chatmessage-narwha"><strong style="color:hsl(295,63%,48.67870901036514%)"><small>★</small><span class="username" data-name="Narwha">Narwha</span>:</strong> <em>What have I done</em></div><div class="spacer battle-history"><br></div><div class="battle-history">Narwha sent out Peppy (<strong>Fletchling</strong>)!<br></div><div class="spacer battle-history"><br></div><h2 class="battle-history">Turn 6</h2><div class="spacer battle-history"><br></div><div class="battle-history">Axew used <strong>Aqua Tail</strong>!<br></div><div class="battle-history"><small>A critical hit!</small><br></div><div class="battle-history"><small>(The opposing Peppy lost <abbr title="−21/21">100%</abbr> of its health!)</small><br></div><div class="spacer battle-history"><br></div><div class="battle-history">The opposing Peppy fainted!<br></div><div class="chat chatmessage-narwha"><strong style="color:hsl(295,63%,48.67870901036514%)"><small>★</small><span class="username" data-name="Narwha">Narwha</span>:</strong> <em>The speed!</em></div><div class="chat chatmessage-raymondhvh"><strong style="color:hsl(351,85%,49%)"><small>★</small><span class="username" data-name="Raymondhvh">Raymondhvh</span>:</strong> <em>haha</em></div><div class="spacer battle-history"><br></div><div class="battle-history">Narwha sent out Kiwi (<strong>Deino</strong>)!<br></div><div class="spacer battle-history"><br></div><h2 class="battle-history">Turn 7</h2><div class="spacer battle-history"><br></div><div class="battle-history">Axew used <strong>Dual Chop</strong>!<br></div><div class="battle-history"><small>It's super effective!</small><br></div><div class="battle-history"><small>(The opposing Kiwi lost <abbr title="−24/24">100%</abbr> of its health!)</small><br></div><div class="battle-history"><small>Hit 1 time!</small><br></div><div class="spacer battle-history"><br></div><div class="battle-history">The opposing Kiwi fainted!<br></div><div class="spacer battle-history"><br></div><div class="battle-history">Narwha sent out CLAMPS! (<strong>Anorith</strong>)!<br></div><div class="spacer battle-history"><br></div><h2 class="battle-history">Turn 8</h2><div class="spacer battle-history"><br></div><div class="battle-history">Axew used <strong>Dual Chop</strong>!<br></div><div class="battle-history"><small>(The opposing CLAMPS! lost <abbr title="−21/21">100%</abbr> of its health!)</small><br></div><div class="battle-history"><small>Axew was hurt by the Rocky Helmet!</small><br></div><div class="battle-history"><small>Hit 1 time!</small><br></div><div class="spacer battle-history"><br></div><div class="battle-history">The opposing CLAMPS! fainted!<br></div><div class="spacer battle-history"><br></div><div class="battle-history">Narwha sent out Bo'kay (<strong>Inkay</strong>)!<br></div><div class="spacer battle-history"><br></div><h2 class="battle-history">Turn 9</h2><div class="spacer battle-history"><br></div><div class="battle-history">Axew used <strong>Dual Chop</strong>!<br></div><div class="battle-history"><small>(The opposing Bo'kay lost <abbr title="−15/25">60%</abbr> of its health!)</small><br></div><div class="battle-history"><small>(The opposing Bo'kay lost <abbr title="−10/25">40%</abbr> of its health!)</small><br></div><div class="battle-history"><small>Hit 2 times!</small><br></div><div class="spacer battle-history"><br></div><div class="battle-history">The opposing Bo'kay fainted!<br></div><div class="spacer battle-history"><br></div><div class="battle-history">Narwha sent out Boing boi (<strong>Buneary</strong>)!<br></div><div class="spacer battle-history"><br></div><h2 class="battle-history">Turn 10</h2><div class="spacer battle-history"><br></div><div class="battle-history">Axew used <strong>Dual Chop</strong>!<br></div><div class="battle-history"><small>(The opposing Boing boi lost <abbr title="−25/25">100%</abbr> of its health!)</small><br></div><div class="battle-history"><small>Hit 1 time!</small><br></div><div class="spacer battle-history"><br></div><div class="battle-history">The opposing Boing boi fainted!<br></div><div class="spacer battle-history"><br></div><div class="battle-history"><strong>Raymondhvh</strong> won the battle!<br></div><div class="chat"><small>Narwha left.</small></div></div><div class="inner-preempt"></div></div></div>
</div>
<script>
let daily = Math.floor(Date.now()/1000/60/60/24);document.write('<script src="https://play.pokemonshowdown.com/js/replay-embed.js?version'+daily+'"></'+'script>');
</script>
