<!DOCTYPE html>
<meta charset="utf-8" />
<!-- version 1 -->
<title>LC replay: A0E vs. Lightknightpz</title>
<style>
html,body {font-family:Verdana, sans-serif;font-size:10pt;margin:0;padding:0;}body{padding:12px 0;} .battle-log {font-family:Verdana, sans-serif;font-size:10pt;} .battle-log-inline {border:1px solid #AAAAAA;background:#EEF2F5;color:black;max-width:640px;margin:0 auto 80px;padding-bottom:5px;} .battle-log .inner {padding:4px 8px 0px 8px;} .battle-log .inner-preempt {padding:0 8px 4px 8px;} .battle-log .inner-after {margin-top:0.5em;} .battle-log h2 {margin:0.5em -8px;padding:4px 8px;border:1px solid #AAAAAA;background:#E0E7EA;border-left:0;border-right:0;font-family:Verdana, sans-serif;font-size:13pt;} .battle-log .chat {vertical-align:middle;padding:3px 0 3px 0;font-size:8pt;} .battle-log .chat strong {color:#40576A;} .battle-log .chat em {padding:1px 4px 1px 3px;color:#000000;font-style:normal;} .chat.mine {background:rgba(0,0,0,0.05);margin-left:-8px;margin-right:-8px;padding-left:8px;padding-right:8px;} .spoiler {color:#BBBBBB;background:#BBBBBB;padding:0px 3px;} .spoiler:hover, .spoiler:active, .spoiler-shown {color:#000000;background:#E2E2E2;padding:0px 3px;} .spoiler a {color:#BBBBBB;} .spoiler:hover a, .spoiler:active a, .spoiler-shown a {color:#2288CC;} .chat code, .chat .spoiler:hover code, .chat .spoiler:active code, .chat .spoiler-shown code {border:1px solid #C0C0C0;background:#EEEEEE;color:black;padding:0 2px;} .chat .spoiler code {border:1px solid #CCCCCC;background:#CCCCCC;color:#CCCCCC;} .battle-log .rated {padding:3px 4px;} .battle-log .rated strong {color:white;background:#89A;padding:1px 4px;border-radius:4px;} .spacer {margin-top:0.5em;} .message-announce {background:#6688AA;color:white;padding:1px 4px 2px;} .message-announce a, .broadcast-green a, .broadcast-blue a, .broadcast-red a {color:#DDEEFF;} .broadcast-green {background-color:#559955;color:white;padding:2px 4px;} .broadcast-blue {background-color:#6688AA;color:white;padding:2px 4px;} .infobox {border:1px solid #6688AA;padding:2px 4px;} .infobox-limited {max-height:200px;overflow:auto;overflow-x:hidden;} .broadcast-red {background-color:#AA5544;color:white;padding:2px 4px;} .message-learn-canlearn {font-weight:bold;color:#228822;text-decoration:underline;} .message-learn-cannotlearn {font-weight:bold;color:#CC2222;text-decoration:underline;} .message-effect-weak {font-weight:bold;color:#CC2222;} .message-effect-resist {font-weight:bold;color:#6688AA;} .message-effect-immune {font-weight:bold;color:#666666;} .message-learn-list {margin-top:0;margin-bottom:0;} .message-throttle-notice, .message-error {color:#992222;} .message-overflow, .chat small.message-overflow {font-size:0pt;} .message-overflow::before {font-size:9pt;content:'...';} .subtle {color:#3A4A66;}
</style>
<div class="wrapper replay-wrapper" style="max-width:1180px;margin:0 auto">
<input type="hidden" name="replayid" value="lc-481452980" />
<div class="battle"></div><div class="battle-log"></div><div class="replay-controls"></div><div class="replay-controls-2"></div>
<h1 style="font-weight:normal;text-align:center"><strong>LC</strong><br /><a href="http://pokemonshowdown.com/users/a0e" class="subtle" target="_blank">A0E</a> vs. <a href="http://pokemonshowdown.com/users/lightknightpz" class="subtle" target="_blank">Lightknightpz</a></h1>
<script type="text/plain" class="battle-log-data">|j|A0E
|j|Lightknightpz
|player|p1|A0E|110
|player|p2|Lightknightpz|169
|gametype|singles
|gen|6
|tier|LC
|rated
|seed|19314,58706,41172,4119
|clearpoke
|poke|p1|Tirtouga, L5, F|item
|poke|p1|Fletchling, L5, F|
|poke|p1|Porygon, L5|item
|poke|p1|Pawniard, L5, F|item
|poke|p1|Mantyke, L5, F|item
|poke|p1|Phantump, L5, M|item
|poke|p2|Archen, L5, F|item
|poke|p2|Fletchling, L5, M|item
|poke|p2|Aipom, L5, F|item
|poke|p2|Baltoy, L5|item
|poke|p2|Golett, L5|item
|poke|p2|Foongus, L5, F|item
|rule|Sleep Clause Mod: Limit one foe put to sleep
|rule|Species Clause: Limit one of each Pokémon
|rule|OHKO Clause: OHKO moves are banned
|rule|Moody Clause: Moody is banned
|rule|Evasion Moves Clause: Evasion moves are banned
|rule|Endless Battle Clause: Forcing endless battles is banned
|rule|HP Percentage Mod: HP is shown in percentages
|teampreview
|choice|team 6, team 2, team 3, team 4, team 5, team 1|team 4, team 2, team 3, team 1, team 5, team 6
|
|start
|switch|p1a: Phantump|Phantump, L5, M|20\/20
|switch|p2a: Baltoy|Baltoy, L5|20\/20
|turn|1
|choice|move shadowclaw|move lightscreen
|
|move|p2a: Baltoy|Light Screen|p2a: Baltoy
|-sidestart|p2: Lightknightpz|move: Light Screen
|move|p1a: Phantump|Shadow Claw|p2a: Baltoy
|-supereffective|p2a: Baltoy
|-damage|p2a: Baltoy|0 fnt
|faint|p2a: Baltoy
|
|choice||switch 5
|
|switch|p2a: Golett|Golett, L5|22\/22
|turn|2
|choice|move shadowclaw|switch 3
|
|switch|p2a: Aipom|Aipom, L5, F|22\/22
|move|p1a: Phantump|Shadow Claw|p2a: Aipom
|-immune|p2a: Aipom|[msg]
|
|turn|3
|choice|move hornleech|move agility
|
|move|p2a: Aipom|Agility|p2a: Aipom
|-boost|p2a: Aipom|spe|2
|move|p1a: Phantump|Horn Leech|p2a: Aipom
|-damage|p2a: Aipom|10\/22
|
|turn|4
|choice|move hornleech|move icepunch
|
|move|p2a: Aipom|Ice Punch|p1a: Phantump
|-supereffective|p1a: Phantump
|-damage|p1a: Phantump|0 fnt
|-damage|p2a: Aipom|8\/22|[from] item: Life Orb
|faint|p1a: Phantump
|
|choice|switch 2|
|
|switch|p1a: barrel roll|Fletchling, L5, F|21\/21
|turn|5
|choice|move acrobatics|move icepunch
|
|move|p1a: barrel roll|Acrobatics|p2a: Aipom
|-damage|p2a: Aipom|0 fnt
|faint|p2a: Aipom
|
|choice||switch 2
|
|switch|p2a: Fletchling|Fletchling, L5, M|21\/21
|turn|6
|choice|move acrobatics|move uturn
|
|move|p1a: barrel roll|Acrobatics|p2a: Fletchling
|-damage|p2a: Fletchling|3\/21
|move|p2a: Fletchling|U-turn|p1a: barrel roll
|-resisted|p1a: barrel roll
|-damage|p1a: barrel roll|15\/21
|choice||switch 3
|
|switch|p2a: Golett|Golett, L5|22\/22
|
|turn|7
|choice|switch 4|move drainpunch
|
|switch|p1a: Pawniard|Pawniard, L5, F|23\/23
|move|p2a: Golett|Drain Punch|p1a: Pawniard
|-supereffective|p1a: Pawniard
|-damage|p1a: Pawniard|0 fnt
|faint|p1a: Pawniard
|
|choice|switch 5|
|
|switch|p1a: Mantyke|Mantyke, L5, F|21\/21
|turn|8
|choice|move raindance|move poweruppunch
|
|move|p1a: Mantyke|Rain Dance|p1a: Mantyke
|-weather|RainDance
|move|p2a: Golett|Power-Up Punch|p1a: Mantyke
|-resisted|p1a: Mantyke
|-damage|p1a: Mantyke|19\/21
|-boost|p2a: Golett|atk|1
|
|-weather|RainDance|[upkeep]
|-sideend|p2: Lightknightpz|move: Light Screen
|turn|9
|choice|move surf|switch 6
|
|switch|p2a: Foongus|Foongus, L5, F|23\/23
|move|p1a: Mantyke|Surf|p2a: Foongus
|-resisted|p2a: Foongus
|-damage|p2a: Foongus|12\/23
|
|-weather|RainDance|[upkeep]
|-heal|p2a: Foongus|13\/23|[from] item: Leftovers
|turn|10
|choice|move airslash|move spore
|
|move|p1a: Mantyke|Air Slash|p2a: Foongus
|-supereffective|p2a: Foongus
|-damage|p2a: Foongus|0 fnt
|faint|p2a: Foongus
|
|-weather|RainDance|[upkeep]
|choice||switch 3
|
|switch|p2a: Fletchling|Fletchling, L5, M|3\/21
|turn|11
|choice|move surf|move return
|
|move|p1a: Mantyke|Surf|p2a: Fletchling
|-damage|p2a: Fletchling|0 fnt
|faint|p2a: Fletchling
|
|-weather|RainDance|[upkeep]
|choice||switch 4
|
|switch|p2a: Archen|Archen, L5, F|22\/22
|turn|12
|c|★A0E|did that fletchling have gale wings or not?
|choice|move surf|move headsmash
|
|move|p1a: Mantyke|Surf|p2a: Archen
|-supereffective|p2a: Archen
|-damage|p2a: Archen|0 fnt
|faint|p2a: Archen
|
|-weather|RainDance|[upkeep]
|choice||switch 6
|
|switch|p2a: Golett|Golett, L5|22\/22
|turn|13
|choice|move surf|move drainpunch
|
|move|p1a: Mantyke|Surf|p2a: Golett
|-supereffective|p2a: Golett
|-damage|p2a: Golett|0 fnt
|faint|p2a: Golett
|
|win|A0E
|player|p1
|player|p2
|c|★A0E|gg
|l|Lightknightpz</script>
</div>
<div class="battle-log battle-log-inline"><div class="inner"><div class="battle-options"></div><div class="inner"><div class="chat"><small>A0E joined.</small></div><div class="chat"><small>Lightknightpz joined.</small></div><div class=""><small>Format:</small> <br><strong>LC</strong></div><div class="rated"><strong>Rated battle</strong></div><div class=""><small><em>Sleep Clause Mod:</em> Limit one foe put to sleep</small></div><div class=""><small><em>Species Clause:</em> Limit one of each Pokémon</small></div><div class=""><small><em>OHKO Clause:</em> OHKO moves are banned</small></div><div class=""><small><em>Moody Clause:</em> Moody is banned</small></div><div class=""><small><em>Evasion Moves Clause:</em> Evasion moves are banned</small></div><div class=""><small><em>Endless Battle Clause:</em> Forcing endless battles is banned</small></div><div class=""><small><em>HP Percentage Mod:</em> HP is shown in percentages</small></div><div class="chat battle-history"><strong>A0E's team:</strong> <em style="color:#445566;display:block;">Tirtouga / Fletchling / Porygon / Pawniard / Mantyke / Phantump</em></div><div class="chat battle-history"><strong>Lightknightpz's team:</strong> <em style="color:#445566;display:block;">Archen / Fletchling / Aipom / Baltoy / Golett / Foongus</em></div><div class="spacer battle-history"><br></div><div class="battle-history">Battle started between A0E and Lightknightpz!<br></div><div class="spacer battle-history"><br></div><div class="battle-history">Go! <strong>Phantump</strong>!<br></div><div class="spacer battle-history"><br></div><div class="battle-history">Lightknightpz sent out <strong>Baltoy</strong>!<br></div><div class="spacer battle-history"><br></div><h2 class="battle-history">Turn 1</h2><div class="spacer battle-history"><br></div><div class="battle-history">The opposing Baltoy used <strong>Light Screen</strong>!<br></div><div class="battle-history"><small>Light Screen made the opposing team stronger against special moves!</small><br></div><div class="spacer battle-history"><br></div><div class="battle-history">Phantump used <strong>Shadow Claw</strong>!<br></div><div class="battle-history"><small>It's super effective!</small><br></div><div class="battle-history"><small>(The opposing Baltoy lost <abbr title="−20/20">100%</abbr> of its health!)</small><br></div><div class="spacer battle-history"><br></div><div class="battle-history">The opposing Baltoy fainted!<br></div><div class="spacer battle-history"><br></div><div class="battle-history">Lightknightpz sent out <strong>Golett</strong>!<br></div><div class="spacer battle-history"><br></div><h2 class="battle-history">Turn 2</h2><div class="spacer battle-history"><br></div><div class="battle-history">Lightknightpz withdrew Golett!<br></div><div class="battle-history">Lightknightpz sent out <strong>Aipom</strong>!<br></div><div class="spacer battle-history"><br></div><div class="battle-history">Phantump used <strong>Shadow Claw</strong>!<br></div><div class="battle-history"><small>It doesn't affect the opposing Aipom...</small><br></div><div class="spacer battle-history"><br></div><h2 class="battle-history">Turn 3</h2><div class="spacer battle-history"><br></div><div class="battle-history">The opposing Aipom used <strong>Agility</strong>!<br></div><div class="battle-history"><small>The opposing Aipom's Speed rose sharply!</small><br></div><div class="spacer battle-history"><br></div><div class="battle-history">Phantump used <strong>Horn Leech</strong>!<br></div><div class="battle-history"><small>(The opposing Aipom lost <abbr title="−12/22">54.5%</abbr> of its health!)</small><br></div><div class="spacer battle-history"><br></div><h2 class="battle-history">Turn 4</h2><div class="spacer battle-history"><br></div><div class="battle-history">The opposing Aipom used <strong>Ice Punch</strong>!<br></div><div class="battle-history"><small>It's super effective!</small><br></div><div class="battle-history"><small>(Phantump lost <abbr title="−20/20">100%</abbr> of its health!)</small><br></div><div class="battle-history"><small>The opposing Aipom lost some of its HP!</small><br></div><div class="spacer battle-history"><br></div><div class="battle-history">Phantump fainted!<br></div><div class="spacer battle-history"><br></div><div class="battle-history">Go! barrel roll (<strong>Fletchling</strong>)!<br></div><div class="spacer battle-history"><br></div><h2 class="battle-history">Turn 5</h2><div class="spacer battle-history"><br></div><div class="battle-history">barrel roll used <strong>Acrobatics</strong>!<br></div><div class="battle-history"><small>(The opposing Aipom lost <abbr title="−8/22">36.4%</abbr> of its health!)</small><br></div><div class="spacer battle-history"><br></div><div class="battle-history">The opposing Aipom fainted!<br></div><div class="spacer battle-history"><br></div><div class="battle-history">Lightknightpz sent out <strong>Fletchling</strong>!<br></div><div class="spacer battle-history"><br></div><h2 class="battle-history">Turn 6</h2><div class="spacer battle-history"><br></div><div class="battle-history">barrel roll used <strong>Acrobatics</strong>!<br></div><div class="battle-history"><small>(The opposing Fletchling lost <abbr title="−18/21">85.7%</abbr> of its health!)</small><br></div><div class="spacer battle-history"><br></div><div class="battle-history">The opposing Fletchling used <strong>U-turn</strong>!<br></div><div class="battle-history"><small>It's not very effective...</small><br></div><div class="battle-history"><small>(barrel roll lost <abbr title="−6/21">28.6%</abbr> of its health!)</small><br></div><div class="spacer battle-history"><br></div><div class="battle-history">The opposing Fletchling went back to Lightknightpz!<br></div><div class="battle-history">Lightknightpz sent out <strong>Golett</strong>!<br></div><div class="spacer battle-history"><br></div><h2 class="battle-history">Turn 7</h2><div class="spacer battle-history"><br></div><div class="battle-history">barrel roll, come back!<br></div><div class="battle-history">Go! <strong>Pawniard</strong>!<br></div><div class="spacer battle-history"><br></div><div class="battle-history">The opposing Golett used <strong>Drain Punch</strong>!<br></div><div class="battle-history"><small>It's super effective!</small><br></div><div class="battle-history"><small>(Pawniard lost <abbr title="−23/23">100%</abbr> of its health!)</small><br></div><div class="spacer battle-history"><br></div><div class="battle-history">Pawniard fainted!<br></div><div class="spacer battle-history"><br></div><div class="battle-history">Go! <strong>Mantyke</strong>!<br></div><div class="spacer battle-history"><br></div><h2 class="battle-history">Turn 8</h2><div class="spacer battle-history"><br></div><div class="battle-history">Mantyke used <strong>Rain Dance</strong>!<br></div><div class="battle-history"><small>It started to rain!</small><br></div><div class="spacer battle-history"><br></div><div class="battle-history">The opposing Golett used <strong>Power-Up Punch</strong>!<br></div><div class="battle-history"><small>It's not very effective...</small><br></div><div class="battle-history"><small>(Mantyke lost <abbr title="−2/21">9.5%</abbr> of its health!)</small><br></div><div class="battle-history"><small>The opposing Golett's Attack rose!</small><br></div><div class="spacer battle-history"><br></div><div class="battle-history"><small>(Rain continues to fall!)</small><br></div><div class="battle-history"><small>The opposing team's Light Screen wore off!</small><br></div><div class="spacer battle-history"><br></div><h2 class="battle-history">Turn 9</h2><div class="spacer battle-history"><br></div><div class="battle-history">Lightknightpz withdrew Golett!<br></div><div class="battle-history">Lightknightpz sent out <strong>Foongus</strong>!<br></div><div class="spacer battle-history"><br></div><div class="battle-history">Mantyke used <strong>Surf</strong>!<br></div><div class="battle-history"><small>It's not very effective...</small><br></div><div class="battle-history"><small>(The opposing Foongus lost <abbr title="−11/23">47.8%</abbr> of its health!)</small><br></div><div class="spacer battle-history"><br></div><div class="battle-history"><small>(Rain continues to fall!)</small><br></div><div class="battle-history"><small>The opposing Foongus restored a little HP using its Leftovers!</small><br></div><div class="spacer battle-history"><br></div><h2 class="battle-history">Turn 10</h2><div class="spacer battle-history"><br></div><div class="battle-history">Mantyke used <strong>Air Slash</strong>!<br></div><div class="battle-history"><small>It's super effective!</small><br></div><div class="battle-history"><small>(The opposing Foongus lost <abbr title="−13/23">56.5%</abbr> of its health!)</small><br></div><div class="spacer battle-history"><br></div><div class="battle-history">The opposing Foongus fainted!<br></div><div class="spacer battle-history"><br></div><div class="battle-history"><small>(Rain continues to fall!)</small><br></div><div class="spacer battle-history"><br></div><div class="battle-history">Lightknightpz sent out <strong>Fletchling</strong>!<br></div><div class="spacer battle-history"><br></div><h2 class="battle-history">Turn 11</h2><div class="spacer battle-history"><br></div><div class="battle-history">Mantyke used <strong>Surf</strong>!<br></div><div class="battle-history"><small>(The opposing Fletchling lost <abbr title="−3/21">14.3%</abbr> of its health!)</small><br></div><div class="spacer battle-history"><br></div><div class="battle-history">The opposing Fletchling fainted!<br></div><div class="spacer battle-history"><br></div><div class="battle-history"><small>(Rain continues to fall!)</small><br></div><div class="spacer battle-history"><br></div><div class="battle-history">Lightknightpz sent out <strong>Archen</strong>!<br></div><div class="spacer battle-history"><br></div><h2 class="battle-history">Turn 12</h2><div class="chat chatmessage-a0e"><strong style="color:hsl(94,61%,36%)"><small>★</small><span class="username" data-name="A0E">A0E</span>:</strong> <em>did that fletchling have gale wings or not?</em></div><div class="spacer battle-history"><br></div><div class="battle-history">Mantyke used <strong>Surf</strong>!<br></div><div class="battle-history"><small>It's super effective!</small><br></div><div class="battle-history"><small>(The opposing Archen lost <abbr title="−22/22">100%</abbr> of its health!)</small><br></div><div class="spacer battle-history"><br></div><div class="battle-history">The opposing Archen fainted!<br></div><div class="spacer battle-history"><br></div><div class="battle-history"><small>(Rain continues to fall!)</small><br></div><div class="spacer battle-history"><br></div><div class="battle-history">Lightknightpz sent out <strong>Golett</strong>!<br></div><div class="spacer battle-history"><br></div><h2 class="battle-history">Turn 13</h2><div class="spacer battle-history"><br></div><div class="battle-history">Mantyke used <strong>Surf</strong>!<br></div><div class="battle-history"><small>It's super effective!</small><br></div><div class="battle-history"><small>(The opposing Golett lost <abbr title="−22/22">100%</abbr> of its health!)</small><br></div><div class="spacer battle-history"><br></div><div class="battle-history">The opposing Golett fainted!<br></div><div class="spacer battle-history"><br></div><div class="battle-history"><strong>A0E</strong> won the battle!<br></div><div class="chat chatmessage-a0e"><strong style="color:hsl(94,61%,36%)"><small>★</small><span class="username" data-name="A0E">A0E</span>:</strong> <em>gg</em></div><div class="chat"><small>Lightknightpz left.</small></div></div><div class="inner-preempt"></div></div></div>
</div>
<script>
let daily = Math.floor(Date.now()/1000/60/60/24);document.write('<script src="https://play.pokemonshowdown.com/js/replay-embed.js?version'+daily+'"></'+'script>');
</script>
