<!DOCTYPE html>
<meta charset="utf-8" />
<!-- version 1 -->
<title>LC replay: Dorinkoto vs. twopnicb</title>
<style>
html,body {font-family:Verdana, sans-serif;font-size:10pt;margin:0;padding:0;}body{padding:12px 0;} .battle-log {font-family:Verdana, sans-serif;font-size:10pt;} .battle-log-inline {border:1px solid #AAAAAA;background:#EEF2F5;color:black;max-width:640px;margin:0 auto 80px;padding-bottom:5px;} .battle-log .inner {padding:4px 8px 0px 8px;} .battle-log .inner-preempt {padding:0 8px 4px 8px;} .battle-log .inner-after {margin-top:0.5em;} .battle-log h2 {margin:0.5em -8px;padding:4px 8px;border:1px solid #AAAAAA;background:#E0E7EA;border-left:0;border-right:0;font-family:Verdana, sans-serif;font-size:13pt;} .battle-log .chat {vertical-align:middle;padding:3px 0 3px 0;font-size:8pt;} .battle-log .chat strong {color:#40576A;} .battle-log .chat em {padding:1px 4px 1px 3px;color:#000000;font-style:normal;} .chat.mine {background:rgba(0,0,0,0.05);margin-left:-8px;margin-right:-8px;padding-left:8px;padding-right:8px;} .spoiler {color:#BBBBBB;background:#BBBBBB;padding:0px 3px;} .spoiler:hover, .spoiler:active, .spoiler-shown {color:#000000;background:#E2E2E2;padding:0px 3px;} .spoiler a {color:#BBBBBB;} .spoiler:hover a, .spoiler:active a, .spoiler-shown a {color:#2288CC;} .chat code, .chat .spoiler:hover code, .chat .spoiler:active code, .chat .spoiler-shown code {border:1px solid #C0C0C0;background:#EEEEEE;color:black;padding:0 2px;} .chat .spoiler code {border:1px solid #CCCCCC;background:#CCCCCC;color:#CCCCCC;} .battle-log .rated {padding:3px 4px;} .battle-log .rated strong {color:white;background:#89A;padding:1px 4px;border-radius:4px;} .spacer {margin-top:0.5em;} .message-announce {background:#6688AA;color:white;padding:1px 4px 2px;} .message-announce a, .broadcast-green a, .broadcast-blue a, .broadcast-red a {color:#DDEEFF;} .broadcast-green {background-color:#559955;color:white;padding:2px 4px;} .broadcast-blue {background-color:#6688AA;color:white;padding:2px 4px;} .infobox {border:1px solid #6688AA;padding:2px 4px;} .infobox-limited {max-height:200px;overflow:auto;overflow-x:hidden;} .broadcast-red {background-color:#AA5544;color:white;padding:2px 4px;} .message-learn-canlearn {font-weight:bold;color:#228822;text-decoration:underline;} .message-learn-cannotlearn {font-weight:bold;color:#CC2222;text-decoration:underline;} .message-effect-weak {font-weight:bold;color:#CC2222;} .message-effect-resist {font-weight:bold;color:#6688AA;} .message-effect-immune {font-weight:bold;color:#666666;} .message-learn-list {margin-top:0;margin-bottom:0;} .message-throttle-notice, .message-error {color:#992222;} .message-overflow, .chat small.message-overflow {font-size:0pt;} .message-overflow::before {font-size:9pt;content:'...';} .subtle {color:#3A4A66;}
</style>
<div class="wrapper replay-wrapper" style="max-width:1180px;margin:0 auto">
<input type="hidden" name="replayid" value="lc-532385094" />
<div class="battle"></div><div class="battle-log"></div><div class="replay-controls"></div><div class="replay-controls-2"></div>
<h1 style="font-weight:normal;text-align:center"><strong>LC</strong><br /><a href="http://pokemonshowdown.com/users/dorinkoto" class="subtle" target="_blank">Dorinkoto</a> vs. <a href="http://pokemonshowdown.com/users/twopnicb" class="subtle" target="_blank">twopnicb</a></h1>
<script type="text/plain" class="battle-log-data">|j|Dorinkoto
|j|twopnicb
|player|p1|Dorinkoto|101
|player|p2|twopnicb|1
|gametype|singles
|gen|6
|tier|LC
|seed|3303,46571,48964,28709
|clearpoke
|poke|p1|Hippopotas, L5, F, shiny|item
|poke|p1|Porygon, L5|item
|poke|p1|Lileep, L5, M, shiny|item
|poke|p1|Drilbur, L5, M|item
|poke|p1|Sandshrew, L5, M, shiny|item
|poke|p1|Gastly, L5, M|item
|poke|p2|Scraggy, L5, M|item
|poke|p2|Honedge, L5, M|item
|poke|p2|Chinchou, L5, M|item
|poke|p2|Timburr, L5, M|item
|poke|p2|Foongus, L5, M|item
|poke|p2|Archen, L5, M|
|rule|Sleep Clause Mod: Limit one foe put to sleep
|rule|Species Clause: Limit one of each Pokémon
|rule|OHKO Clause: OHKO moves are banned
|rule|Moody Clause: Moody is banned
|rule|Evasion Moves Clause: Evasion moves are banned
|rule|Endless Battle Clause: Forcing endless battles is banned
|rule|HP Percentage Mod: HP is shown in percentages
|teampreview
|c|★Dorinkoto|Mas oxe...
|choice|team 1, team 2, team 3, team 4, team 5, team 6|team 6, team 2, team 3, team 4, team 5, team 1
|
|start
|switch|p1a: ATCHIM|Hippopotas, L5, F, shiny|26\/26
|switch|p2a: Archen|Archen, L5, M|23\/23
|-weather|Sandstorm|[from] ability: Sand Stream|[of] p1a: ATCHIM
|turn|1
|choice|move stealthrock|move stealthrock
|
|move|p2a: Archen|Stealth Rock|p1a: ATCHIM
|-sidestart|p1: Dorinkoto|move: Stealth Rock
|move|p1a: ATCHIM|Stealth Rock|p2a: Archen
|-sidestart|p2: twopnicb|move: Stealth Rock
|
|-weather|Sandstorm|[upkeep]
|upkeep
|turn|2
|choice|move whirlwind|move acrobatics
|
|move|p2a: Archen|Acrobatics|p1a: ATCHIM
|-damage|p1a: ATCHIM|17\/26
|move|p1a: ATCHIM|Whirlwind|p2a: Archen
|drag|p2a: Honedge|Honedge, L5, M|21\/21
|-damage|p2a: Honedge|20\/21|[from] Stealth Rock
|
|-weather|Sandstorm|[upkeep]
|upkeep
|turn|3
|c|★Dorinkoto|Alphonse e você com Chinchou no time
|choice|move earthquake|switch 2
|
|switch|p2a: Archen|Archen, L5, M|23\/23
|-damage|p2a: Archen|18\/23|[from] Stealth Rock
|move|p1a: ATCHIM|Earthquake|p2a: Archen
|-immune|p2a: Archen|[msg]
|
|-weather|Sandstorm|[upkeep]
|upkeep
|turn|4
|c|★twopnicb|meio obvio ne pombo xD
|choice|move whirlwind|move acrobatics
|
|move|p2a: Archen|Acrobatics|p1a: ATCHIM
|-damage|p1a: ATCHIM|8\/26
|move|p1a: ATCHIM|Whirlwind|p2a: Archen
|drag|p2a: Honedge|Honedge, L5, M|20\/21
|-damage|p2a: Honedge|19\/21|[from] Stealth Rock
|
|-weather|Sandstorm|[upkeep]
|upkeep
|turn|5
|choice|move slackoff|switch 2
|
|switch|p2a: Archen|Archen, L5, M|18\/23
|-damage|p2a: Archen|13\/23|[from] Stealth Rock
|move|p1a: ATCHIM|Slack Off|p1a: ATCHIM
|-heal|p1a: ATCHIM|21\/26
|
|-weather|none
|upkeep
|turn|6
|choice|move whirlwind|move roost
|
|move|p2a: Archen|Roost|p2a: Archen
|-heal|p2a: Archen|23\/23
|move|p1a: ATCHIM|Whirlwind|p2a: Archen
|drag|p2a: Honedge|Honedge, L5, M|19\/21
|-damage|p2a: Honedge|18\/21|[from] Stealth Rock
|
|upkeep
|turn|7
|j|Voraz
|choice|switch 5|switch 2
|
|switch|p2a: Archen|Archen, L5, M|23\/23
|-damage|p2a: Archen|18\/23|[from] Stealth Rock
|switch|p1a: VIREI DE GELO E SW|Sandshrew, L5, M, shiny|22\/22
|-damage|p1a: VIREI DE GELO E SW|21\/22|[from] Stealth Rock
|
|upkeep
|turn|8
|choice|move rockslide|move acrobatics
|
|move|p2a: Archen|Acrobatics|p1a: VIREI DE GELO E SW
|-damage|p1a: VIREI DE GELO E SW|9\/22
|move|p1a: VIREI DE GELO E SW|Rock Slide|p2a: Archen
|-supereffective|p2a: Archen
|-damage|p2a: Archen|0 fnt
|faint|p2a: Archen
|
|upkeep
|choice||switch 4
|
|switch|p2a: Timburr|Timburr, L5, M|24\/24
|-damage|p2a: Timburr|23\/24|[from] Stealth Rock
|turn|9
|choice|move earthquake|move bulkup
|
|move|p1a: VIREI DE GELO E SW|Earthquake|p2a: Timburr
|-damage|p2a: Timburr|11\/24
|move|p2a: Timburr|Bulk Up|p2a: Timburr
|-boost|p2a: Timburr|atk|1
|-boost|p2a: Timburr|def|1
|
|upkeep
|turn|10
|choice|move earthquake|move drainpunch
|
|move|p1a: VIREI DE GELO E SW|Earthquake|p2a: Timburr
|-damage|p2a: Timburr|4\/24
|move|p2a: Timburr|Drain Punch|p1a: VIREI DE GELO E SW
|-damage|p1a: VIREI DE GELO E SW|0 fnt
|-heal|p2a: Timburr|9\/24|[from] drain|[of] p1a: VIREI DE GELO E SW
|faint|p1a: VIREI DE GELO E SW
|
|upkeep
|choice|switch 6|
|
|switch|p1a: Mini cloyster|Gastly, L5, M|19\/19
|-damage|p1a: Mini cloyster|17\/19|[from] Stealth Rock
|turn|11
|choice|move sludgebomb|move knockoff
|
|move|p1a: Mini cloyster|Sludge Bomb|p2a: Timburr
|-damage|p2a: Timburr|0 fnt
|faint|p2a: Timburr
|
|upkeep
|choice||switch 2
|
|switch|p2a: Honedge|Honedge, L5, M|18\/21
|-damage|p2a: Honedge|17\/21|[from] Stealth Rock
|turn|12
|choice|move shadowball|move shadowsneak
|
|move|p2a: Honedge|Shadow Sneak|p1a: Mini cloyster
|-supereffective|p1a: Mini cloyster
|-crit|p1a: Mini cloyster
|-damage|p1a: Mini cloyster|0 fnt
|faint|p1a: Mini cloyster
|
|upkeep
|choice|switch 4|
|
|switch|p1a: Eu não respeito a|Drilbur, L5, M|22\/22
|-damage|p1a: Eu não respeito a|21\/22|[from] Stealth Rock
|turn|13
|choice|move earthquake|move shadowsneak
|
|move|p2a: Honedge|Shadow Sneak|p1a: Eu não respeito a
|-damage|p1a: Eu não respeito a|12\/22
|move|p1a: Eu não respeito a|Earthquake|p2a: Honedge
|-supereffective|p2a: Honedge
|-damage|p2a: Honedge|0 fnt
|-damage|p1a: Eu não respeito a|10\/22|[from] item: Life Orb
|faint|p2a: Honedge
|
|upkeep
|choice||switch 6
|
|switch|p2a: Scraggy|Scraggy, L5, M|21\/21
|-damage|p2a: Scraggy|20\/21|[from] Stealth Rock
|turn|14
|choice|move earthquake|move drainpunch
|
|move|p2a: Scraggy|Drain Punch|p1a: Eu não respeito a
|-crit|p1a: Eu não respeito a
|-damage|p1a: Eu não respeito a|0 fnt
|-heal|p2a: Scraggy|21\/21|[from] drain|[of] p1a: Eu não respeito a
|faint|p1a: Eu não respeito a
|-ability|p2a: Scraggy|Moxie|boost
|-boost|p2a: Scraggy|atk|1
|
|upkeep
|choice|switch 5|
|
|switch|p1a: ATCHIM|Hippopotas, L5, F, shiny|21\/26
|-damage|p1a: ATCHIM|20\/26|[from] Stealth Rock
|-weather|Sandstorm|[from] ability: Sand Stream|[of] p1a: ATCHIM
|turn|15
|c|★Dorinkoto|Já ganhou
|choice|move whirlwind|move drainpunch
|
|move|p2a: Scraggy|Drain Punch|p1a: ATCHIM
|-damage|p1a: ATCHIM|11\/26
|move|p1a: ATCHIM|Whirlwind|p2a: Scraggy
|drag|p2a: Foongus|Foongus, L5, M|25\/25
|-damage|p2a: Foongus|22\/25|[from] Stealth Rock
|
|-weather|Sandstorm|[upkeep]
|-damage|p2a: Foongus|21\/25|[from] sandstorm
|upkeep
|turn|16
|choice|switch 3|move sludgebomb
|
|switch|p1a: Laranjo|Lileep, L5, M, shiny|26\/26
|-damage|p1a: Laranjo|23\/26|[from] Stealth Rock
|move|p2a: Foongus|Sludge Bomb|p1a: Laranjo
|-damage|p1a: Laranjo|19\/26
|-status|p1a: Laranjo|psn
|
|-weather|Sandstorm|[upkeep]
|-damage|p2a: Foongus|20\/25|[from] sandstorm
|-damage|p1a: Laranjo|16\/26 psn|[from] psn
|upkeep
|turn|17
|choice|switch 3|move gigadrain
|
|switch|p1a: ATCHIM|Hippopotas, L5, F, shiny|11\/26
|-damage|p1a: ATCHIM|10\/26|[from] Stealth Rock
|move|p2a: Foongus|Giga Drain|p1a: ATCHIM
|-supereffective|p1a: ATCHIM
|-damage|p1a: ATCHIM|0 fnt
|-heal|p2a: Foongus|25\/25|[from] drain|[of] p1a: ATCHIM
|faint|p1a: ATCHIM
|
|-weather|Sandstorm|[upkeep]
|-damage|p2a: Foongus|24\/25|[from] sandstorm
|upkeep
|choice|switch 2|
|
|switch|p1a: Limau|Porygon, L5|26\/26
|-damage|p1a: Limau|23\/26|[from] Stealth Rock
|-ability|p1a: Limau|Regenerator|[from] ability: Trace|[of] p2a: Foongus
|turn|18
|choice|move thunderwave|move spore
|
|move|p1a: Limau|Thunder Wave|p2a: Foongus
|-status|p2a: Foongus|par
|move|p2a: Foongus|Spore|p1a: Limau
|-status|p1a: Limau|slp
|
|-weather|Sandstorm|[upkeep]
|-damage|p1a: Limau|22\/26 slp|[from] sandstorm
|-damage|p2a: Foongus|23\/25 par|[from] sandstorm
|upkeep
|turn|19
|choice|move psychic|switch 5
|
|switch|p2a: Scraggy|Scraggy, L5, M|21\/21
|-damage|p2a: Scraggy|20\/21|[from] Stealth Rock
|cant|p1a: Limau|slp
|
|-weather|none
|upkeep
|turn|20
|choice|move triattack|move drainpunch
|
|move|p2a: Scraggy|Drain Punch|p1a: Limau
|-supereffective|p1a: Limau
|-damage|p1a: Limau|8\/26 slp
|-heal|p2a: Scraggy|21\/21|[from] drain|[of] p1a: Limau
|-curestatus|p1a: Limau|slp|[msg]
|move|p1a: Limau|Tri Attack|p2a: Scraggy
|-damage|p2a: Scraggy|11\/21
|
|upkeep
|turn|21
|choice|switch 3|move drainpunch
|
|switch|p1a: Laranjo|Lileep, L5, M, shiny|16\/26 psn
|-damage|p1a: Laranjo|13\/26 psn|[from] Stealth Rock
|move|p2a: Scraggy|Drain Punch|p1a: Laranjo
|-supereffective|p1a: Laranjo
|-damage|p1a: Laranjo|0 fnt
|-heal|p2a: Scraggy|18\/21|[from] drain|[of] p1a: Laranjo
|faint|p1a: Laranjo
|-ability|p2a: Scraggy|Moxie|boost
|-boost|p2a: Scraggy|atk|1
|
|upkeep
|c|★Dorinkoto|GG
|choice|switch 3|
|
|switch|p1a: Limau|Porygon, L5|16\/26
|-damage|p1a: Limau|13\/26|[from] Stealth Rock
|-ability|p1a: Limau|Moxie|[from] ability: Trace|[of] p2a: Scraggy
|turn|22
|choice|move thunderwave|move drainpunch
|
|move|p2a: Scraggy|Drain Punch|p1a: Limau
|-supereffective|p1a: Limau
|-damage|p1a: Limau|0 fnt
|-heal|p2a: Scraggy|21\/21|[from] drain|[of] p1a: Limau
|faint|p1a: Limau
|
|win|twopnicb
|player|p1
|player|p2</script>
</div>
<div class="battle-log battle-log-inline"><div class="inner"><div class="battle-options"></div><div class="inner"><div class="chat"><small>Dorinkoto joined.</small></div><div class="chat"><small>twopnicb joined.</small></div><div class=""><small>Format:</small> <br><strong>LC</strong></div><div class=""><small><em>Sleep Clause Mod:</em> Limit one foe put to sleep</small></div><div class=""><small><em>Species Clause:</em> Limit one of each Pokémon</small></div><div class=""><small><em>OHKO Clause:</em> OHKO moves are banned</small></div><div class=""><small><em>Moody Clause:</em> Moody is banned</small></div><div class=""><small><em>Evasion Moves Clause:</em> Evasion moves are banned</small></div><div class=""><small><em>Endless Battle Clause:</em> Forcing endless battles is banned</small></div><div class=""><small><em>HP Percentage Mod:</em> HP is shown in percentages</small></div><div class="chat battle-history"><strong>Dorinkoto's team:</strong> <em style="color:#445566;display:block;">Hippopotas / Porygon / Lileep / Drilbur / Sandshrew / Gastly</em></div><div class="chat battle-history"><strong>twopnicb's team:</strong> <em style="color:#445566;display:block;">Scraggy / Honedge / Chinchou / Timburr / Foongus / Archen</em></div><div class="chat chatmessage-dorinkoto"><strong style="color:hsl(204,73%,46%)"><small>★</small><span class="username" data-name="Dorinkoto">Dorinkoto</span>:</strong> <em>Mas oxe...</em></div><div class="spacer battle-history"><br></div><div class="battle-history">Battle started between Dorinkoto and twopnicb!<br></div><div class="spacer battle-history"><br></div><div class="battle-history">Go! ATCHIM (<strong>Hippopotas</strong>)!<br></div><div class="spacer battle-history"><br></div><div class="battle-history">twopnicb sent out <strong>Archen</strong>!<br></div><div class="battle-history"><small>[ATCHIM's Sand Stream]</small><br><small>A sandstorm kicked up!</small><br></div><div class="spacer battle-history"><br></div><h2 class="battle-history">Turn 1</h2><div class="spacer battle-history"><br></div><div class="battle-history">The opposing Archen used <strong>Stealth Rock</strong>!<br></div><div class="battle-history"><small>Pointed stones float in the air around your team!</small><br></div><div class="spacer battle-history"><br></div><div class="battle-history">ATCHIM used <strong>Stealth Rock</strong>!<br></div><div class="battle-history"><small>Pointed stones float in the air around the opposing team!</small><br></div><div class="spacer battle-history"><br></div><div class="battle-history"><small>The sandstorm is raging.</small><br></div><div class="spacer battle-history"><br></div><h2 class="battle-history">Turn 2</h2><div class="spacer battle-history"><br></div><div class="battle-history">The opposing Archen used <strong>Acrobatics</strong>!<br></div><div class="battle-history"><small>(ATCHIM lost <abbr title="−9/26">34.6%</abbr> of its health!)</small><br></div><div class="spacer battle-history"><br></div><div class="battle-history">ATCHIM used <strong>Whirlwind</strong>!<br></div><div class="spacer battle-history"><br></div><div class="battle-history"><strong>Honedge</strong> was dragged out!<br></div><div class="battle-history"><small>Pointed stones dug into the opposing Honedge!</small><br></div><div class="spacer battle-history"><br></div><div class="battle-history"><small>The sandstorm is raging.</small><br></div><div class="spacer battle-history"><br></div><h2 class="battle-history">Turn 3</h2><div class="chat chatmessage-dorinkoto"><strong style="color:hsl(204,73%,46%)"><small>★</small><span class="username" data-name="Dorinkoto">Dorinkoto</span>:</strong> <em>Alphonse e você com Chinchou no time</em></div><div class="spacer battle-history"><br></div><div class="battle-history">twopnicb withdrew Honedge!<br></div><div class="battle-history">twopnicb sent out <strong>Archen</strong>!<br></div><div class="battle-history"><small>Pointed stones dug into the opposing Archen!</small><br></div><div class="spacer battle-history"><br></div><div class="battle-history">ATCHIM used <strong>Earthquake</strong>!<br></div><div class="battle-history"><small>It doesn't affect the opposing Archen...</small><br></div><div class="spacer battle-history"><br></div><div class="battle-history"><small>The sandstorm is raging.</small><br></div><div class="spacer battle-history"><br></div><h2 class="battle-history">Turn 4</h2><div class="chat chatmessage-twopnicb"><strong style="color:hsl(202,64%,47%)"><small>★</small><span class="username" data-name="twopnicb">twopnicb</span>:</strong> <em>meio obvio ne pombo xD</em></div><div class="spacer battle-history"><br></div><div class="battle-history">The opposing Archen used <strong>Acrobatics</strong>!<br></div><div class="battle-history"><small>(ATCHIM lost <abbr title="−9/26">34.6%</abbr> of its health!)</small><br></div><div class="spacer battle-history"><br></div><div class="battle-history">ATCHIM used <strong>Whirlwind</strong>!<br></div><div class="spacer battle-history"><br></div><div class="battle-history"><strong>Honedge</strong> was dragged out!<br></div><div class="battle-history"><small>Pointed stones dug into the opposing Honedge!</small><br></div><div class="spacer battle-history"><br></div><div class="battle-history"><small>The sandstorm is raging.</small><br></div><div class="spacer battle-history"><br></div><h2 class="battle-history">Turn 5</h2><div class="spacer battle-history"><br></div><div class="battle-history">twopnicb withdrew Honedge!<br></div><div class="battle-history">twopnicb sent out <strong>Archen</strong>!<br></div><div class="battle-history"><small>Pointed stones dug into the opposing Archen!</small><br></div><div class="spacer battle-history"><br></div><div class="battle-history">ATCHIM used <strong>Slack Off</strong>!<br></div><div class="battle-history"><small>ATCHIM restored its HP.</small><br></div><div class="spacer battle-history"><br></div><div class="battle-history"><small>The sandstorm subsided.</small><br></div><div class="spacer battle-history"><br></div><h2 class="battle-history">Turn 6</h2><div class="spacer battle-history"><br></div><div class="battle-history">The opposing Archen used <strong>Roost</strong>!<br></div><div class="battle-history"><small>The opposing Archen restored its HP.</small><br></div><div class="spacer battle-history"><br></div><div class="battle-history">ATCHIM used <strong>Whirlwind</strong>!<br></div><div class="spacer battle-history"><br></div><div class="battle-history"><strong>Honedge</strong> was dragged out!<br></div><div class="battle-history"><small>Pointed stones dug into the opposing Honedge!</small><br></div><div class="spacer battle-history"><br></div><h2 class="battle-history">Turn 7</h2><div class="chat"><small>Voraz joined.</small></div><div class="spacer battle-history"><br></div><div class="battle-history">twopnicb withdrew Honedge!<br></div><div class="battle-history">twopnicb sent out <strong>Archen</strong>!<br></div><div class="battle-history"><small>Pointed stones dug into the opposing Archen!</small><br></div><div class="spacer battle-history"><br></div><div class="battle-history">ATCHIM, come back!<br></div><div class="battle-history">Go! VIREI DE GELO E SW (<strong>Sandshrew</strong>)!<br></div><div class="battle-history"><small>Pointed stones dug into VIREI DE GELO E SW!</small><br></div><div class="spacer battle-history"><br></div><h2 class="battle-history">Turn 8</h2><div class="spacer battle-history"><br></div><div class="battle-history">The opposing Archen used <strong>Acrobatics</strong>!<br></div><div class="battle-history"><small>(VIREI DE GELO E SW lost <abbr title="−12/22">54.5%</abbr> of its health!)</small><br></div><div class="spacer battle-history"><br></div><div class="battle-history">VIREI DE GELO E SW used <strong>Rock Slide</strong>!<br></div><div class="battle-history"><small>It's super effective!</small><br></div><div class="battle-history"><small>(The opposing Archen lost <abbr title="−18/23">78.3%</abbr> of its health!)</small><br></div><div class="spacer battle-history"><br></div><div class="battle-history">The opposing Archen fainted!<br></div><div class="spacer battle-history"><br></div><div class="battle-history">twopnicb sent out <strong>Timburr</strong>!<br></div><div class="battle-history"><small>Pointed stones dug into the opposing Timburr!</small><br></div><div class="spacer battle-history"><br></div><h2 class="battle-history">Turn 9</h2><div class="spacer battle-history"><br></div><div class="battle-history">VIREI DE GELO E SW used <strong>Earthquake</strong>!<br></div><div class="battle-history"><small>(The opposing Timburr lost <abbr title="−12/24">50%</abbr> of its health!)</small><br></div><div class="spacer battle-history"><br></div><div class="battle-history">The opposing Timburr used <strong>Bulk Up</strong>!<br></div><div class="battle-history"><small>The opposing Timburr's Attack rose!</small><br></div><div class="battle-history"><small>The opposing Timburr's Defense rose!</small><br></div><div class="spacer battle-history"><br></div><h2 class="battle-history">Turn 10</h2><div class="spacer battle-history"><br></div><div class="battle-history">VIREI DE GELO E SW used <strong>Earthquake</strong>!<br></div><div class="battle-history"><small>(The opposing Timburr lost <abbr title="−7/24">29.2%</abbr> of its health!)</small><br></div><div class="spacer battle-history"><br></div><div class="battle-history">The opposing Timburr used <strong>Drain Punch</strong>!<br></div><div class="battle-history"><small>(VIREI DE GELO E SW lost <abbr title="−9/22">40.9%</abbr> of its health!)</small><br></div><div class="battle-history"><small>VIREI DE GELO E SW had its energy drained!</small><br></div><div class="spacer battle-history"><br></div><div class="battle-history">VIREI DE GELO E SW fainted!<br></div><div class="spacer battle-history"><br></div><div class="battle-history">Go! Mini cloyster (<strong>Gastly</strong>)!<br></div><div class="battle-history"><small>Pointed stones dug into Mini cloyster!</small><br></div><div class="spacer battle-history"><br></div><h2 class="battle-history">Turn 11</h2><div class="spacer battle-history"><br></div><div class="battle-history">Mini cloyster used <strong>Sludge Bomb</strong>!<br></div><div class="battle-history"><small>(The opposing Timburr lost <abbr title="−9/24">37.5%</abbr> of its health!)</small><br></div><div class="spacer battle-history"><br></div><div class="battle-history">The opposing Timburr fainted!<br></div><div class="spacer battle-history"><br></div><div class="battle-history">twopnicb sent out <strong>Honedge</strong>!<br></div><div class="battle-history"><small>Pointed stones dug into the opposing Honedge!</small><br></div><div class="spacer battle-history"><br></div><h2 class="battle-history">Turn 12</h2><div class="spacer battle-history"><br></div><div class="battle-history">The opposing Honedge used <strong>Shadow Sneak</strong>!<br></div><div class="battle-history"><small>It's super effective!</small><br></div><div class="battle-history"><small>A critical hit!</small><br></div><div class="battle-history"><small>(Mini cloyster lost <abbr title="−17/19">89.5%</abbr> of its health!)</small><br></div><div class="spacer battle-history"><br></div><div class="battle-history">Mini cloyster fainted!<br></div><div class="spacer battle-history"><br></div><div class="battle-history">Go! Eu não respeito a (<strong>Drilbur</strong>)!<br></div><div class="battle-history"><small>Pointed stones dug into Eu não respeito a!</small><br></div><div class="spacer battle-history"><br></div><h2 class="battle-history">Turn 13</h2><div class="spacer battle-history"><br></div><div class="battle-history">The opposing Honedge used <strong>Shadow Sneak</strong>!<br></div><div class="battle-history"><small>(Eu não respeito a lost <abbr title="−9/22">40.9%</abbr> of its health!)</small><br></div><div class="spacer battle-history"><br></div><div class="battle-history">Eu não respeito a used <strong>Earthquake</strong>!<br></div><div class="battle-history"><small>It's super effective!</small><br></div><div class="battle-history"><small>(The opposing Honedge lost <abbr title="−17/21">81.0%</abbr> of its health!)</small><br></div><div class="battle-history"><small>Eu não respeito a lost some of its HP!</small><br></div><div class="spacer battle-history"><br></div><div class="battle-history">The opposing Honedge fainted!<br></div><div class="spacer battle-history"><br></div><div class="battle-history">twopnicb sent out <strong>Scraggy</strong>!<br></div><div class="battle-history"><small>Pointed stones dug into the opposing Scraggy!</small><br></div><div class="spacer battle-history"><br></div><h2 class="battle-history">Turn 14</h2><div class="spacer battle-history"><br></div><div class="battle-history">The opposing Scraggy used <strong>Drain Punch</strong>!<br></div><div class="battle-history"><small>A critical hit!</small><br></div><div class="battle-history"><small>(Eu não respeito a lost <abbr title="−10/22">45.5%</abbr> of its health!)</small><br></div><div class="battle-history"><small>Eu não respeito a had its energy drained!</small><br></div><div class="spacer battle-history"><br></div><div class="battle-history">Eu não respeito a fainted!<br></div><div class="battle-history"><small>[The opposing Scraggy's Moxie]</small><br></div><div class="battle-history"><small>The opposing Scraggy's Attack rose!</small><br></div><div class="spacer battle-history"><br></div><div class="battle-history">Go! ATCHIM (<strong>Hippopotas</strong>)!<br></div><div class="battle-history"><small>Pointed stones dug into ATCHIM!</small><br></div><div class="battle-history"><small>[ATCHIM's Sand Stream]</small><br><small>A sandstorm kicked up!</small><br></div><div class="spacer battle-history"><br></div><h2 class="battle-history">Turn 15</h2><div class="chat chatmessage-dorinkoto"><strong style="color:hsl(204,73%,46%)"><small>★</small><span class="username" data-name="Dorinkoto">Dorinkoto</span>:</strong> <em>Já ganhou</em></div><div class="spacer battle-history"><br></div><div class="battle-history">The opposing Scraggy used <strong>Drain Punch</strong>!<br></div><div class="battle-history"><small>(ATCHIM lost <abbr title="−9/26">34.6%</abbr> of its health!)</small><br></div><div class="spacer battle-history"><br></div><div class="battle-history">ATCHIM used <strong>Whirlwind</strong>!<br></div><div class="spacer battle-history"><br></div><div class="battle-history"><strong>Foongus</strong> was dragged out!<br></div><div class="battle-history"><small>Pointed stones dug into the opposing Foongus!</small><br></div><div class="spacer battle-history"><br></div><div class="battle-history"><small>The sandstorm is raging.</small><br></div><div class="battle-history"><small>The opposing Foongus is buffeted by the sandstorm!</small><br></div><div class="spacer battle-history"><br></div><h2 class="battle-history">Turn 16</h2><div class="spacer battle-history"><br></div><div class="battle-history">ATCHIM, come back!<br></div><div class="battle-history">Go! Laranjo (<strong>Lileep</strong>)!<br></div><div class="battle-history"><small>Pointed stones dug into Laranjo!</small><br></div><div class="spacer battle-history"><br></div><div class="battle-history">The opposing Foongus used <strong>Sludge Bomb</strong>!<br></div><div class="battle-history"><small>(Laranjo lost <abbr title="−4/26">15.4%</abbr> of its health!)</small><br></div><div class="battle-history"><small>Laranjo was poisoned!</small><br></div><div class="spacer battle-history"><br></div><div class="battle-history"><small>The sandstorm is raging.</small><br></div><div class="battle-history"><small>The opposing Foongus is buffeted by the sandstorm!</small><br></div><div class="battle-history"><small>Laranjo was hurt by poison!</small><br></div><div class="spacer battle-history"><br></div><h2 class="battle-history">Turn 17</h2><div class="spacer battle-history"><br></div><div class="battle-history">Laranjo, come back!<br></div><div class="battle-history">Go! ATCHIM (<strong>Hippopotas</strong>)!<br></div><div class="battle-history"><small>Pointed stones dug into ATCHIM!</small><br></div><div class="spacer battle-history"><br></div><div class="battle-history">The opposing Foongus used <strong>Giga Drain</strong>!<br></div><div class="battle-history"><small>It's super effective!</small><br></div><div class="battle-history"><small>(ATCHIM lost <abbr title="−10/26">38.5%</abbr> of its health!)</small><br></div><div class="battle-history"><small>ATCHIM had its energy drained!</small><br></div><div class="spacer battle-history"><br></div><div class="battle-history">ATCHIM fainted!<br></div><div class="spacer battle-history"><br></div><div class="battle-history"><small>The sandstorm is raging.</small><br></div><div class="battle-history"><small>The opposing Foongus is buffeted by the sandstorm!</small><br></div><div class="spacer battle-history"><br></div><div class="battle-history">Go! Limau (<strong>Porygon</strong>)!<br></div><div class="battle-history"><small>Pointed stones dug into Limau!</small><br></div><div class="battle-history"><small>[Limau's Trace]</small><br><small>[Limau's Regenerator]</small><br><small>Limau traced the opposing Foongus's Regenerator!</small><br></div><div class="spacer battle-history"><br></div><h2 class="battle-history">Turn 18</h2><div class="spacer battle-history"><br></div><div class="battle-history">Limau used <strong>Thunder Wave</strong>!<br></div><div class="battle-history"><small>The opposing Foongus is paralyzed! It may be unable to move!</small><br></div><div class="spacer battle-history"><br></div><div class="battle-history">The opposing Foongus used <strong>Spore</strong>!<br></div><div class="battle-history"><small>Limau fell asleep!</small><br></div><div class="spacer battle-history"><br></div><div class="battle-history"><small>The sandstorm is raging.</small><br></div><div class="battle-history"><small>Limau is buffeted by the sandstorm!</small><br></div><div class="battle-history"><small>The opposing Foongus is buffeted by the sandstorm!</small><br></div><div class="spacer battle-history"><br></div><h2 class="battle-history">Turn 19</h2><div class="spacer battle-history"><br></div><div class="battle-history">twopnicb withdrew Foongus!<br></div><div class="battle-history">twopnicb sent out <strong>Scraggy</strong>!<br></div><div class="battle-history"><small>Pointed stones dug into the opposing Scraggy!</small><br></div><div class="spacer battle-history"><br></div><div class="battle-history">Limau is fast asleep.<br></div><div class="spacer battle-history"><br></div><div class="battle-history"><small>The sandstorm subsided.</small><br></div><div class="spacer battle-history"><br></div><h2 class="battle-history">Turn 20</h2><div class="spacer battle-history"><br></div><div class="battle-history">The opposing Scraggy used <strong>Drain Punch</strong>!<br></div><div class="battle-history"><small>It's super effective!</small><br></div><div class="battle-history"><small>(Limau lost <abbr title="−14/26">53.8%</abbr> of its health!)</small><br></div><div class="battle-history"><small>Limau had its energy drained!</small><br></div><div class="battle-history"><small>Limau woke up!</small><br></div><div class="spacer battle-history"><br></div><div class="battle-history">Limau used <strong>Tri Attack</strong>!<br></div><div class="battle-history"><small>(The opposing Scraggy lost <abbr title="−10/21">47.6%</abbr> of its health!)</small><br></div><div class="spacer battle-history"><br></div><h2 class="battle-history">Turn 21</h2><div class="spacer battle-history"><br></div><div class="battle-history">Limau, come back!<br></div><div class="battle-history">Go! Laranjo (<strong>Lileep</strong>)!<br></div><div class="battle-history"><small>Pointed stones dug into Laranjo!</small><br></div><div class="spacer battle-history"><br></div><div class="battle-history">The opposing Scraggy used <strong>Drain Punch</strong>!<br></div><div class="battle-history"><small>It's super effective!</small><br></div><div class="battle-history"><small>(Laranjo lost <abbr title="−13/26">50%</abbr> of its health!)</small><br></div><div class="battle-history"><small>Laranjo had its energy drained!</small><br></div><div class="spacer battle-history"><br></div><div class="battle-history">Laranjo fainted!<br></div><div class="battle-history"><small>[The opposing Scraggy's Moxie]</small><br></div><div class="battle-history"><small>The opposing Scraggy's Attack rose!</small><br></div><div class="chat chatmessage-dorinkoto"><strong style="color:hsl(204,73%,46%)"><small>★</small><span class="username" data-name="Dorinkoto">Dorinkoto</span>:</strong> <em>GG</em></div><div class="spacer battle-history"><br></div><div class="battle-history">Go! Limau (<strong>Porygon</strong>)!<br></div><div class="battle-history"><small>Pointed stones dug into Limau!</small><br></div><div class="battle-history"><small>[Limau's Trace]</small><br><small>[Limau's Moxie]</small><br><small>Limau traced the opposing Scraggy's Moxie!</small><br></div><div class="spacer battle-history"><br></div><h2 class="battle-history">Turn 22</h2><div class="spacer battle-history"><br></div><div class="battle-history">The opposing Scraggy used <strong>Drain Punch</strong>!<br></div><div class="battle-history"><small>It's super effective!</small><br></div><div class="battle-history"><small>(Limau lost <abbr title="−13/26">50%</abbr> of its health!)</small><br></div><div class="battle-history"><small>Limau had its energy drained!</small><br></div><div class="spacer battle-history"><br></div><div class="battle-history">Limau fainted!<br></div><div class="spacer battle-history"><br></div><div class="battle-history"><strong>twopnicb</strong> won the battle!<br></div></div><div class="inner-preempt"></div></div></div>
</div>
<script>
let daily = Math.floor(Date.now()/1000/60/60/24);document.write('<script src="https://play.pokemonshowdown.com/js/replay-embed.js?version'+daily+'"></'+'script>');
</script>
