<!DOCTYPE html>
<meta charset="utf-8" />
<!-- version 1 -->
<title>OU replay: KiRiTo120013 vs. LZxel</title>
<style>
html,body {font-family:Verdana, sans-serif;font-size:10pt;margin:0;padding:0;}body{padding:12px 0;} .battle-log {font-family:Verdana, sans-serif;font-size:10pt;} .battle-log-inline {border:1px solid #AAAAAA;background:#EEF2F5;color:black;max-width:640px;margin:0 auto 80px;padding-bottom:5px;} .battle-log .inner {padding:4px 8px 0px 8px;} .battle-log .inner-preempt {padding:0 8px 4px 8px;} .battle-log .inner-after {margin-top:0.5em;} .battle-log h2 {margin:0.5em -8px;padding:4px 8px;border:1px solid #AAAAAA;background:#E0E7EA;border-left:0;border-right:0;font-family:Verdana, sans-serif;font-size:13pt;} .battle-log .chat {vertical-align:middle;padding:3px 0 3px 0;font-size:8pt;} .battle-log .chat strong {color:#40576A;} .battle-log .chat em {padding:1px 4px 1px 3px;color:#000000;font-style:normal;} .chat.mine {background:rgba(0,0,0,0.05);margin-left:-8px;margin-right:-8px;padding-left:8px;padding-right:8px;} .spoiler {color:#BBBBBB;background:#BBBBBB;padding:0px 3px;} .spoiler:hover, .spoiler:active, .spoiler-shown {color:#000000;background:#E2E2E2;padding:0px 3px;} .spoiler a {color:#BBBBBB;} .spoiler:hover a, .spoiler:active a, .spoiler-shown a {color:#2288CC;} .chat code, .chat .spoiler:hover code, .chat .spoiler:active code, .chat .spoiler-shown code {border:1px solid #C0C0C0;background:#EEEEEE;color:black;padding:0 2px;} .chat .spoiler code {border:1px solid #CCCCCC;background:#CCCCCC;color:#CCCCCC;} .battle-log .rated {padding:3px 4px;} .battle-log .rated strong {color:white;background:#89A;padding:1px 4px;border-radius:4px;} .spacer {margin-top:0.5em;} .message-announce {background:#6688AA;color:white;padding:1px 4px 2px;} .message-announce a, .broadcast-green a, .broadcast-blue a, .broadcast-red a {color:#DDEEFF;} .broadcast-green {background-color:#559955;color:white;padding:2px 4px;} .broadcast-blue {background-color:#6688AA;color:white;padding:2px 4px;} .infobox {border:1px solid #6688AA;padding:2px 4px;} .infobox-limited {max-height:200px;overflow:auto;overflow-x:hidden;} .broadcast-red {background-color:#AA5544;color:white;padding:2px 4px;} .message-learn-canlearn {font-weight:bold;color:#228822;text-decoration:underline;} .message-learn-cannotlearn {font-weight:bold;color:#CC2222;text-decoration:underline;} .message-effect-weak {font-weight:bold;color:#CC2222;} .message-effect-resist {font-weight:bold;color:#6688AA;} .message-effect-immune {font-weight:bold;color:#666666;} .message-learn-list {margin-top:0;margin-bottom:0;} .message-throttle-notice, .message-error {color:#992222;} .message-overflow, .chat small.message-overflow {font-size:0pt;} .message-overflow::before {font-size:9pt;content:'...';} .subtle {color:#3A4A66;}
</style>
<div class="wrapper replay-wrapper" style="max-width:1180px;margin:0 auto">
<input type="hidden" name="replayid" value="destiny-ou-503485" />
<div class="battle"></div><div class="battle-log"></div><div class="replay-controls"></div><div class="replay-controls-2"></div>
<h1 style="font-weight:normal;text-align:center"><strong>OU</strong><br /><a href="http://pokemonshowdown.com/users/kirito120013" class="subtle" target="_blank">KiRiTo120013</a> vs. <a href="http://pokemonshowdown.com/users/lzxel" class="subtle" target="_blank">LZxel</a></h1>
<script type="text/plain" class="battle-log-data">|player|p1|KiRiTo120013|102
|teamsize|p1|6
|player|p2|LZxel|2064
|teamsize|p2|6
|teamsize|p1|6
|teamsize|p2|6
|gametype|singles
|gen|7
|tier|OU
|rated
|seed|42068,59996,56122,21557
|rule|Cláusula-Mod de Dormir: solo puedes dormir a uno de tus oponentes a la vez.
|rule|Cláusula de Especie: Hasta un Pokémon de cada especie
|rule|Cláusula de Golpe Fulminante: los movimientos fulminantes (OHKO) estan prohibidos
|rule|Cláusula de Veleta: la habilidad Veleta está prohibida
|rule|Cláusula de Movimientos Evasivos: los movimientos de Evasión están prohibidos.
|rule|Cláusula de Batallas Eternas: forzar batallas eternas está prohibido
|clearpoke
|poke|p1|Kyurem-Black, shiny|item
|poke|p1|Tapu Koko, shiny|item
|poke|p1|Landorus-Therian, M, shiny|item
|poke|p1|Charizard, F, shiny|item
|poke|p1|Clefable, F|item
|poke|p1|Greninja, M|item
|poke|p2|Pidgeot, F|item
|poke|p2|Weavile, M|item
|poke|p2|Magmortar, M|item
|poke|p2|Azumarill, F|item
|poke|p2|Roserade, F|item
|poke|p2|Luxray, M|item
|teampreview|undefined
|choice|*|*team 213456
|inactive|Reloj de batalla ENCENDIDO. El jugador inactivo será descalificado (solicitado por LZxel).
|choice|*team 213456|*
|choice|team 2, 1, 3, 4, 5, 6|team 2, 1, 3, 4, 5, 6
|
|start
|switch|p1a: Tapu Koko|Tapu Koko, shiny|281\/281
|switch|p2a: Weavile|Weavile, M|281\/281
|-fieldstart|move: Electric Terrain|[from] ability: Electric Surge|[of] p1a: Tapu Koko
|-ability|p2a: Weavile|Pressure
|turn|1
|choice|*move 2|*
|choice|*|*move 1
|choice|move dazzlinggleam|move fakeout
|
|move|p2a: Weavile|Fake Out|p1a: Tapu Koko
|-damage|p1a: Tapu Koko|211\/281
|-damage|p2a: Weavile|253\/281|[from] item: Life Orb
|cant|p1a: Tapu Koko|flinch
|
|upkeep
|turn|2
|choice|*move 2|*
|choice|*|*switch 5
|choice|move dazzlinggleam|switch 5
|
|switch|p2a: Roserade|Roserade, F|324\/324
|move|p1a: Tapu Koko|Dazzling Gleam|p2a: Roserade
|-resisted|p2a: Roserade
|-damage|p2a: Roserade|238\/324
|
|upkeep
|turn|3
|choice|*|*move 4
|choice|*switch 2|*
|choice|switch 2|move toxicspikes
|
|switch|p1a: Kyurem|Kyurem-Black, shiny|391\/391
|-ability|p1a: Kyurem|Teravolt
|move|p2a: Roserade|Toxic Spikes|p1a: Kyurem
|-sidestart|p1: KiRiTo120013|move: Toxic Spikes
|
|upkeep
|turn|4
|choice|*move 3|*
|inactive|LZxel tiene 135 segundos restantes.
|choice|*|*switch 5
|choice|move icebeam|switch 5
|
|switch|p2a: Weavile|Weavile, M|253\/281
|-ability|p2a: Weavile|Pressure
|move|p1a: Kyurem|Ice Beam|p2a: Weavile
|-resisted|p2a: Weavile
|-damage|p2a: Weavile|181\/281
|
|upkeep
|turn|5
|choice|*|*move 4
|choice|*move 2|*
|choice|move fusionbolt|move lowkick
|
|move|p2a: Weavile|Low Kick|p1a: Kyurem
|-supereffective|p1a: Kyurem
|-damage|p1a: Kyurem|24\/391
|-damage|p2a: Weavile|153\/281|[from] item: Life Orb
|move|p1a: Kyurem|Fusion Bolt|p2a: Weavile
|-damage|p2a: Weavile|0 fnt
|faint|p2a: Weavile
|
|-fieldend|move: Electric Terrain
|upkeep
|inactive|LZxel tiene 135 segundos restantes.
|inactive|LZxel tiene 120 segundos restantes.
|choice|*|*switch 2
|choice||switch 2
|
|switch|p2a: Pidgeot|Pidgeot, F|307\/307
|turn|6
|c|☆KiRiTo120013|-3
|choice|*|*move 2 mega
|choice|*move 2|*
|choice|move fusionbolt|move heatwave mega
|
|-mega|p2a: Pidgeot|Pidgeot|Pidgeotite
|detailschange|p2a: Pidgeot|Pidgeot-Mega, F
|move|p2a: Pidgeot|Heat Wave|p1a: Kyurem
|-damage|p1a: Kyurem|0 fnt
|faint|p1a: Kyurem
|
|upkeep
|choice|*switch 6|*
|choice|switch 6|
|
|switch|p1a: Greninja|Greninja, M|285\/285
|-status|p1a: Greninja|psn
|turn|7
|choice|*|*move 1
|inactive|KiRiTo120013 tiene 135 segundos restantes.
|choice|*move 3|*
|choice|move icebeam|move hurricane
|
|move|p1a: Greninja|Ice Beam|p2a: Pidgeot
|-supereffective|p2a: Pidgeot
|-damage|p2a: Pidgeot|105\/307
|move|p2a: Pidgeot|Hurricane|p1a: Greninja
|-damage|p1a: Greninja|32\/285 psn
|-start|p1a: Greninja|confusion
|
|-damage|p1a: Greninja|0 fnt|[from] psn
|upkeep
|faint|p1a: Greninja
|choice|*switch 5|*
|choice|switch 5|
|
|switch|p1a: Clefable|Clefable, F|331\/331
|-status|p1a: Clefable|psn
|turn|8
|choice|*move 3|*
|choice|*|*move 3
|choice|move dazzlinggleam|move roost
|
|move|p2a: Pidgeot|Roost|p2a: Pidgeot
|-heal|p2a: Pidgeot|259\/307
|move|p1a: Clefable|Dazzling Gleam|p2a: Pidgeot
|-damage|p2a: Pidgeot|150\/307
|
|upkeep
|turn|9
|choice|*|*move 3
|inactive|KiRiTo120013 tiene 135 segundos restantes.
|choice|*move 3|*
|choice|move dazzlinggleam|move roost
|
|move|p2a: Pidgeot|Roost|p2a: Pidgeot
|-heal|p2a: Pidgeot|304\/307
|move|p1a: Clefable|Dazzling Gleam|p2a: Pidgeot
|-damage|p2a: Pidgeot|199\/307
|
|upkeep
|turn|10
|inactive|KiRiTo120013 tiene 135 segundos restantes.
|inactive|LZxel tiene 135 segundos restantes.
|choice|*|*move 1
|inactive|KiRiTo120013 tiene 135 segundos restantes.
|inactive|KiRiTo120013 tiene 120 segundos restantes.
|choice|*move 3|*
|choice|move dazzlinggleam|move hurricane
|
|move|p2a: Pidgeot|Hurricane|p1a: Clefable
|-damage|p1a: Clefable|151\/331 psn
|move|p1a: Clefable|Dazzling Gleam|p2a: Pidgeot
|-damage|p2a: Pidgeot|99\/307
|
|-heal|p1a: Clefable|171\/331 psn|[from] item: Leftovers
|upkeep
|turn|11
|choice|*move 1|*
|choice|*|*move 3
|choice|move softboiled|move roost
|
|move|p2a: Pidgeot|Roost|p2a: Pidgeot
|-heal|p2a: Pidgeot|253\/307
|move|p1a: Clefable|Soft-Boiled|p1a: Clefable
|-heal|p1a: Clefable|331\/331 psn
|
|upkeep
|turn|12
|choice|*|*move 1
|choice|*move 3|*
|choice|move dazzlinggleam|move hurricane
|
|move|p2a: Pidgeot|Hurricane|p1a: Clefable
|-damage|p1a: Clefable|172\/331 psn
|move|p1a: Clefable|Dazzling Gleam|p2a: Pidgeot
|-damage|p2a: Pidgeot|141\/307
|
|-heal|p1a: Clefable|192\/331 psn|[from] item: Leftovers
|upkeep
|turn|13
|choice|*move 1|*
|choice|*move 1|*
|choice|*|*move 3
|choice|move softboiled|move roost
|
|move|p2a: Pidgeot|Roost|p2a: Pidgeot
|-heal|p2a: Pidgeot|295\/307
|move|p1a: Clefable|Soft-Boiled|p1a: Clefable
|-heal|p1a: Clefable|331\/331 psn
|
|upkeep
|turn|14
|choice|*move 3|*
|choice|*move 3|*
|choice|*|*move 1
|choice|move dazzlinggleam|move hurricane
|
|move|p2a: Pidgeot|Hurricane|p1a: Clefable
|-damage|p1a: Clefable|153\/331 psn
|move|p1a: Clefable|Dazzling Gleam|p2a: Pidgeot
|-damage|p2a: Pidgeot|183\/307
|
|-heal|p1a: Clefable|173\/331 psn|[from] item: Leftovers
|upkeep
|turn|15
|c|☆LZxel|a ver..
|choice|*|*move 1
|inactive|KiRiTo120013 tiene 135 segundos restantes.
|inactive|KiRiTo120013 tiene 120 segundos restantes.
|choice|*move 1|*
|choice|move softboiled|move hurricane
|
|move|p2a: Pidgeot|Hurricane|p1a: Clefable
|-damage|p1a: Clefable|0 fnt
|faint|p1a: Clefable
|
|upkeep
|-message|KiRiTo120013 se rindió.
|
|win|LZxel
LZxel ha ganado 8 PokeDolares.
|raw|Puntaje de KiRiTo120013: 1095 &rarr; <strong>1077<\/strong><br \/>(-18 por perder)
|raw|Puntaje de LZxel: 1000 &rarr; <strong>1057<\/strong><br \/>(+57 por ganar)
</script>
</div>
<div class="battle-log battle-log-inline"><div class="inner"><div class="battle-options"></div><div class="inner"><div class=""><small>Format:</small> <br><strong>OU</strong></div><div class="rated"><strong>Rated battle</strong></div><div class=""><small><em>Cláusula-Mod de Dormir:</em> solo puedes dormir a uno de tus oponentes a la vez.</small></div><div class=""><small><em>Cláusula de Especie:</em> Hasta un Pokémon de cada especie</small></div><div class=""><small><em>Cláusula de Golpe Fulminante:</em> los movimientos fulminantes (OHKO) estan prohibidos</small></div><div class=""><small><em>Cláusula de Veleta:</em> la habilidad Veleta está prohibida</small></div><div class=""><small><em>Cláusula de Movimientos Evasivos:</em> los movimientos de Evasión están prohibidos.</small></div><div class=""><small><em>Cláusula de Batallas Eternas:</em> forzar batallas eternas está prohibido</small></div><div class="chat battle-history"><strong>KiRiTo120013's team:</strong> <em style="color:#445566;display:block;">Kyurem-Black / Tapu Koko / Landorus-Therian / Charizard / Clefable / Greninja</em></div><div class="chat battle-history"><strong>LZxel's team:</strong> <em style="color:#445566;display:block;">Pidgeot / Weavile / Magmortar / Azumarill / Roserade / Luxray</em></div><div class="chat message-error">Reloj de batalla ENCENDIDO. El jugador inactivo será descalificado (solicitado por LZxel).</div><div class="spacer battle-history"><br></div><div class="battle-history">Battle started between KiRiTo120013 and LZxel!<br></div><div class="spacer battle-history"><br></div><div class="battle-history">Go! <strong>Tapu Koko</strong>!<br></div><div class="spacer battle-history"><br></div><div class="battle-history">LZxel sent out <strong>Weavile</strong>!<br></div><div class="battle-history"><small>[Tapu Koko's Electric Surge]</small><br><small>An electric current runs across the battlefield!</small><br></div><div class="battle-history"><small>[The opposing Weavile's Pressure]</small><br><small>The opposing Weavile is exerting its pressure!</small><br></div><div class="spacer battle-history"><br></div><h2 class="battle-history">Turn 1</h2><div class="spacer battle-history"><br></div><div class="battle-history">The opposing Weavile used <strong>Fake Out</strong>!<br></div><div class="battle-history"><small>(Tapu Koko lost <abbr title="−70/281">24.9%</abbr> of its health!)</small><br></div><div class="battle-history"><small>The opposing Weavile lost some of its HP!</small><br></div><div class="spacer battle-history"><br></div><div class="battle-history">Tapu Koko flinched and couldn't move!<br></div><div class="spacer battle-history"><br></div><h2 class="battle-history">Turn 2</h2><div class="spacer battle-history"><br></div><div class="battle-history">LZxel withdrew Weavile!<br></div><div class="battle-history">LZxel sent out <strong>Roserade</strong>!<br></div><div class="spacer battle-history"><br></div><div class="battle-history">Tapu Koko used <strong>Dazzling Gleam</strong>!<br></div><div class="battle-history"><small>It's not very effective...</small><br></div><div class="battle-history"><small>(The opposing Roserade lost <abbr title="−86/324">26.5%</abbr> of its health!)</small><br></div><div class="spacer battle-history"><br></div><h2 class="battle-history">Turn 3</h2><div class="spacer battle-history"><br></div><div class="battle-history">Tapu Koko, come back!<br></div><div class="battle-history">Go! Kyurem (<strong>Kyurem-Black</strong>)!<br></div><div class="battle-history"><small>[Kyurem's Teravolt]</small><br><small>Kyurem is radiating a bursting aura!</small><br></div><div class="spacer battle-history"><br></div><div class="battle-history">The opposing Roserade used <strong>Toxic Spikes</strong>!<br></div><div class="battle-history"><small>Poison spikes were scattered on the ground all around your team!</small><br></div><div class="spacer battle-history"><br></div><h2 class="battle-history">Turn 4</h2><div class="chat message-error">LZxel tiene 135 segundos restantes.</div><div class="spacer battle-history"><br></div><div class="battle-history">LZxel withdrew Roserade!<br></div><div class="battle-history">LZxel sent out <strong>Weavile</strong>!<br></div><div class="battle-history"><small>[The opposing Weavile's Pressure]</small><br><small>The opposing Weavile is exerting its pressure!</small><br></div><div class="spacer battle-history"><br></div><div class="battle-history">Kyurem used <strong>Ice Beam</strong>!<br></div><div class="battle-history"><small>It's not very effective...</small><br></div><div class="battle-history"><small>(The opposing Weavile lost <abbr title="−72/281">25.6%</abbr> of its health!)</small><br></div><div class="spacer battle-history"><br></div><h2 class="battle-history">Turn 5</h2><div class="spacer battle-history"><br></div><div class="battle-history">The opposing Weavile used <strong>Low Kick</strong>!<br></div><div class="battle-history"><small>It's super effective!</small><br></div><div class="battle-history"><small>(Kyurem lost <abbr title="−367/391">93.9%</abbr> of its health!)</small><br></div><div class="battle-history"><small>The opposing Weavile lost some of its HP!</small><br></div><div class="spacer battle-history"><br></div><div class="battle-history">Kyurem used <strong>Fusion Bolt</strong>!<br></div><div class="battle-history"><small>(The opposing Weavile lost <abbr title="−153/281">54.4%</abbr> of its health!)</small><br></div><div class="spacer battle-history"><br></div><div class="battle-history">The opposing Weavile fainted!<br></div><div class="spacer battle-history"><br></div><div class="battle-history"><small>The electricity disappeared from the battlefield.</small><br></div><div class="chat message-error">LZxel tiene 135 segundos restantes.</div><div class="chat message-error">LZxel tiene 120 segundos restantes.</div><div class="spacer battle-history"><br></div><div class="battle-history">LZxel sent out <strong>Pidgeot</strong>!<br></div><div class="spacer battle-history"><br></div><h2 class="battle-history">Turn 6</h2><div class="chat chatmessage-kirito120013"><strong style="color:hsl(263,52%,58.59371955670575%)"><small>☆</small><span class="username" data-name="KiRiTo120013">KiRiTo120013</span>:</strong> <em>-3</em></div><div class="spacer battle-history"><br></div><div class="battle-history"><small>The opposing Pidgeot's Pidgeotite is reacting to the Key Stone!</small><br>The opposing Pidgeot has Mega Evolved into Mega Pidgeot!<br></div><div class="spacer battle-history"><br></div><div class="battle-history">The opposing Pidgeot used <strong>Heat Wave</strong>!<br></div><div class="battle-history"><small>(Kyurem lost <abbr title="−24/391">6.1%</abbr> of its health!)</small><br></div><div class="spacer battle-history"><br></div><div class="battle-history">Kyurem fainted!<br></div><div class="spacer battle-history"><br></div><div class="battle-history">Go! <strong>Greninja</strong>!<br></div><div class="battle-history"><small>Greninja was poisoned!</small><br></div><div class="spacer battle-history"><br></div><h2 class="battle-history">Turn 7</h2><div class="chat message-error">KiRiTo120013 tiene 135 segundos restantes.</div><div class="spacer battle-history"><br></div><div class="battle-history">Greninja used <strong>Ice Beam</strong>!<br></div><div class="battle-history"><small>It's super effective!</small><br></div><div class="battle-history"><small>(The opposing Pidgeot lost <abbr title="−202/307">65.8%</abbr> of its health!)</small><br></div><div class="spacer battle-history"><br></div><div class="battle-history">The opposing Pidgeot used <strong>Hurricane</strong>!<br></div><div class="battle-history"><small>(Greninja lost <abbr title="−253/285">88.8%</abbr> of its health!)</small><br></div><div class="battle-history"><small>Greninja became confused!</small><br></div><div class="spacer battle-history"><br></div><div class="battle-history"><small>Greninja was hurt by poison!</small><br></div><div class="spacer battle-history"><br></div><div class="battle-history">Greninja fainted!<br></div><div class="spacer battle-history"><br></div><div class="battle-history">Go! <strong>Clefable</strong>!<br></div><div class="battle-history"><small>Clefable was poisoned!</small><br></div><div class="spacer battle-history"><br></div><h2 class="battle-history">Turn 8</h2><div class="spacer battle-history"><br></div><div class="battle-history">The opposing Pidgeot used <strong>Roost</strong>!<br></div><div class="battle-history"><small>The opposing Pidgeot restored its HP.</small><br></div><div class="spacer battle-history"><br></div><div class="battle-history">Clefable used <strong>Dazzling Gleam</strong>!<br></div><div class="battle-history"><small>(The opposing Pidgeot lost <abbr title="−109/307">35.5%</abbr> of its health!)</small><br></div><div class="spacer battle-history"><br></div><h2 class="battle-history">Turn 9</h2><div class="chat message-error">KiRiTo120013 tiene 135 segundos restantes.</div><div class="spacer battle-history"><br></div><div class="battle-history">The opposing Pidgeot used <strong>Roost</strong>!<br></div><div class="battle-history"><small>The opposing Pidgeot restored its HP.</small><br></div><div class="spacer battle-history"><br></div><div class="battle-history">Clefable used <strong>Dazzling Gleam</strong>!<br></div><div class="battle-history"><small>(The opposing Pidgeot lost <abbr title="−105/307">34.2%</abbr> of its health!)</small><br></div><div class="spacer battle-history"><br></div><h2 class="battle-history">Turn 10</h2><div class="chat message-error">KiRiTo120013 tiene 135 segundos restantes.</div><div class="chat message-error">LZxel tiene 135 segundos restantes.</div><div class="chat message-error">KiRiTo120013 tiene 135 segundos restantes.</div><div class="chat message-error">KiRiTo120013 tiene 120 segundos restantes.</div><div class="spacer battle-history"><br></div><div class="battle-history">The opposing Pidgeot used <strong>Hurricane</strong>!<br></div><div class="battle-history"><small>(Clefable lost <abbr title="−180/331">54.4%</abbr> of its health!)</small><br></div><div class="spacer battle-history"><br></div><div class="battle-history">Clefable used <strong>Dazzling Gleam</strong>!<br></div><div class="battle-history"><small>(The opposing Pidgeot lost <abbr title="−100/307">32.6%</abbr> of its health!)</small><br></div><div class="spacer battle-history"><br></div><div class="battle-history"><small>Clefable restored a little HP using its Leftovers!</small><br></div><div class="spacer battle-history"><br></div><h2 class="battle-history">Turn 11</h2><div class="spacer battle-history"><br></div><div class="battle-history">The opposing Pidgeot used <strong>Roost</strong>!<br></div><div class="battle-history"><small>The opposing Pidgeot restored its HP.</small><br></div><div class="spacer battle-history"><br></div><div class="battle-history">Clefable used <strong>Soft-Boiled</strong>!<br></div><div class="battle-history"><small>Clefable restored its HP.</small><br></div><div class="spacer battle-history"><br></div><h2 class="battle-history">Turn 12</h2><div class="spacer battle-history"><br></div><div class="battle-history">The opposing Pidgeot used <strong>Hurricane</strong>!<br></div><div class="battle-history"><small>(Clefable lost <abbr title="−159/331">48.0%</abbr> of its health!)</small><br></div><div class="spacer battle-history"><br></div><div class="battle-history">Clefable used <strong>Dazzling Gleam</strong>!<br></div><div class="battle-history"><small>(The opposing Pidgeot lost <abbr title="−112/307">36.5%</abbr> of its health!)</small><br></div><div class="spacer battle-history"><br></div><div class="battle-history"><small>Clefable restored a little HP using its Leftovers!</small><br></div><div class="spacer battle-history"><br></div><h2 class="battle-history">Turn 13</h2><div class="spacer battle-history"><br></div><div class="battle-history">The opposing Pidgeot used <strong>Roost</strong>!<br></div><div class="battle-history"><small>The opposing Pidgeot restored its HP.</small><br></div><div class="spacer battle-history"><br></div><div class="battle-history">Clefable used <strong>Soft-Boiled</strong>!<br></div><div class="battle-history"><small>Clefable restored its HP.</small><br></div><div class="spacer battle-history"><br></div><h2 class="battle-history">Turn 14</h2><div class="spacer battle-history"><br></div><div class="battle-history">The opposing Pidgeot used <strong>Hurricane</strong>!<br></div><div class="battle-history"><small>(Clefable lost <abbr title="−178/331">53.8%</abbr> of its health!)</small><br></div><div class="spacer battle-history"><br></div><div class="battle-history">Clefable used <strong>Dazzling Gleam</strong>!<br></div><div class="battle-history"><small>(The opposing Pidgeot lost <abbr title="−112/307">36.5%</abbr> of its health!)</small><br></div><div class="spacer battle-history"><br></div><div class="battle-history"><small>Clefable restored a little HP using its Leftovers!</small><br></div><div class="spacer battle-history"><br></div><h2 class="battle-history">Turn 15</h2><div class="chat chatmessage-lzxel"><strong style="color:hsl(251,48%,62.219475900506524%)"><small>☆</small><span class="username" data-name="LZxel">LZxel</span>:</strong> <em>a ver..</em></div><div class="chat message-error">KiRiTo120013 tiene 135 segundos restantes.</div><div class="chat message-error">KiRiTo120013 tiene 120 segundos restantes.</div><div class="spacer battle-history"><br></div><div class="battle-history">The opposing Pidgeot used <strong>Hurricane</strong>!<br></div><div class="battle-history"><small>(Clefable lost <abbr title="−173/331">52.3%</abbr> of its health!)</small><br></div><div class="spacer battle-history"><br></div><div class="battle-history">Clefable fainted!<br></div><div class="spacer battle-history"><br></div><div class="battle-history"><small>KiRiTo120013 se rindió.</small><br></div><div class="spacer battle-history"><br></div><div class="battle-history"><strong>LZxel</strong> won the battle!<br></div><div class="chat">LZxel ha ganado 8 PokeDolares.</div><div class="chat">Puntaje de KiRiTo120013: 1095 → <strong>1077</strong><br>(-18 por perder)</div><div class="chat">Puntaje de LZxel: 1000 → <strong>1057</strong><br>(+57 por ganar)</div></div><div class="inner-preempt"></div></div></div>
</div>
<script>
let daily = Math.floor(Date.now()/1000/60/60/24);document.write('<script src="https://play.pokemonshowdown.com/js/replay-embed.js?version'+daily+'"></'+'script>');
</script>
