<!DOCTYPE html>
<meta charset="utf-8" />
<!-- version 1 -->
<title>OU replay: Nouyi♪♫ vs. Sinnere</title>
<style>
html,body {font-family:Verdana, sans-serif;font-size:10pt;margin:0;padding:0;}body{padding:12px 0;} .battle-log {font-family:Verdana, sans-serif;font-size:10pt;} .battle-log-inline {border:1px solid #AAAAAA;background:#EEF2F5;color:black;max-width:640px;margin:0 auto 80px;padding-bottom:5px;} .battle-log .inner {padding:4px 8px 0px 8px;} .battle-log .inner-preempt {padding:0 8px 4px 8px;} .battle-log .inner-after {margin-top:0.5em;} .battle-log h2 {margin:0.5em -8px;padding:4px 8px;border:1px solid #AAAAAA;background:#E0E7EA;border-left:0;border-right:0;font-family:Verdana, sans-serif;font-size:13pt;} .battle-log .chat {vertical-align:middle;padding:3px 0 3px 0;font-size:8pt;} .battle-log .chat strong {color:#40576A;} .battle-log .chat em {padding:1px 4px 1px 3px;color:#000000;font-style:normal;} .chat.mine {background:rgba(0,0,0,0.05);margin-left:-8px;margin-right:-8px;padding-left:8px;padding-right:8px;} .spoiler {color:#BBBBBB;background:#BBBBBB;padding:0px 3px;} .spoiler:hover, .spoiler:active, .spoiler-shown {color:#000000;background:#E2E2E2;padding:0px 3px;} .spoiler a {color:#BBBBBB;} .spoiler:hover a, .spoiler:active a, .spoiler-shown a {color:#2288CC;} .chat code, .chat .spoiler:hover code, .chat .spoiler:active code, .chat .spoiler-shown code {border:1px solid #C0C0C0;background:#EEEEEE;color:black;padding:0 2px;} .chat .spoiler code {border:1px solid #CCCCCC;background:#CCCCCC;color:#CCCCCC;} .battle-log .rated {padding:3px 4px;} .battle-log .rated strong {color:white;background:#89A;padding:1px 4px;border-radius:4px;} .spacer {margin-top:0.5em;} .message-announce {background:#6688AA;color:white;padding:1px 4px 2px;} .message-announce a, .broadcast-green a, .broadcast-blue a, .broadcast-red a {color:#DDEEFF;} .broadcast-green {background-color:#559955;color:white;padding:2px 4px;} .broadcast-blue {background-color:#6688AA;color:white;padding:2px 4px;} .infobox {border:1px solid #6688AA;padding:2px 4px;} .infobox-limited {max-height:200px;overflow:auto;overflow-x:hidden;} .broadcast-red {background-color:#AA5544;color:white;padding:2px 4px;} .message-learn-canlearn {font-weight:bold;color:#228822;text-decoration:underline;} .message-learn-cannotlearn {font-weight:bold;color:#CC2222;text-decoration:underline;} .message-effect-weak {font-weight:bold;color:#CC2222;} .message-effect-resist {font-weight:bold;color:#6688AA;} .message-effect-immune {font-weight:bold;color:#666666;} .message-learn-list {margin-top:0;margin-bottom:0;} .message-throttle-notice, .message-error {color:#992222;} .message-overflow, .chat small.message-overflow {font-size:0pt;} .message-overflow::before {font-size:9pt;content:'...';} .subtle {color:#3A4A66;}
</style>
<div class="wrapper replay-wrapper" style="max-width:1180px;margin:0 auto">
<input type="hidden" name="replayid" value="destiny-ou-503106" />
<div class="battle"></div><div class="battle-log"></div><div class="replay-controls"></div><div class="replay-controls-2"></div>
<h1 style="font-weight:normal;text-align:center"><strong>OU</strong><br /><a href="http://pokemonshowdown.com/users/nouyi" class="subtle" target="_blank">Nouyi♪♫</a> vs. <a href="http://pokemonshowdown.com/users/sinnere" class="subtle" target="_blank">Sinnere</a></h1>
<script type="text/plain" class="battle-log-data">|player|p1|Nouyi♪♫|nouyi-8.gif?51b6c47a
|teamsize|p1|6
|player|p2|Sinnere|sinnere-10.gif?9c5ddc88
|teamsize|p2|6
|teamsize|p1|6
|teamsize|p2|6
|gametype|singles
|gen|7
|tier|OU
|seed|64675,29228,5182,6798
|rule|Cláusula-Mod de Dormir: solo puedes dormir a uno de tus oponentes a la vez.
|rule|Cláusula de Especie: Hasta un Pokémon de cada especie
|rule|Cláusula de Golpe Fulminante: los movimientos fulminantes (OHKO) estan prohibidos
|rule|Cláusula de Veleta: la habilidad Veleta está prohibida
|rule|Cláusula de Movimientos Evasivos: los movimientos de Evasión están prohibidos.
|rule|Cláusula de Batallas Eternas: forzar batallas eternas está prohibido
|clearpoke
|poke|p1|Charizard, M|item
|poke|p1|Victini|item
|poke|p1|Tapu Bulu|item
|poke|p1|Mew|item
|poke|p1|Gliscor, F|item
|poke|p1|Kartana|item
|poke|p2|Golem, M|item
|poke|p2|Thundurus-Therian, M|item
|poke|p2|Greninja, M|item
|poke|p2|Volcarona, F|item
|poke|p2|Zygarde|item
|poke|p2|Tyranitar, M|item
|teampreview|undefined
|c|☆Sinnere|
|choice|*|*team 123456
|c|☆Nouyi♪♫|Si sacas esa madre a war te jodo
|c|☆Nouyi♪♫|:v
|c|☆Sinnere|HAHAHAHAHAHAHA
|c|☆Sinnere|igual ni voy a wars
|c|☆Sinnere|además
|c|☆Sinnere|primero dejame jugarlo
|c|☆Sinnere|que ese dia sclash perdio nadamas por \/ff
|c|☆Nouyi♪♫|Ik
|c|☆Nouyi♪♫|tranqui
|c|☆Sinnere|además
|c|☆Sinnere|existe una gran posibilidad
|c|☆Sinnere|de que despues de hoy no me veas en un buen tiempo
|c|☆Nouyi♪♫|Sacalo cuando estemos 4 contra 1 con JM
|c|☆Nouyi♪♫|hahaha
|c|☆Sinnere|
|c|☆Nouyi♪♫|Pos
|c|☆Nouyi♪♫|No es la primera vez q me lo dicen
|c|☆Sinnere|JUEGA YA
|c|☆Sinnere|COÑO
|c|☆Sinnere|ni la primera vez que lo digo
|c|☆Nouyi♪♫|kyc
|c|☆Sinnere|pero mañana tengo cita con el psiquiatra
|c|☆Nouyi♪♫|estoy pensando
|c|☆Sinnere|y me cambiaran medicamentos o dosis
|c|☆Sinnere|y estare más imbecil
|choice|*team 321456|*
|choice|team 3, 2, 1, 4, 5, 6|team 1, 2, 3, 4, 5, 6
|
|start
|switch|p1a: Tapu Bulu|Tapu Bulu|344\/344
|switch|p2a: Golem|Golem, M|364\/364
|-fieldstart|move: Grassy Terrain|[from] ability: Grassy Surge|[of] p1a: Tapu Bulu
|turn|1
|choice|*|*move 1
|choice|*move 2|*
|choice|move hornleech|move stealthrock
|
|move|p1a: Tapu Bulu|Horn Leech|p2a: Golem
|-supereffective|p2a: Golem
|-ability|p2a: Golem|Sturdy
|-damage|p2a: Golem|1\/364
|move|p2a: Golem|Stealth Rock|p1a: Tapu Bulu
|-sidestart|p1: Nouyi♪♫|move: Stealth Rock
|
|-heal|p2a: Golem|23\/364|[from] Grassy Terrain
|upkeep
|turn|2
|c|☆Sinnere|
|c|☆Nouyi♪♫|Shu, golem ,shi
|choice|*|*move 3
|choice|*move 2|*
|choice|move hornleech|move toxic
|
|move|p1a: Tapu Bulu|Horn Leech|p2a: Golem
|-supereffective|p2a: Golem
|-damage|p2a: Golem|0 fnt
|faint|p2a: Golem
|
|upkeep
|choice|*|*switch 4
|choice||switch 4
|
|switch|p2a: Volcarona|Volcarona, F|311\/311
|turn|3
|choice|*|*move 1
|c|☆Nouyi♪♫|Nada, puro estorbo esa basofia
|c|☆Nouyi♪♫|Recomiendo que le pongas la berry
|c|☆Nouyi♪♫|de la prioridad
|c|☆Sinnere|no funciona
|c|☆Nouyi♪♫|para q haga una explosion rikolina
|c|☆Sinnere|lo intente
|c|☆Sinnere|xddd
|c|☆Sinnere|no te acepta la custap
|c|☆Sinnere|!dt custap berry
|c|~|\/data-item Custap Berry
|raw|<font size="1"><font color=#585858>Gen:<\/font> 4&nbsp;|&ThickSpace;<font color=#585858>BP de Fling:<\/font> 10&nbsp;|&ThickSpace;<font color=#585858>Fling Effect:<\/font> Activate la baya en el oponente.&nbsp;|&ThickSpace;<font color=#585858>Tipo de Natural Gift:<\/font> Ghost&nbsp;|&ThickSpace;<font color=#585858>Poder Base de Natural Gift:<\/font> 100<\/font>
|c|☆Sinnere|coño
|c|☆Sinnere|mueve
|c|☆Sinnere|no soy tan buen player
|c|☆Sinnere|para que me andes prediciendo+
|choice|*switch 5|*
|choice|switch 5|move substitute
|
|switch|p1a: Gliscor|Gliscor, F|350\/350
|-damage|p1a: Gliscor|307\/350|[from] Stealth Rock
|move|p2a: Volcarona|Substitute|p2a: Volcarona
|-start|p2a: Volcarona|Substitute
|-damage|p2a: Volcarona|234\/311
|
|-heal|p2a: Volcarona|253\/311|[from] item: Leftovers
|-heal|p2a: Volcarona|272\/311|[from] Grassy Terrain
|-status|p1a: Gliscor|tox|[from] item: Toxic Orb
|upkeep
|turn|4
|choice|*|*move 4
|c|☆Nouyi♪♫|Es q me doy cuenta q esa madre me sweepea
|choice|*move 4|*
|choice|move taunt|move quiverdance
|
|move|p2a: Volcarona|Quiver Dance|p2a: Volcarona
|-boost|p2a: Volcarona|spa|1
|-boost|p2a: Volcarona|spd|1
|-boost|p2a: Volcarona|spe|1
|move|p1a: Gliscor|Taunt|p2a: Volcarona
|-start|p2a: Volcarona|move: Taunt
|
|-heal|p2a: Volcarona|291\/311|[from] item: Leftovers
|-heal|p2a: Volcarona|310\/311|[from] Grassy Terrain
|-heal|p1a: Gliscor|350\/350 tox|[from] ability: Poison Heal
|upkeep
|turn|5
|choice|*move 2|*
|c|☆Sinnere|no tiene un set convencional
|choice|*|*move 3
|choice|move knockoff|move fierydance
|
|move|p2a: Volcarona|Fiery Dance|p1a: Gliscor
|-damage|p1a: Gliscor|85\/350 tox
|-boost|p2a: Volcarona|spa|1
|move|p1a: Gliscor|Knock Off|p2a: Volcarona
|-end|p2a: Volcarona|Substitute
|
|-heal|p2a: Volcarona|311\/311|[from] item: Leftovers
|-fieldend|move: Grassy Terrain
|-heal|p1a: Gliscor|128\/350 tox|[from] ability: Poison Heal
|upkeep
|turn|6
|choice|*|*move 3
|choice|*switch 3|*
|choice|switch 3|move fierydance
|
|switch|p1a: Charizard|Charizard, M|297\/297
|-damage|p1a: Charizard|149\/297|[from] Stealth Rock
|move|p2a: Volcarona|Fiery Dance|p1a: Charizard
|-resisted|p1a: Charizard
|-damage|p1a: Charizard|0 fnt
|faint|p1a: Charizard
|
|upkeep
|choice|*switch 2|*
|choice|switch 2|
|
|switch|p1a: Victini|Victini|341\/341
|-damage|p1a: Victini|256\/341|[from] Stealth Rock
|turn|7
|choice|*|*move 3
|c|☆Nouyi♪♫|fuera de aqui bcrrro
|choice|*move 1|*
|choice|*|*switch 5
|choice|move vcreate|switch 5
|
|switch|p2a: Zygarde|Zygarde|358\/358
|-ability|p2a: Zygarde|Aura Break
|move|p1a: Victini|V-create|p2a: Zygarde
|-resisted|p2a: Zygarde
|-damage|p2a: Zygarde|247\/358
|-unboost|p1a: Victini|spe|1
|-unboost|p1a: Victini|def|1
|-unboost|p1a: Victini|spd|1
|
|upkeep
|turn|8
|choice|*|*move 4
|choice|*|*switch 3
|c|☆Sinnere|keee
|c|☆Sinnere|no te oi
|c|☆Sinnere|
|choice|*switch 4|*
|choice|switch 4|switch 3
|
|switch|p1a: Mew|Mew|404\/404
|-damage|p1a: Mew|354\/404|[from] Stealth Rock
|switch|p2a: Greninja|Greninja, M|285\/285
|
|-heal|p1a: Mew|379\/404|[from] item: Leftovers
|upkeep
|turn|9
|c|☆Nouyi♪♫|sackc
|choice|*move 1|*
|choice|*|*move 1
|choice|move stealthrock|move icebeam
|
|move|p2a: Greninja|Ice Beam|p1a: Mew
|-damage|p1a: Mew|317\/404
|move|p1a: Mew|Stealth Rock|p2a: Greninja
|-sidestart|p2: Sinnere|move: Stealth Rock
|
|-heal|p1a: Mew|342\/404|[from] item: Leftovers
|upkeep
|turn|10
|choice|*|*move 4
|c|☆Sinnere|OH
|c|☆Nouyi♪♫|Predeci2 beibe
|c|☆Sinnere|ME PREDIJISTE
|choice|*switch 5|*
|choice|switch 5|move darkpulse
|
|switch|p1a: Tapu Bulu|Tapu Bulu|344\/344
|-damage|p1a: Tapu Bulu|301\/344|[from] Stealth Rock
|-fieldstart|move: Grassy Terrain|[from] ability: Grassy Surge|[of] p1a: Tapu Bulu
|move|p2a: Greninja|Dark Pulse|p1a: Tapu Bulu
|-resisted|p1a: Tapu Bulu
|-damage|p1a: Tapu Bulu|240\/344
|
|-heal|p1a: Tapu Bulu|261\/344|[from] item: Leftovers
|-heal|p1a: Tapu Bulu|282\/344|[from] Grassy Terrain
|upkeep
|turn|11
|c|☆Sinnere|oh
|c|☆Sinnere|OH
|c|☆Sinnere|DOBLE
|choice|*move 2|*
|c|☆Sinnere|NO SERAS TU WCUP PLAYER?
|c|☆Nouyi♪♫|No jodas hahaha
|choice|*|*switch 5
|choice|move hornleech|switch 5
|
|switch|p2a: Volcarona|Volcarona, F|311\/311
|-damage|p2a: Volcarona|156\/311|[from] Stealth Rock
|move|p1a: Tapu Bulu|Horn Leech|p2a: Volcarona
|-resisted|p2a: Volcarona
|-damage|p2a: Volcarona|102\/311
|-heal|p1a: Tapu Bulu|309\/344|[from] drain|[of] p2a: Volcarona
|
|-heal|p2a: Volcarona|121\/311|[from] item: Leftovers
|-heal|p2a: Volcarona|140\/311|[from] Grassy Terrain
|-heal|p1a: Tapu Bulu|330\/344|[from] item: Leftovers
|-heal|p1a: Tapu Bulu|344\/344|[from] Grassy Terrain
|upkeep
|turn|12
|choice|*|*move 2
|choice|*|*move 1
|choice|*move 2|*
|choice|move hornleech|move substitute
|
|move|p2a: Volcarona|Substitute|p2a: Volcarona
|-start|p2a: Volcarona|Substitute
|-damage|p2a: Volcarona|63\/311
|move|p1a: Tapu Bulu|Horn Leech|p2a: Volcarona
|-resisted|p2a: Volcarona
|-activate|p2a: Volcarona|move: Substitute|[damage]
|
|-heal|p2a: Volcarona|82\/311|[from] item: Leftovers
|-heal|p2a: Volcarona|101\/311|[from] Grassy Terrain
|upkeep
|turn|13
|choice|*|*move 2
|c|☆Sinnere|se viene
|c|☆Sinnere|el reveal
|c|☆Sinnere|4° move
|choice|*move 2|*
|choice|move hornleech|move roost
|
|move|p2a: Volcarona|Roost|p2a: Volcarona
|-heal|p2a: Volcarona|257\/311
|move|p1a: Tapu Bulu|Horn Leech|p2a: Volcarona
|-resisted|p2a: Volcarona
|-end|p2a: Volcarona|Substitute
|
|-heal|p2a: Volcarona|276\/311|[from] item: Leftovers
|-heal|p2a: Volcarona|295\/311|[from] Grassy Terrain
|upkeep
|turn|14
|choice|*|*move 1
|c|☆Nouyi♪♫|lord plays me hago
|player|p1|
|c|☆Sinnere|hahahaha
|player|p1|Nouyi♪♫|nouyi-8.gif?51b6c47a
|c|☆Nouyi♪♫|ya perdi Kek
|choice|*switch 4|*
|choice|switch 4|move substitute
|
|switch|p1a: Victini|Victini|256\/341
|-damage|p1a: Victini|171\/341|[from] Stealth Rock
|move|p2a: Volcarona|Substitute|p2a: Volcarona
|-start|p2a: Volcarona|Substitute
|-damage|p2a: Volcarona|218\/311
|
|-heal|p1a: Victini|192\/341|[from] Grassy Terrain
|-heal|p2a: Volcarona|237\/311|[from] item: Leftovers
|-heal|p2a: Volcarona|256\/311|[from] Grassy Terrain
|-fieldend|move: Grassy Terrain
|upkeep
|turn|15
|c|☆Sinnere|perdiste ante 
|choice|*move 4|*
|choice|*|*move 4
|choice|move fusionbolt|move quiverdance
|
|move|p1a: Victini|Fusion Bolt|p2a: Volcarona
|-end|p2a: Volcarona|Substitute
|move|p2a: Volcarona|Quiver Dance|p2a: Volcarona
|-boost|p2a: Volcarona|spa|1
|-boost|p2a: Volcarona|spd|1
|-boost|p2a: Volcarona|spe|1
|
|-heal|p2a: Volcarona|275\/311|[from] item: Leftovers
|upkeep
|turn|16
|choice|*move 4|*
|choice|*|*move 4
|choice|move fusionbolt|move quiverdance
|
|move|p1a: Victini|Fusion Bolt|p2a: Volcarona
|-damage|p2a: Volcarona|124\/311
|move|p2a: Volcarona|Quiver Dance|p2a: Volcarona
|-boost|p2a: Volcarona|spa|1
|-boost|p2a: Volcarona|spd|1
|-boost|p2a: Volcarona|spe|1
|
|-heal|p2a: Volcarona|143\/311|[from] item: Leftovers
|upkeep
|turn|17
|choice|*|*move 2
|choice|*move 4|*
|choice|move fusionbolt|move roost
|
|move|p2a: Volcarona|Roost|p2a: Volcarona
|-heal|p2a: Volcarona|299\/311
|move|p1a: Victini|Fusion Bolt|p2a: Volcarona
|-damage|p2a: Volcarona|156\/311
|
|-heal|p2a: Volcarona|175\/311|[from] item: Leftovers
|upkeep
|turn|18
|choice|*|*move 3
|c|☆Nouyi♪♫|Volcarona me da mucho mu linc
|c|☆Sinnere|
|choice|*move 4|*
|choice|move fusionbolt|move fierydance
|
|move|p2a: Volcarona|Fiery Dance|p1a: Victini
|-resisted|p1a: Victini
|-damage|p1a: Victini|43\/341
|move|p1a: Victini|Fusion Bolt|p2a: Volcarona
|-damage|p2a: Volcarona|24\/311
|
|-heal|p2a: Volcarona|43\/311|[from] item: Leftovers
|upkeep
|turn|19
|choice|*|*move 2
|choice|*move 4|*
|choice|move fusionbolt|move roost
|
|move|p2a: Volcarona|Roost|p2a: Volcarona
|-heal|p2a: Volcarona|199\/311
|move|p1a: Victini|Fusion Bolt|p2a: Volcarona
|-damage|p2a: Volcarona|53\/311
|
|-heal|p2a: Volcarona|72\/311|[from] item: Leftovers
|upkeep
|turn|20
|choice|*|*move 3
|choice|*move 4|*
|choice|move fusionbolt|move fierydance
|
|move|p2a: Volcarona|Fiery Dance|p1a: Victini
|-resisted|p1a: Victini
|-damage|p1a: Victini|0 fnt
|faint|p1a: Victini
|
|-heal|p2a: Volcarona|91\/311|[from] item: Leftovers
|upkeep
|c|☆Sinnere|enrealidad
|choice|*switch 5|*
|choice|switch 5|
|
|switch|p1a: Mew|Mew|342\/404
|-damage|p1a: Mew|292\/404|[from] Stealth Rock
|turn|21
|c|☆Sinnere|esta mierda me la jode heatran y toxa
|c|☆Nouyi♪♫|sackc becrro
|c|☆Sinnere|y se usan siempre
|c|☆Sinnere|HAHA
|choice|*move 4|*
|choice|*|*move 2
|choice|move earthpower|move roost
|
|move|p2a: Volcarona|Roost|p2a: Volcarona
|-heal|p2a: Volcarona|247\/311
|move|p1a: Mew|Earth Power|p2a: Volcarona
|-damage|p2a: Volcarona|211\/311
|
|-heal|p2a: Volcarona|230\/311|[from] item: Leftovers
|-heal|p1a: Mew|317\/404|[from] item: Leftovers
|upkeep
|turn|22
|choice|*|*move 3
|c|☆Nouyi♪♫|me voy pa la mierda
|c|☆Nouyi♪♫|ywy
|c|☆Sinnere|bai
|c|☆Sinnere|
|-message|Nouyi♪♫ se rindió.
|
|win|Sinnere
</script>
</div>
<div class="battle-log battle-log-inline"><div class="inner"><div class="battle-options"></div><div class="inner"><div class=""><small>Format:</small> <br><strong>OU</strong></div><div class=""><small><em>Cláusula-Mod de Dormir:</em> solo puedes dormir a uno de tus oponentes a la vez.</small></div><div class=""><small><em>Cláusula de Especie:</em> Hasta un Pokémon de cada especie</small></div><div class=""><small><em>Cláusula de Golpe Fulminante:</em> los movimientos fulminantes (OHKO) estan prohibidos</small></div><div class=""><small><em>Cláusula de Veleta:</em> la habilidad Veleta está prohibida</small></div><div class=""><small><em>Cláusula de Movimientos Evasivos:</em> los movimientos de Evasión están prohibidos.</small></div><div class=""><small><em>Cláusula de Batallas Eternas:</em> forzar batallas eternas está prohibido</small></div><div class="chat battle-history"><strong>Nouyi♪♫'s team:</strong> <em style="color:#445566;display:block;">Charizard / Victini / Tapu Bulu / Mew / Gliscor / Kartana</em></div><div class="chat battle-history"><strong>Sinnere's team:</strong> <em style="color:#445566;display:block;">Golem / Thundurus-Therian / Greninja / Volcarona / Zygarde / Tyranitar</em></div><div class="chat chatmessage-sinnere"><strong style="color:hsl(139,40%,34%)"><small>☆</small><span class="username" data-name="Sinnere">Sinnere</span>:</strong> <em></em></div><div class="chat chatmessage-nouyi"><strong style="color:hsl(331,59%,48.00122436983281%)"><small>☆</small><span class="username" data-name="Nouyi♪♫">Nouyi♪♫</span>:</strong> <em>Si sacas esa madre a war te jodo</em></div><div class="chat chatmessage-nouyi"><strong style="color:hsl(331,59%,48.00122436983281%)"><small>☆</small><span class="username" data-name="Nouyi♪♫">Nouyi♪♫</span>:</strong> <em>:v</em></div><div class="chat chatmessage-sinnere"><strong style="color:hsl(139,40%,34%)"><small>☆</small><span class="username" data-name="Sinnere">Sinnere</span>:</strong> <em>HAHAHAHAHAHAHA</em></div><div class="chat chatmessage-sinnere"><strong style="color:hsl(139,40%,34%)"><small>☆</small><span class="username" data-name="Sinnere">Sinnere</span>:</strong> <em>igual ni voy a wars</em></div><div class="chat chatmessage-sinnere"><strong style="color:hsl(139,40%,34%)"><small>☆</small><span class="username" data-name="Sinnere">Sinnere</span>:</strong> <em>además</em></div><div class="chat chatmessage-sinnere"><strong style="color:hsl(139,40%,34%)"><small>☆</small><span class="username" data-name="Sinnere">Sinnere</span>:</strong> <em>primero dejame jugarlo</em></div><div class="chat chatmessage-sinnere"><strong style="color:hsl(139,40%,34%)"><small>☆</small><span class="username" data-name="Sinnere">Sinnere</span>:</strong> <em>que ese dia sclash perdio nadamas por /ff</em></div><div class="chat chatmessage-nouyi"><strong style="color:hsl(331,59%,48.00122436983281%)"><small>☆</small><span class="username" data-name="Nouyi♪♫">Nouyi♪♫</span>:</strong> <em>Ik</em></div><div class="chat chatmessage-nouyi"><strong style="color:hsl(331,59%,48.00122436983281%)"><small>☆</small><span class="username" data-name="Nouyi♪♫">Nouyi♪♫</span>:</strong> <em>tranqui</em></div><div class="chat chatmessage-sinnere"><strong style="color:hsl(139,40%,34%)"><small>☆</small><span class="username" data-name="Sinnere">Sinnere</span>:</strong> <em>además</em></div><div class="chat chatmessage-sinnere"><strong style="color:hsl(139,40%,34%)"><small>☆</small><span class="username" data-name="Sinnere">Sinnere</span>:</strong> <em>existe una gran posibilidad</em></div><div class="chat chatmessage-sinnere"><strong style="color:hsl(139,40%,34%)"><small>☆</small><span class="username" data-name="Sinnere">Sinnere</span>:</strong> <em>de que despues de hoy no me veas en un buen tiempo</em></div><div class="chat chatmessage-nouyi"><strong style="color:hsl(331,59%,48.00122436983281%)"><small>☆</small><span class="username" data-name="Nouyi♪♫">Nouyi♪♫</span>:</strong> <em>Sacalo cuando estemos 4 contra 1 con JM</em></div><div class="chat chatmessage-nouyi"><strong style="color:hsl(331,59%,48.00122436983281%)"><small>☆</small><span class="username" data-name="Nouyi♪♫">Nouyi♪♫</span>:</strong> <em>hahaha</em></div><div class="chat chatmessage-sinnere"><strong style="color:hsl(139,40%,34%)"><small>☆</small><span class="username" data-name="Sinnere">Sinnere</span>:</strong> <em></em></div><div class="chat chatmessage-nouyi"><strong style="color:hsl(331,59%,48.00122436983281%)"><small>☆</small><span class="username" data-name="Nouyi♪♫">Nouyi♪♫</span>:</strong> <em>Pos</em></div><div class="chat chatmessage-nouyi"><strong style="color:hsl(331,59%,48.00122436983281%)"><small>☆</small><span class="username" data-name="Nouyi♪♫">Nouyi♪♫</span>:</strong> <em>No es la primera vez q me lo dicen</em></div><div class="chat chatmessage-sinnere"><strong style="color:hsl(139,40%,34%)"><small>☆</small><span class="username" data-name="Sinnere">Sinnere</span>:</strong> <em>JUEGA YA</em></div><div class="chat chatmessage-sinnere"><strong style="color:hsl(139,40%,34%)"><small>☆</small><span class="username" data-name="Sinnere">Sinnere</span>:</strong> <em>COÑO</em></div><div class="chat chatmessage-sinnere"><strong style="color:hsl(139,40%,34%)"><small>☆</small><span class="username" data-name="Sinnere">Sinnere</span>:</strong> <em>ni la primera vez que lo digo</em></div><div class="chat chatmessage-nouyi"><strong style="color:hsl(331,59%,48.00122436983281%)"><small>☆</small><span class="username" data-name="Nouyi♪♫">Nouyi♪♫</span>:</strong> <em>kyc</em></div><div class="chat chatmessage-sinnere"><strong style="color:hsl(139,40%,34%)"><small>☆</small><span class="username" data-name="Sinnere">Sinnere</span>:</strong> <em>pero mañana tengo cita con el psiquiatra</em></div><div class="chat chatmessage-nouyi"><strong style="color:hsl(331,59%,48.00122436983281%)"><small>☆</small><span class="username" data-name="Nouyi♪♫">Nouyi♪♫</span>:</strong> <em>estoy pensando</em></div><div class="chat chatmessage-sinnere"><strong style="color:hsl(139,40%,34%)"><small>☆</small><span class="username" data-name="Sinnere">Sinnere</span>:</strong> <em>y me cambiaran medicamentos o dosis</em></div><div class="chat chatmessage-sinnere"><strong style="color:hsl(139,40%,34%)"><small>☆</small><span class="username" data-name="Sinnere">Sinnere</span>:</strong> <em>y estare más imbecil</em></div><div class="spacer battle-history"><br></div><div class="battle-history">Battle started between Nouyi♪♫ and Sinnere!<br></div><div class="spacer battle-history"><br></div><div class="battle-history">Go! <strong>Tapu Bulu</strong>!<br></div><div class="spacer battle-history"><br></div><div class="battle-history">Sinnere sent out <strong>Golem</strong>!<br></div><div class="battle-history"><small>[Tapu Bulu's Grassy Surge]</small><br><small>Grass grew to cover the battlefield!</small><br></div><div class="spacer battle-history"><br></div><h2 class="battle-history">Turn 1</h2><div class="spacer battle-history"><br></div><div class="battle-history">Tapu Bulu used <strong>Horn Leech</strong>!<br></div><div class="battle-history"><small>It's super effective!</small><br></div><div class="battle-history"><small>[The opposing Golem's Sturdy]</small><br><small>The opposing Golem endured the hit!</small><br></div><div class="battle-history"><small>(The opposing Golem lost <abbr title="−363/364">99.7%</abbr> of its health!)</small><br></div><div class="spacer battle-history"><br></div><div class="battle-history">The opposing Golem used <strong>Stealth Rock</strong>!<br></div><div class="battle-history"><small>Pointed stones float in the air around your team!</small><br></div><div class="spacer battle-history"><br></div><div class="battle-history"><small>The opposing Golem restored HP using its Grassy Terrain!</small><br></div><div class="spacer battle-history"><br></div><h2 class="battle-history">Turn 2</h2><div class="chat chatmessage-sinnere"><strong style="color:hsl(139,40%,34%)"><small>☆</small><span class="username" data-name="Sinnere">Sinnere</span>:</strong> <em></em></div><div class="chat chatmessage-nouyi"><strong style="color:hsl(331,59%,48.00122436983281%)"><small>☆</small><span class="username" data-name="Nouyi♪♫">Nouyi♪♫</span>:</strong> <em>Shu, golem ,shi</em></div><div class="spacer battle-history"><br></div><div class="battle-history">Tapu Bulu used <strong>Horn Leech</strong>!<br></div><div class="battle-history"><small>It's super effective!</small><br></div><div class="battle-history"><small>(The opposing Golem lost <abbr title="−23/364">6.3%</abbr> of its health!)</small><br></div><div class="spacer battle-history"><br></div><div class="battle-history">The opposing Golem fainted!<br></div><div class="spacer battle-history"><br></div><div class="battle-history">Sinnere sent out <strong>Volcarona</strong>!<br></div><div class="spacer battle-history"><br></div><h2 class="battle-history">Turn 3</h2><div class="chat chatmessage-nouyi"><strong style="color:hsl(331,59%,48.00122436983281%)"><small>☆</small><span class="username" data-name="Nouyi♪♫">Nouyi♪♫</span>:</strong> <em>Nada, puro estorbo esa basofia</em></div><div class="chat chatmessage-nouyi"><strong style="color:hsl(331,59%,48.00122436983281%)"><small>☆</small><span class="username" data-name="Nouyi♪♫">Nouyi♪♫</span>:</strong> <em>Recomiendo que le pongas la berry</em></div><div class="chat chatmessage-nouyi"><strong style="color:hsl(331,59%,48.00122436983281%)"><small>☆</small><span class="username" data-name="Nouyi♪♫">Nouyi♪♫</span>:</strong> <em>de la prioridad</em></div><div class="chat chatmessage-sinnere"><strong style="color:hsl(139,40%,34%)"><small>☆</small><span class="username" data-name="Sinnere">Sinnere</span>:</strong> <em>no funciona</em></div><div class="chat chatmessage-nouyi"><strong style="color:hsl(331,59%,48.00122436983281%)"><small>☆</small><span class="username" data-name="Nouyi♪♫">Nouyi♪♫</span>:</strong> <em>para q haga una explosion rikolina</em></div><div class="chat chatmessage-sinnere"><strong style="color:hsl(139,40%,34%)"><small>☆</small><span class="username" data-name="Sinnere">Sinnere</span>:</strong> <em>lo intente</em></div><div class="chat chatmessage-sinnere"><strong style="color:hsl(139,40%,34%)"><small>☆</small><span class="username" data-name="Sinnere">Sinnere</span>:</strong> <em>xddd</em></div><div class="chat chatmessage-sinnere"><strong style="color:hsl(139,40%,34%)"><small>☆</small><span class="username" data-name="Sinnere">Sinnere</span>:</strong> <em>no te acepta la custap</em></div><div class="chat chatmessage-sinnere"><strong style="color:hsl(139,40%,34%)"><small>☆</small><span class="username" data-name="Sinnere">Sinnere</span>:</strong> <em>!dt custap berry</em></div><div class="chat message-error">[outdated code no longer supported]</div><div class="chat"><font size="1"><font color="#585858">Gen:</font> 4&nbsp;|  <font color="#585858">BP de Fling:</font> 10&nbsp;|  <font color="#585858">Fling Effect:</font> Activate la baya en el oponente.&nbsp;|  <font color="#585858">Tipo de Natural Gift:</font> Ghost&nbsp;|  <font color="#585858">Poder Base de Natural Gift:</font> 100</font></div><div class="chat chatmessage-sinnere"><strong style="color:hsl(139,40%,34%)"><small>☆</small><span class="username" data-name="Sinnere">Sinnere</span>:</strong> <em>coño</em></div><div class="chat chatmessage-sinnere"><strong style="color:hsl(139,40%,34%)"><small>☆</small><span class="username" data-name="Sinnere">Sinnere</span>:</strong> <em>mueve</em></div><div class="chat chatmessage-sinnere"><strong style="color:hsl(139,40%,34%)"><small>☆</small><span class="username" data-name="Sinnere">Sinnere</span>:</strong> <em>no soy tan buen player</em></div><div class="chat chatmessage-sinnere"><strong style="color:hsl(139,40%,34%)"><small>☆</small><span class="username" data-name="Sinnere">Sinnere</span>:</strong> <em>para que me andes prediciendo+</em></div><div class="spacer battle-history"><br></div><div class="battle-history">Tapu Bulu, come back!<br></div><div class="battle-history">Go! <strong>Gliscor</strong>!<br></div><div class="battle-history"><small>Pointed stones dug into Gliscor!</small><br></div><div class="spacer battle-history"><br></div><div class="battle-history">The opposing Volcarona used <strong>Substitute</strong>!<br></div><div class="battle-history"><small>The opposing Volcarona put in a substitute!</small><br></div><div class="battle-history"><small>(The opposing Volcarona lost <abbr title="−77/311">24.8%</abbr> of its health!)</small><br></div><div class="spacer battle-history"><br></div><div class="battle-history"><small>The opposing Volcarona restored a little HP using its Leftovers!</small><br></div><div class="battle-history"><small>The opposing Volcarona restored HP using its Grassy Terrain!</small><br></div><div class="battle-history"><small>Gliscor was badly poisoned!</small><br></div><div class="spacer battle-history"><br></div><h2 class="battle-history">Turn 4</h2><div class="chat chatmessage-nouyi"><strong style="color:hsl(331,59%,48.00122436983281%)"><small>☆</small><span class="username" data-name="Nouyi♪♫">Nouyi♪♫</span>:</strong> <em>Es q me doy cuenta q esa madre me sweepea</em></div><div class="spacer battle-history"><br></div><div class="battle-history">The opposing Volcarona used <strong>Quiver Dance</strong>!<br></div><div class="battle-history"><small>The opposing Volcarona's Special Attack rose!</small><br></div><div class="battle-history"><small>The opposing Volcarona's Special Defense rose!</small><br></div><div class="battle-history"><small>The opposing Volcarona's Speed rose!</small><br></div><div class="spacer battle-history"><br></div><div class="battle-history">Gliscor used <strong>Taunt</strong>!<br></div><div class="battle-history"><small>The opposing Volcarona fell for the taunt!</small><br></div><div class="spacer battle-history"><br></div><div class="battle-history"><small>The opposing Volcarona restored a little HP using its Leftovers!</small><br></div><div class="battle-history"><small>The opposing Volcarona restored HP using its Grassy Terrain!</small><br></div><div class="battle-history"><small>[Gliscor's Poison Heal]</small><br><small>Gliscor restored its HP.</small><br></div><div class="spacer battle-history"><br></div><h2 class="battle-history">Turn 5</h2><div class="chat chatmessage-sinnere"><strong style="color:hsl(139,40%,34%)"><small>☆</small><span class="username" data-name="Sinnere">Sinnere</span>:</strong> <em>no tiene un set convencional</em></div><div class="spacer battle-history"><br></div><div class="battle-history">The opposing Volcarona used <strong>Fiery Dance</strong>!<br></div><div class="battle-history"><small>(Gliscor lost <abbr title="−265/350">75.7%</abbr> of its health!)</small><br></div><div class="battle-history"><small>The opposing Volcarona's Special Attack rose!</small><br></div><div class="spacer battle-history"><br></div><div class="battle-history">Gliscor used <strong>Knock Off</strong>!<br></div><div class="battle-history"><small>The opposing Volcarona's substitute faded!</small><br></div><div class="spacer battle-history"><br></div><div class="battle-history"><small>The opposing Volcarona restored a little HP using its Leftovers!</small><br></div><div class="battle-history"><small>The grass disappeared from the battlefield.</small><br></div><div class="battle-history"><small>[Gliscor's Poison Heal]</small><br><small>Gliscor restored its HP.</small><br></div><div class="spacer battle-history"><br></div><h2 class="battle-history">Turn 6</h2><div class="spacer battle-history"><br></div><div class="battle-history">Gliscor, come back!<br></div><div class="battle-history">Go! <strong>Charizard</strong>!<br></div><div class="battle-history"><small>Pointed stones dug into Charizard!</small><br></div><div class="spacer battle-history"><br></div><div class="battle-history">The opposing Volcarona used <strong>Fiery Dance</strong>!<br></div><div class="battle-history"><small>It's not very effective...</small><br></div><div class="battle-history"><small>(Charizard lost <abbr title="−149/297">50.2%</abbr> of its health!)</small><br></div><div class="spacer battle-history"><br></div><div class="battle-history">Charizard fainted!<br></div><div class="spacer battle-history"><br></div><div class="battle-history">Go! <strong>Victini</strong>!<br></div><div class="battle-history"><small>Pointed stones dug into Victini!</small><br></div><div class="spacer battle-history"><br></div><h2 class="battle-history">Turn 7</h2><div class="chat chatmessage-nouyi"><strong style="color:hsl(331,59%,48.00122436983281%)"><small>☆</small><span class="username" data-name="Nouyi♪♫">Nouyi♪♫</span>:</strong> <em>fuera de aqui bcrrro</em></div><div class="spacer battle-history"><br></div><div class="battle-history">Sinnere withdrew Volcarona!<br></div><div class="battle-history">Sinnere sent out <strong>Zygarde</strong>!<br></div><div class="battle-history"><small>[The opposing Zygarde's Aura Break]</small><br><small>The opposing Zygarde reversed all other Pokémon's auras!</small><br></div><div class="spacer battle-history"><br></div><div class="battle-history">Victini used <strong>V-create</strong>!<br></div><div class="battle-history"><small>It's not very effective...</small><br></div><div class="battle-history"><small>(The opposing Zygarde lost <abbr title="−111/358">31.0%</abbr> of its health!)</small><br></div><div class="battle-history"><small>Victini's Speed fell!</small><br></div><div class="battle-history"><small>Victini's Defense fell!</small><br></div><div class="battle-history"><small>Victini's Special Defense fell!</small><br></div><div class="spacer battle-history"><br></div><h2 class="battle-history">Turn 8</h2><div class="chat chatmessage-sinnere"><strong style="color:hsl(139,40%,34%)"><small>☆</small><span class="username" data-name="Sinnere">Sinnere</span>:</strong> <em>keee</em></div><div class="chat chatmessage-sinnere"><strong style="color:hsl(139,40%,34%)"><small>☆</small><span class="username" data-name="Sinnere">Sinnere</span>:</strong> <em>no te oi</em></div><div class="chat chatmessage-sinnere"><strong style="color:hsl(139,40%,34%)"><small>☆</small><span class="username" data-name="Sinnere">Sinnere</span>:</strong> <em></em></div><div class="spacer battle-history"><br></div><div class="battle-history">Victini, come back!<br></div><div class="battle-history">Go! <strong>Mew</strong>!<br></div><div class="battle-history"><small>Pointed stones dug into Mew!</small><br></div><div class="spacer battle-history"><br></div><div class="battle-history">Sinnere withdrew Zygarde!<br></div><div class="battle-history">Sinnere sent out <strong>Greninja</strong>!<br></div><div class="spacer battle-history"><br></div><div class="battle-history"><small>Mew restored a little HP using its Leftovers!</small><br></div><div class="spacer battle-history"><br></div><h2 class="battle-history">Turn 9</h2><div class="chat chatmessage-nouyi"><strong style="color:hsl(331,59%,48.00122436983281%)"><small>☆</small><span class="username" data-name="Nouyi♪♫">Nouyi♪♫</span>:</strong> <em>sackc</em></div><div class="spacer battle-history"><br></div><div class="battle-history">The opposing Greninja used <strong>Ice Beam</strong>!<br></div><div class="battle-history"><small>(Mew lost <abbr title="−62/404">15.3%</abbr> of its health!)</small><br></div><div class="spacer battle-history"><br></div><div class="battle-history">Mew used <strong>Stealth Rock</strong>!<br></div><div class="battle-history"><small>Pointed stones float in the air around the opposing team!</small><br></div><div class="spacer battle-history"><br></div><div class="battle-history"><small>Mew restored a little HP using its Leftovers!</small><br></div><div class="spacer battle-history"><br></div><h2 class="battle-history">Turn 10</h2><div class="chat chatmessage-sinnere"><strong style="color:hsl(139,40%,34%)"><small>☆</small><span class="username" data-name="Sinnere">Sinnere</span>:</strong> <em>OH</em></div><div class="chat chatmessage-nouyi"><strong style="color:hsl(331,59%,48.00122436983281%)"><small>☆</small><span class="username" data-name="Nouyi♪♫">Nouyi♪♫</span>:</strong> <em>Predeci2 beibe</em></div><div class="chat chatmessage-sinnere"><strong style="color:hsl(139,40%,34%)"><small>☆</small><span class="username" data-name="Sinnere">Sinnere</span>:</strong> <em>ME PREDIJISTE</em></div><div class="spacer battle-history"><br></div><div class="battle-history">Mew, come back!<br></div><div class="battle-history">Go! <strong>Tapu Bulu</strong>!<br></div><div class="battle-history"><small>Pointed stones dug into Tapu Bulu!</small><br></div><div class="battle-history"><small>[Tapu Bulu's Grassy Surge]</small><br><small>Grass grew to cover the battlefield!</small><br></div><div class="spacer battle-history"><br></div><div class="battle-history">The opposing Greninja used <strong>Dark Pulse</strong>!<br></div><div class="battle-history"><small>It's not very effective...</small><br></div><div class="battle-history"><small>(Tapu Bulu lost <abbr title="−61/344">17.7%</abbr> of its health!)</small><br></div><div class="spacer battle-history"><br></div><div class="battle-history"><small>Tapu Bulu restored a little HP using its Leftovers!</small><br></div><div class="battle-history"><small>Tapu Bulu restored HP using its Grassy Terrain!</small><br></div><div class="spacer battle-history"><br></div><h2 class="battle-history">Turn 11</h2><div class="chat chatmessage-sinnere"><strong style="color:hsl(139,40%,34%)"><small>☆</small><span class="username" data-name="Sinnere">Sinnere</span>:</strong> <em>oh</em></div><div class="chat chatmessage-sinnere"><strong style="color:hsl(139,40%,34%)"><small>☆</small><span class="username" data-name="Sinnere">Sinnere</span>:</strong> <em>OH</em></div><div class="chat chatmessage-sinnere"><strong style="color:hsl(139,40%,34%)"><small>☆</small><span class="username" data-name="Sinnere">Sinnere</span>:</strong> <em>DOBLE</em></div><div class="chat chatmessage-sinnere"><strong style="color:hsl(139,40%,34%)"><small>☆</small><span class="username" data-name="Sinnere">Sinnere</span>:</strong> <em>NO SERAS TU WCUP PLAYER?</em></div><div class="chat chatmessage-nouyi"><strong style="color:hsl(331,59%,48.00122436983281%)"><small>☆</small><span class="username" data-name="Nouyi♪♫">Nouyi♪♫</span>:</strong> <em>No jodas hahaha</em></div><div class="spacer battle-history"><br></div><div class="battle-history">Sinnere withdrew Greninja!<br></div><div class="battle-history">Sinnere sent out <strong>Volcarona</strong>!<br></div><div class="battle-history"><small>Pointed stones dug into the opposing Volcarona!</small><br></div><div class="spacer battle-history"><br></div><div class="battle-history">Tapu Bulu used <strong>Horn Leech</strong>!<br></div><div class="battle-history"><small>It's not very effective...</small><br></div><div class="battle-history"><small>(The opposing Volcarona lost <abbr title="−54/311">17.4%</abbr> of its health!)</small><br></div><div class="battle-history"><small>The opposing Volcarona had its energy drained!</small><br></div><div class="spacer battle-history"><br></div><div class="battle-history"><small>The opposing Volcarona restored a little HP using its Leftovers!</small><br></div><div class="battle-history"><small>The opposing Volcarona restored HP using its Grassy Terrain!</small><br></div><div class="battle-history"><small>Tapu Bulu restored a little HP using its Leftovers!</small><br></div><div class="battle-history"><small>Tapu Bulu restored HP using its Grassy Terrain!</small><br></div><div class="spacer battle-history"><br></div><h2 class="battle-history">Turn 12</h2><div class="spacer battle-history"><br></div><div class="battle-history">The opposing Volcarona used <strong>Substitute</strong>!<br></div><div class="battle-history"><small>The opposing Volcarona put in a substitute!</small><br></div><div class="battle-history"><small>(The opposing Volcarona lost <abbr title="−77/311">24.8%</abbr> of its health!)</small><br></div><div class="spacer battle-history"><br></div><div class="battle-history">Tapu Bulu used <strong>Horn Leech</strong>!<br></div><div class="battle-history"><small>It's not very effective...</small><br></div><div class="battle-history"><small>The substitute took damage for the opposing Volcarona!</small><br></div><div class="spacer battle-history"><br></div><div class="battle-history"><small>The opposing Volcarona restored a little HP using its Leftovers!</small><br></div><div class="battle-history"><small>The opposing Volcarona restored HP using its Grassy Terrain!</small><br></div><div class="spacer battle-history"><br></div><h2 class="battle-history">Turn 13</h2><div class="chat chatmessage-sinnere"><strong style="color:hsl(139,40%,34%)"><small>☆</small><span class="username" data-name="Sinnere">Sinnere</span>:</strong> <em>se viene</em></div><div class="chat chatmessage-sinnere"><strong style="color:hsl(139,40%,34%)"><small>☆</small><span class="username" data-name="Sinnere">Sinnere</span>:</strong> <em>el reveal</em></div><div class="chat chatmessage-sinnere"><strong style="color:hsl(139,40%,34%)"><small>☆</small><span class="username" data-name="Sinnere">Sinnere</span>:</strong> <em>4° move</em></div><div class="spacer battle-history"><br></div><div class="battle-history">The opposing Volcarona used <strong>Roost</strong>!<br></div><div class="battle-history"><small>The opposing Volcarona restored its HP.</small><br></div><div class="spacer battle-history"><br></div><div class="battle-history">Tapu Bulu used <strong>Horn Leech</strong>!<br></div><div class="battle-history"><small>It's not very effective...</small><br></div><div class="battle-history"><small>The opposing Volcarona's substitute faded!</small><br></div><div class="spacer battle-history"><br></div><div class="battle-history"><small>The opposing Volcarona restored a little HP using its Leftovers!</small><br></div><div class="battle-history"><small>The opposing Volcarona restored HP using its Grassy Terrain!</small><br></div><div class="spacer battle-history"><br></div><h2 class="battle-history">Turn 14</h2><div class="chat chatmessage-nouyi"><strong style="color:hsl(331,59%,48.00122436983281%)"><small>☆</small><span class="username" data-name="Nouyi♪♫">Nouyi♪♫</span>:</strong> <em>lord plays me hago</em></div><div class="chat chatmessage-sinnere"><strong style="color:hsl(139,40%,34%)"><small>☆</small><span class="username" data-name="Sinnere">Sinnere</span>:</strong> <em>hahahaha</em></div><div class="chat chatmessage-nouyi"><strong style="color:hsl(331,59%,48.00122436983281%)"><small>☆</small><span class="username" data-name="Nouyi♪♫">Nouyi♪♫</span>:</strong> <em>ya perdi Kek</em></div><div class="spacer battle-history"><br></div><div class="battle-history">Tapu Bulu, come back!<br></div><div class="battle-history">Go! <strong>Victini</strong>!<br></div><div class="battle-history"><small>Pointed stones dug into Victini!</small><br></div><div class="spacer battle-history"><br></div><div class="battle-history">The opposing Volcarona used <strong>Substitute</strong>!<br></div><div class="battle-history"><small>The opposing Volcarona put in a substitute!</small><br></div><div class="battle-history"><small>(The opposing Volcarona lost <abbr title="−77/311">24.8%</abbr> of its health!)</small><br></div><div class="spacer battle-history"><br></div><div class="battle-history"><small>Victini restored HP using its Grassy Terrain!</small><br></div><div class="battle-history"><small>The opposing Volcarona restored a little HP using its Leftovers!</small><br></div><div class="battle-history"><small>The opposing Volcarona restored HP using its Grassy Terrain!</small><br></div><div class="battle-history"><small>The grass disappeared from the battlefield.</small><br></div><div class="spacer battle-history"><br></div><h2 class="battle-history">Turn 15</h2><div class="chat chatmessage-sinnere"><strong style="color:hsl(139,40%,34%)"><small>☆</small><span class="username" data-name="Sinnere">Sinnere</span>:</strong> <em>perdiste ante </em></div><div class="spacer battle-history"><br></div><div class="battle-history">Victini used <strong>Fusion Bolt</strong>!<br></div><div class="battle-history"><small>The opposing Volcarona's substitute faded!</small><br></div><div class="spacer battle-history"><br></div><div class="battle-history">The opposing Volcarona used <strong>Quiver Dance</strong>!<br></div><div class="battle-history"><small>The opposing Volcarona's Special Attack rose!</small><br></div><div class="battle-history"><small>The opposing Volcarona's Special Defense rose!</small><br></div><div class="battle-history"><small>The opposing Volcarona's Speed rose!</small><br></div><div class="spacer battle-history"><br></div><div class="battle-history"><small>The opposing Volcarona restored a little HP using its Leftovers!</small><br></div><div class="spacer battle-history"><br></div><h2 class="battle-history">Turn 16</h2><div class="spacer battle-history"><br></div><div class="battle-history">Victini used <strong>Fusion Bolt</strong>!<br></div><div class="battle-history"><small>(The opposing Volcarona lost <abbr title="−151/311">48.6%</abbr> of its health!)</small><br></div><div class="spacer battle-history"><br></div><div class="battle-history">The opposing Volcarona used <strong>Quiver Dance</strong>!<br></div><div class="battle-history"><small>The opposing Volcarona's Special Attack rose!</small><br></div><div class="battle-history"><small>The opposing Volcarona's Special Defense rose!</small><br></div><div class="battle-history"><small>The opposing Volcarona's Speed rose!</small><br></div><div class="spacer battle-history"><br></div><div class="battle-history"><small>The opposing Volcarona restored a little HP using its Leftovers!</small><br></div><div class="spacer battle-history"><br></div><h2 class="battle-history">Turn 17</h2><div class="spacer battle-history"><br></div><div class="battle-history">The opposing Volcarona used <strong>Roost</strong>!<br></div><div class="battle-history"><small>The opposing Volcarona restored its HP.</small><br></div><div class="spacer battle-history"><br></div><div class="battle-history">Victini used <strong>Fusion Bolt</strong>!<br></div><div class="battle-history"><small>(The opposing Volcarona lost <abbr title="−143/311">46.0%</abbr> of its health!)</small><br></div><div class="spacer battle-history"><br></div><div class="battle-history"><small>The opposing Volcarona restored a little HP using its Leftovers!</small><br></div><div class="spacer battle-history"><br></div><h2 class="battle-history">Turn 18</h2><div class="chat chatmessage-nouyi"><strong style="color:hsl(331,59%,48.00122436983281%)"><small>☆</small><span class="username" data-name="Nouyi♪♫">Nouyi♪♫</span>:</strong> <em>Volcarona me da mucho mu linc</em></div><div class="chat chatmessage-sinnere"><strong style="color:hsl(139,40%,34%)"><small>☆</small><span class="username" data-name="Sinnere">Sinnere</span>:</strong> <em></em></div><div class="spacer battle-history"><br></div><div class="battle-history">The opposing Volcarona used <strong>Fiery Dance</strong>!<br></div><div class="battle-history"><small>It's not very effective...</small><br></div><div class="battle-history"><small>(Victini lost <abbr title="−149/341">43.7%</abbr> of its health!)</small><br></div><div class="spacer battle-history"><br></div><div class="battle-history">Victini used <strong>Fusion Bolt</strong>!<br></div><div class="battle-history"><small>(The opposing Volcarona lost <abbr title="−151/311">48.6%</abbr> of its health!)</small><br></div><div class="spacer battle-history"><br></div><div class="battle-history"><small>The opposing Volcarona restored a little HP using its Leftovers!</small><br></div><div class="spacer battle-history"><br></div><h2 class="battle-history">Turn 19</h2><div class="spacer battle-history"><br></div><div class="battle-history">The opposing Volcarona used <strong>Roost</strong>!<br></div><div class="battle-history"><small>The opposing Volcarona restored its HP.</small><br></div><div class="spacer battle-history"><br></div><div class="battle-history">Victini used <strong>Fusion Bolt</strong>!<br></div><div class="battle-history"><small>(The opposing Volcarona lost <abbr title="−146/311">46.9%</abbr> of its health!)</small><br></div><div class="spacer battle-history"><br></div><div class="battle-history"><small>The opposing Volcarona restored a little HP using its Leftovers!</small><br></div><div class="spacer battle-history"><br></div><h2 class="battle-history">Turn 20</h2><div class="spacer battle-history"><br></div><div class="battle-history">The opposing Volcarona used <strong>Fiery Dance</strong>!<br></div><div class="battle-history"><small>It's not very effective...</small><br></div><div class="battle-history"><small>(Victini lost <abbr title="−43/341">12.6%</abbr> of its health!)</small><br></div><div class="spacer battle-history"><br></div><div class="battle-history">Victini fainted!<br></div><div class="spacer battle-history"><br></div><div class="battle-history"><small>The opposing Volcarona restored a little HP using its Leftovers!</small><br></div><div class="chat chatmessage-sinnere"><strong style="color:hsl(139,40%,34%)"><small>☆</small><span class="username" data-name="Sinnere">Sinnere</span>:</strong> <em>enrealidad</em></div><div class="spacer battle-history"><br></div><div class="battle-history">Go! <strong>Mew</strong>!<br></div><div class="battle-history"><small>Pointed stones dug into Mew!</small><br></div><div class="spacer battle-history"><br></div><h2 class="battle-history">Turn 21</h2><div class="chat chatmessage-sinnere"><strong style="color:hsl(139,40%,34%)"><small>☆</small><span class="username" data-name="Sinnere">Sinnere</span>:</strong> <em>esta mierda me la jode heatran y toxa</em></div><div class="chat chatmessage-nouyi"><strong style="color:hsl(331,59%,48.00122436983281%)"><small>☆</small><span class="username" data-name="Nouyi♪♫">Nouyi♪♫</span>:</strong> <em>sackc becrro</em></div><div class="chat chatmessage-sinnere"><strong style="color:hsl(139,40%,34%)"><small>☆</small><span class="username" data-name="Sinnere">Sinnere</span>:</strong> <em>y se usan siempre</em></div><div class="chat chatmessage-sinnere"><strong style="color:hsl(139,40%,34%)"><small>☆</small><span class="username" data-name="Sinnere">Sinnere</span>:</strong> <em>HAHA</em></div><div class="spacer battle-history"><br></div><div class="battle-history">The opposing Volcarona used <strong>Roost</strong>!<br></div><div class="battle-history"><small>The opposing Volcarona restored its HP.</small><br></div><div class="spacer battle-history"><br></div><div class="battle-history">Mew used <strong>Earth Power</strong>!<br></div><div class="battle-history"><small>(The opposing Volcarona lost <abbr title="−36/311">11.6%</abbr> of its health!)</small><br></div><div class="spacer battle-history"><br></div><div class="battle-history"><small>The opposing Volcarona restored a little HP using its Leftovers!</small><br></div><div class="battle-history"><small>Mew restored a little HP using its Leftovers!</small><br></div><div class="spacer battle-history"><br></div><h2 class="battle-history">Turn 22</h2><div class="chat chatmessage-nouyi"><strong style="color:hsl(331,59%,48.00122436983281%)"><small>☆</small><span class="username" data-name="Nouyi♪♫">Nouyi♪♫</span>:</strong> <em>me voy pa la mierda</em></div><div class="chat chatmessage-nouyi"><strong style="color:hsl(331,59%,48.00122436983281%)"><small>☆</small><span class="username" data-name="Nouyi♪♫">Nouyi♪♫</span>:</strong> <em>ywy</em></div><div class="chat chatmessage-sinnere"><strong style="color:hsl(139,40%,34%)"><small>☆</small><span class="username" data-name="Sinnere">Sinnere</span>:</strong> <em>bai</em></div><div class="chat chatmessage-sinnere"><strong style="color:hsl(139,40%,34%)"><small>☆</small><span class="username" data-name="Sinnere">Sinnere</span>:</strong> <em></em></div><div class="spacer battle-history"><br></div><div class="battle-history"><small>Nouyi♪♫ se rindió.</small><br></div><div class="spacer battle-history"><br></div><div class="battle-history"><strong>Sinnere</strong> won the battle!<br></div></div><div class="inner-preempt"></div></div></div>
</div>
<script>
let daily = Math.floor(Date.now()/1000/60/60/24);document.write('<script src="https://play.pokemonshowdown.com/js/replay-embed.js?version'+daily+'"></'+'script>');
</script>
