<!DOCTYPE html>
<meta charset="utf-8" />
<!-- version 1 -->
<title>OU replay: Baile Da Colombia vs. Lynseoxxx</title>
<style>
html,body {font-family:Verdana, sans-serif;font-size:10pt;margin:0;padding:0;}body{padding:12px 0;} .battle-log {font-family:Verdana, sans-serif;font-size:10pt;} .battle-log-inline {border:1px solid #AAAAAA;background:#EEF2F5;color:black;max-width:640px;margin:0 auto 80px;padding-bottom:5px;} .battle-log .inner {padding:4px 8px 0px 8px;} .battle-log .inner-preempt {padding:0 8px 4px 8px;} .battle-log .inner-after {margin-top:0.5em;} .battle-log h2 {margin:0.5em -8px;padding:4px 8px;border:1px solid #AAAAAA;background:#E0E7EA;border-left:0;border-right:0;font-family:Verdana, sans-serif;font-size:13pt;} .battle-log .chat {vertical-align:middle;padding:3px 0 3px 0;font-size:8pt;} .battle-log .chat strong {color:#40576A;} .battle-log .chat em {padding:1px 4px 1px 3px;color:#000000;font-style:normal;} .chat.mine {background:rgba(0,0,0,0.05);margin-left:-8px;margin-right:-8px;padding-left:8px;padding-right:8px;} .spoiler {color:#BBBBBB;background:#BBBBBB;padding:0px 3px;} .spoiler:hover, .spoiler:active, .spoiler-shown {color:#000000;background:#E2E2E2;padding:0px 3px;} .spoiler a {color:#BBBBBB;} .spoiler:hover a, .spoiler:active a, .spoiler-shown a {color:#2288CC;} .chat code, .chat .spoiler:hover code, .chat .spoiler:active code, .chat .spoiler-shown code {border:1px solid #C0C0C0;background:#EEEEEE;color:black;padding:0 2px;} .chat .spoiler code {border:1px solid #CCCCCC;background:#CCCCCC;color:#CCCCCC;} .battle-log .rated {padding:3px 4px;} .battle-log .rated strong {color:white;background:#89A;padding:1px 4px;border-radius:4px;} .spacer {margin-top:0.5em;} .message-announce {background:#6688AA;color:white;padding:1px 4px 2px;} .message-announce a, .broadcast-green a, .broadcast-blue a, .broadcast-red a {color:#DDEEFF;} .broadcast-green {background-color:#559955;color:white;padding:2px 4px;} .broadcast-blue {background-color:#6688AA;color:white;padding:2px 4px;} .infobox {border:1px solid #6688AA;padding:2px 4px;} .infobox-limited {max-height:200px;overflow:auto;overflow-x:hidden;} .broadcast-red {background-color:#AA5544;color:white;padding:2px 4px;} .message-learn-canlearn {font-weight:bold;color:#228822;text-decoration:underline;} .message-learn-cannotlearn {font-weight:bold;color:#CC2222;text-decoration:underline;} .message-effect-weak {font-weight:bold;color:#CC2222;} .message-effect-resist {font-weight:bold;color:#6688AA;} .message-effect-immune {font-weight:bold;color:#666666;} .message-learn-list {margin-top:0;margin-bottom:0;} .message-throttle-notice, .message-error {color:#992222;} .message-overflow, .chat small.message-overflow {font-size:0pt;} .message-overflow::before {font-size:9pt;content:'...';} .subtle {color:#3A4A66;}
</style>
<div class="wrapper replay-wrapper" style="max-width:1180px;margin:0 auto">
<input type="hidden" name="replayid" value="destiny-ou-435195" />
<div class="battle"></div><div class="battle-log"></div><div class="replay-controls"></div><div class="replay-controls-2"></div>
<h1 style="font-weight:normal;text-align:center"><strong>OU</strong><br /><a href="http://pokemonshowdown.com/users/bailedacolombia" class="subtle" target="_blank">Baile Da Colombia</a> vs. <a href="http://pokemonshowdown.com/users/lynseoxxx" class="subtle" target="_blank">Lynseoxxx</a></h1>
<script type="text/plain" class="battle-log-data">|player|p1|Baile Da Colombia|bailedacolombia.gif?22ee1cf9
|teamsize|p1|6
|player|p2|Lynseoxxx|291
|teamsize|p2|6
|teamsize|p1|6
|teamsize|p2|6
|gametype|singles
|gen|7
|tier|OU
|seed|44664,33461,65099,6591
|rule|Cláusula-Mod de Dormir: solo puedes dormir a uno de tus oponentes a la vez.
|rule|Cláusula de Especie: Hasta un Pokémon de cada especie
|rule|Cláusula de Golpe Fulminante: los movimientos fulminantes (OHKO) estan prohibidos
|rule|Cláusula de Veleta: la habilidad Veleta está prohibida
|rule|Cláusula de Movimientos Evasivos: los movimientos de Evasión están prohibidos.
|rule|Cláusula de Batallas Eternas: forzar batallas eternas está prohibido
|clearpoke
|poke|p1|Tapu Koko|item
|poke|p1|Greninja, M|item
|poke|p1|Tapu Lele|item
|poke|p1|Gliscor, F|item
|poke|p1|Scizor, F|item
|poke|p1|Tangrowth, M|item
|poke|p2|Tapu Koko|item
|poke|p2|Tyranitar, M|item
|poke|p2|Ferrothorn, M|item
|poke|p2|Charizard, M|item
|poke|p2|Landorus-Therian, M|item
|poke|p2|Mantine, M|item
|teampreview|undefined
|c|☆Baile Da Colombia|hf xd
|choice|*team 123456|*
|choice|*team 123456|*
|choice|*|*team 213456
|choice|team 1, 2, 3, 4, 5, 6|team 2, 1, 3, 4, 5, 6
|
|start
|switch|p1a: Tapu Koko|Tapu Koko|282\/282
|switch|p2a: Tyranitar|Tyranitar, M|361\/361
|-fieldstart|move: Electric Terrain|[from] ability: Electric Surge|[of] p1a: Tapu Koko
|-weather|Sandstorm|[from] ability: Sand Stream|[of] p2a: Tyranitar
|turn|1
|choice|*|*move 3
|choice|*move 4|*
|choice|move uturn|move pursuit
|
|move|p1a: Tapu Koko|U-turn|p2a: Tyranitar
|-supereffective|p2a: Tyranitar
|-damage|p2a: Tyranitar|257\/361
|choice|*switch 4|*
|choice|switch 4|
|
|-activate|p1a: Tapu Koko|move: Pursuit
|move|p2a: Tyranitar|Pursuit|p1a: Tapu Koko|[from]Pursuit
|-resisted|p1a: Tapu Koko
|-damage|p1a: Tapu Koko|139\/282
|switch|p1a: Gliscor|Gliscor, F|352\/352|[from]move: U-turn
|
|-weather|Sandstorm|[upkeep]
|-status|p1a: Gliscor|tox|[from] item: Toxic Orb
|upkeep
|turn|2
|choice|*move 4|*
|choice|*|*switch 4
|choice|move stealthrock|switch 4
|
|switch|p2a: Charizard|Charizard, M|297\/297
|move|p1a: Gliscor|Stealth Rock|p2a: Charizard
|-sidestart|p2: Lynseoxxx|move: Stealth Rock
|
|-weather|Sandstorm|[upkeep]
|-damage|p2a: Charizard|279\/297|[from] sandstorm
|upkeep
|turn|3
|choice|*|*move 1 mega
|choice|*move 1|*
|choice|move uturn|move flamethrower mega
|
|-mega|p2a: Charizard|Charizard|Charizardite Y
|detailschange|p2a: Charizard|Charizard-Mega-Y, M
|-weather|SunnyDay|[from] ability: Drought|[of] p2a: Charizard
|move|p2a: Charizard|Flamethrower|p1a: Gliscor
|-damage|p1a: Gliscor|28\/352 tox
|move|p1a: Gliscor|U-turn|p2a: Charizard
|-resisted|p2a: Charizard
|-damage|p2a: Charizard|262\/297
|choice|*switch 4|*
|choice|switch 4|
|
|switch|p1a: Tapu Koko|Tapu Koko|139\/282|[from]move: U-turn
|
|-weather|SunnyDay|[upkeep]
|-heal|p1a: Tapu Koko|156\/282|[from] item: Leftovers
|upkeep
|turn|4
|choice|*move 1|*
|choice|*|*switch 5
|choice|move thunderbolt|switch 5
|
|switch|p2a: Landorus|Landorus-Therian, M|382\/382
|-damage|p2a: Landorus|335\/382|[from] Stealth Rock
|-ability|p2a: Landorus|Intimidate|boost
|-unboost|p1a: Tapu Koko|atk|1
|move|p1a: Tapu Koko|Thunderbolt|p2a: Landorus
|-immune|p2a: Landorus|[msg]
|
|-weather|SunnyDay|[upkeep]
|-heal|p1a: Tapu Koko|173\/282|[from] item: Leftovers
|-heal|p2a: Landorus|358\/382|[from] item: Leftovers
|upkeep
|turn|5
|choice|*|*switch 4
|choice|*switch 4|*
|choice|*|*switch 3
|choice|*|*switch 4
|choice|*move 4|*
|choice|move uturn|switch 4
|
|switch|p2a: Tyranitar|Tyranitar, M|257\/361
|-damage|p2a: Tyranitar|212\/361|[from] Stealth Rock
|-weather|Sandstorm|[from] ability: Sand Stream|[of] p2a: Tyranitar
|move|p1a: Tapu Koko|U-turn|p2a: Tyranitar
|-supereffective|p2a: Tyranitar
|-damage|p2a: Tyranitar|146\/361
|choice|*switch 4|*
|choice|switch 4|
|
|switch|p1a: Gliscor|Gliscor, F|28\/352 tox|[from]move: U-turn
|
|-weather|Sandstorm|[upkeep]
|-heal|p1a: Gliscor|72\/352 tox|[from] ability: Poison Heal
|-fieldend|move: Electric Terrain
|upkeep
|turn|6
|choice|*move 2|*
|choice|*|*move 3
|choice|move roost|move pursuit
|
|move|p1a: Gliscor|Roost|p1a: Gliscor
|-heal|p1a: Gliscor|248\/352 tox
|move|p2a: Tyranitar|Pursuit|p1a: Gliscor
|-damage|p1a: Gliscor|154\/352 tox
|
|-weather|Sandstorm|[upkeep]
|-heal|p1a: Gliscor|198\/352 tox|[from] ability: Poison Heal
|upkeep
|turn|7
|choice|*move 1|*
|choice|*move 2|*
|choice|*|*switch 6
|choice|move roost|switch 6
|
|switch|p2a: Mantine|Mantine, M|374\/374
|-damage|p2a: Mantine|281\/374|[from] Stealth Rock
|move|p1a: Gliscor|Roost|p1a: Gliscor
|-heal|p1a: Gliscor|352\/352 tox
|
|-weather|Sandstorm|[upkeep]
|-damage|p2a: Mantine|258\/374|[from] sandstorm
|-heal|p2a: Mantine|281\/374|[from] item: Leftovers
|upkeep
|turn|8
|choice|*move 1|*
|choice|*|*move 3
|choice|move uturn|move defog
|
|move|p1a: Gliscor|U-turn|p2a: Mantine
|-resisted|p2a: Mantine
|-damage|p2a: Mantine|258\/374
|choice|*switch 3|*
|choice|switch 3|
|
|switch|p1a: Tapu Lele|Tapu Lele|282\/282|[from]move: U-turn
|-fieldstart|move: Psychic Terrain|[from] ability: Psychic Surge|[of] p1a: Tapu Lele
|move|p2a: Mantine|Defog|p1a: Tapu Lele
|-unboost|p1a: Tapu Lele|evasion|1
|-sideend|p2: Lynseoxxx|Stealth Rock|[from] move: Defog|[of] p2a: Mantine
|
|-weather|Sandstorm|[upkeep]
|-damage|p1a: Tapu Lele|265\/282|[from] sandstorm
|-damage|p2a: Mantine|235\/374|[from] sandstorm
|-heal|p2a: Mantine|258\/374|[from] item: Leftovers
|upkeep
|turn|9
|choice|*|*move 2
|choice|*move 3|*
|choice|move hiddenpower|move roost
|
|move|p1a: Tapu Lele|Hidden Power|p2a: Mantine
|-resisted|p2a: Mantine
|-damage|p2a: Mantine|221\/374
|move|p2a: Mantine|Roost|p2a: Mantine
|-heal|p2a: Mantine|374\/374
|
|-weather|none
|upkeep
|turn|10
|choice|*switch 3|*
|choice|*|*switch 6
|choice|switch 3|switch 6
|
|switch|p1a: Gliscor|Gliscor, F|352\/352 tox
|switch|p2a: Tyranitar|Tyranitar, M|146\/361
|-weather|Sandstorm|[from] ability: Sand Stream|[of] p2a: Tyranitar
|
|-weather|Sandstorm|[upkeep]
|upkeep
|turn|11
|choice|*|*move 1
|choice|*move 1|*
|choice|move uturn|move stoneedge
|
|move|p1a: Gliscor|U-turn|p2a: Tyranitar
|-supereffective|p2a: Tyranitar
|-damage|p2a: Tyranitar|54\/361
|choice|*switch 5|*
|choice|switch 5|
|
|switch|p1a: Scizor|Scizor, F|343\/343|[from]move: U-turn
|move|p2a: Tyranitar|Stone Edge|p1a: Scizor
|-damage|p1a: Scizor|90\/343
|
|-weather|Sandstorm|[upkeep]
|upkeep
|turn|12
|choice|*move 2 mega|*
|choice|*|*switch 4
|choice|*|*move 1
|choice|*move 3 mega|*
|choice|move bulletpunch mega|move stoneedge
|
|-mega|p1a: Scizor|Scizor|Scizorite
|detailschange|p1a: Scizor|Scizor-Mega, F
|move|p1a: Scizor|Bullet Punch|p2a: Tyranitar
|-activate|p2a: Tyranitar|move: Psychic Terrain
|move|p2a: Tyranitar|Stone Edge|p1a: Scizor
|-damage|p1a: Scizor|0 fnt
|faint|p1a: Scizor
|
|-weather|Sandstorm|[upkeep]
|-fieldend|move: Psychic Terrain
|upkeep
|c|☆Baile Da Colombia|lol
|c|☆Lynseoxxx|xD
|c|☆Baile Da Colombia|i totaly forgot
|choice|*switch 2|*
|choice|switch 2|
|
|switch|p1a: Greninja|Greninja, M|285\/285
|turn|13
|choice|*move 4|*
|choice|*|*move 1
|choice|move uturn|move stoneedge
|
|move|p1a: Greninja|U-turn|p2a: Tyranitar
|-start|p1a: Greninja|typechange|Bug|[from] Protean
|-supereffective|p2a: Tyranitar
|-damage|p2a: Tyranitar|0 fnt
|faint|p2a: Tyranitar
|choice|*switch 4|*
|choice|switch 4|
|
|switch|p1a: Tapu Koko|Tapu Koko|173\/282|[from]move: U-turn
|-fieldstart|move: Electric Terrain|[from] ability: Electric Surge|[of] p1a: Tapu Koko
|
|-weather|Sandstorm|[upkeep]
|-damage|p1a: Tapu Koko|156\/282|[from] sandstorm
|-heal|p1a: Tapu Koko|173\/282|[from] item: Leftovers
|upkeep
|choice|*|*switch 4
|choice||switch 4
|
|switch|p2a: Landorus|Landorus-Therian, M|358\/382
|-ability|p2a: Landorus|Intimidate|boost
|-unboost|p1a: Tapu Koko|atk|1
|turn|14
|choice|*move 4|*
|choice|*|*move 1
|choice|move uturn|move stealthrock
|
|move|p1a: Tapu Koko|U-turn|p2a: Landorus
|-resisted|p2a: Landorus
|-damage|p2a: Landorus|344\/382
|choice|*switch 5|*
|choice|switch 5|
|
|switch|p1a: Gliscor|Gliscor, F|352\/352 tox|[from]move: U-turn
|move|p2a: Landorus|Stealth Rock|p1a: Gliscor
|-sidestart|p1: Baile Da Colombia|move: Stealth Rock
|
|-weather|none
|-heal|p2a: Landorus|367\/382|[from] item: Leftovers
|upkeep
|turn|15
|choice|*move 4|*
|choice|*|*move 3
|choice|move stealthrock|move hiddenpower
|
|move|p1a: Gliscor|Stealth Rock|p2a: Landorus
|-sidestart|p2: Lynseoxxx|move: Stealth Rock
|move|p2a: Landorus|Hidden Power|p1a: Gliscor
|-supereffective|p1a: Gliscor
|-damage|p1a: Gliscor|160\/352 tox
|
|-heal|p2a: Landorus|382\/382|[from] item: Leftovers
|-heal|p1a: Gliscor|204\/352 tox|[from] ability: Poison Heal
|upkeep
|turn|16
|choice|*|*move 4
|choice|*|*move 4
|choice|*move 2|*
|choice|move roost|move uturn
|
|move|p1a: Gliscor|Roost|p1a: Gliscor
|-heal|p1a: Gliscor|352\/352 tox
|move|p2a: Landorus|U-turn|p1a: Gliscor
|-damage|p1a: Gliscor|284\/352 tox
|choice|*|*switch 6
|choice||switch 6
|
|switch|p2a: Mantine|Mantine, M|374\/374|[from]move: U-turn
|-damage|p2a: Mantine|281\/374|[from] Stealth Rock
|
|-heal|p2a: Mantine|304\/374|[from] item: Leftovers
|-heal|p1a: Gliscor|328\/352 tox|[from] ability: Poison Heal
|upkeep
|turn|17
|choice|*move 1|*
|choice|*|*move 3
|choice|move uturn|move defog
|
|move|p1a: Gliscor|U-turn|p2a: Mantine
|-resisted|p2a: Mantine
|-damage|p2a: Mantine|282\/374
|choice|*switch 3|*
|choice|switch 3|
|
|switch|p1a: Tapu Lele|Tapu Lele|265\/282|[from]move: U-turn
|-damage|p1a: Tapu Lele|230\/282|[from] Stealth Rock
|-fieldstart|move: Psychic Terrain|[from] ability: Psychic Surge|[of] p1a: Tapu Lele
|move|p2a: Mantine|Defog|p1a: Tapu Lele
|-unboost|p1a: Tapu Lele|evasion|1
|-sideend|p1: Baile Da Colombia|Stealth Rock|[from] move: Defog|[of] p1a: Tapu Lele
|-sideend|p2: Lynseoxxx|Stealth Rock|[from] move: Defog|[of] p2a: Mantine
|
|-heal|p2a: Mantine|305\/374|[from] item: Leftovers
|upkeep
|turn|18
|choice|*move 1|*
|choice|*|*switch 3
|choice|move psyshock|switch 3
|
|switch|p2a: Ferrothorn|Ferrothorn, M|352\/352
|move|p1a: Tapu Lele|Psyshock|p2a: Ferrothorn
|-resisted|p2a: Ferrothorn
|-damage|p2a: Ferrothorn|232\/352
|
|-heal|p2a: Ferrothorn|254\/352|[from] item: Leftovers
|upkeep
|turn|19
|choice|*move 1|*
|choice|*|*switch 5
|choice|move psyshock|switch 5
|
|switch|p2a: Charizard|Charizard-Mega-Y, M|262\/297
|-weather|SunnyDay|[from] ability: Drought|[of] p2a: Charizard
|move|p1a: Tapu Lele|Psyshock|p2a: Charizard
|-damage|p2a: Charizard|0 fnt
|faint|p2a: Charizard
|
|-weather|SunnyDay|[upkeep]
|upkeep
|c|☆Baile Da Colombia|goat
|c|☆Baile Da Colombia|xd
|c|☆Lynseoxxx|:C
|choice|*|*switch 5
|choice||switch 5
|
|switch|p2a: Ferrothorn|Ferrothorn, M|254\/352
|turn|20
|choice|*|*move 1
|choice|*switch 6|*
|choice|switch 6|move spikes
|
|switch|p1a: Tangrowth|Tangrowth, M|403\/403
|move|p2a: Ferrothorn|Spikes|p1a: Tangrowth
|-sidestart|p1: Baile Da Colombia|Spikes
|
|-weather|SunnyDay|[upkeep]
|-heal|p2a: Ferrothorn|276\/352|[from] item: Leftovers
|upkeep
|turn|21
|choice|*move 3|*
|choice|*|*move 1
|choice|move knockoff|move spikes
|
|move|p1a: Tangrowth|Knock Off|p2a: Ferrothorn
|-damage|p2a: Ferrothorn|218\/352
|-damage|p1a: Tangrowth|353\/403|[from] ability: Iron Barbs|[of] p2a: Ferrothorn
|-enditem|p2a: Ferrothorn|Leftovers|[from] move: Knock Off|[of] p1a: Tangrowth
|move|p2a: Ferrothorn|Spikes|p1a: Tangrowth
|-sidestart|p1: Baile Da Colombia|Spikes
|
|-weather|SunnyDay|[upkeep]
|-fieldend|move: Psychic Terrain
|upkeep
|turn|22
|choice|*switch 3|*
|choice|*|*move 2
|choice|switch 3|move leechseed
|
|switch|p1a: Gliscor|Gliscor, F|328\/352 tox
|move|p2a: Ferrothorn|Leech Seed|p1a: Gliscor
|-start|p1a: Gliscor|move: Leech Seed
|
|-weather|SunnyDay|[upkeep]
|-damage|p1a: Gliscor|284\/352 tox|[from] Leech Seed|[of] p2a: Ferrothorn
|-heal|p2a: Ferrothorn|262\/352|[silent]
|-heal|p1a: Gliscor|328\/352 tox|[from] ability: Poison Heal
|upkeep
|turn|23
|choice|*move 4|*
|choice|*|*switch 2
|choice|move stealthrock|switch 2
|
|switch|p2a: Tapu Koko|Tapu Koko|281\/281
|-fieldstart|move: Electric Terrain|[from] ability: Electric Surge|[of] p2a: Tapu Koko
|move|p1a: Gliscor|Stealth Rock|p2a: Tapu Koko
|-sidestart|p2: Lynseoxxx|move: Stealth Rock
|
|-weather|none
|-damage|p1a: Gliscor|284\/352 tox|[from] Leech Seed|[of] p2a: Tapu Koko
|-heal|p1a: Gliscor|328\/352 tox|[from] ability: Poison Heal
|upkeep
|turn|24
|choice|*move 1|*
|choice|*|*move 3
|choice|move uturn|move hiddenpower
|
|move|p2a: Tapu Koko|Hidden Power|p1a: Gliscor
|-supereffective|p1a: Gliscor
|-damage|p1a: Gliscor|84\/352 tox
|move|p1a: Gliscor|U-turn|p2a: Tapu Koko
|-resisted|p2a: Tapu Koko
|-damage|p2a: Tapu Koko|253\/281
|choice|*switch 6|*
|choice|switch 6|
|
|switch|p1a: Tapu Lele|Tapu Lele|230\/282|[from]move: U-turn
|-damage|p1a: Tapu Lele|183\/282|[from] Spikes
|-fieldstart|move: Psychic Terrain|[from] ability: Psychic Surge|[of] p1a: Tapu Lele
|
|upkeep
|turn|25
|choice|*move 2|*
|c|☆Lynseoxxx|Defog?
|choice|*|*switch 3
|choice|move psychic|switch 3
|
|switch|p2a: Mantine|Mantine, M|305\/374
|-damage|p2a: Mantine|212\/374|[from] Stealth Rock
|move|p1a: Tapu Lele|Psychic|p2a: Mantine
|-damage|p2a: Mantine|0 fnt
|faint|p2a: Mantine
|
|upkeep
|c|☆Baile Da Colombia|scizor
|choice|*|*switch 2
|choice||switch 2
|
|switch|p2a: Ferrothorn|Ferrothorn, M|262\/352
|-damage|p2a: Ferrothorn|240\/352|[from] Stealth Rock
|turn|26
|choice|*|*move 3
|choice|*switch 3|*
|choice|switch 3|move powerwhip
|
|switch|p1a: Tangrowth|Tangrowth, M|403\/403
|-damage|p1a: Tangrowth|336\/403|[from] Spikes
|move|p2a: Ferrothorn|Power Whip|p1a: Tangrowth
|-resisted|p1a: Tangrowth
|-damage|p1a: Tangrowth|278\/403
|
|upkeep
|turn|27
|choice|*move 4|*
|choice|*|*move 1
|choice|move earthquake|move spikes
|
|move|p1a: Tangrowth|Earthquake|p2a: Ferrothorn
|-crit|p2a: Ferrothorn
|-damage|p2a: Ferrothorn|155\/352
|move|p2a: Ferrothorn|Spikes|p1a: Tangrowth
|-sidestart|p1: Baile Da Colombia|Spikes
|
|upkeep
|turn|28
|choice|*|*switch 6
|choice|*move 4|*
|choice|move earthquake|switch 6
|
|switch|p2a: Landorus|Landorus-Therian, M|382\/382
|-damage|p2a: Landorus|335\/382|[from] Stealth Rock
|-ability|p2a: Landorus|Intimidate|boost
|-unboost|p1a: Tangrowth|atk|1
|move|p1a: Tangrowth|Earthquake|p2a: Landorus
|-immune|p2a: Landorus|[msg]
|
|-heal|p2a: Landorus|358\/382|[from] item: Leftovers
|-fieldend|move: Psychic Terrain
|upkeep
|turn|29
|choice|*move 3|*
|choice|*|*move 4
|choice|move knockoff|move uturn
|
|move|p2a: Landorus|U-turn|p1a: Tangrowth
|-supereffective|p1a: Tangrowth
|-damage|p1a: Tangrowth|160\/403
|choice|*|*switch 6
|choice||switch 6
|
|switch|p2a: Ferrothorn|Ferrothorn, M|155\/352|[from]move: U-turn
|-damage|p2a: Ferrothorn|133\/352|[from] Stealth Rock
|move|p1a: Tangrowth|Knock Off|p2a: Ferrothorn
|-damage|p2a: Ferrothorn|108\/352
|-damage|p1a: Tangrowth|110\/403|[from] ability: Iron Barbs|[of] p2a: Ferrothorn
|
|upkeep
|turn|30
|choice|*move 4|*
|choice|*switch 6|*
|choice|*|*switch 6
|choice|switch 6|switch 6
|
|switch|p1a: Gliscor|Gliscor, F|84\/352 tox
|switch|p2a: Landorus|Landorus-Therian, M|358\/382
|-damage|p2a: Landorus|311\/382|[from] Stealth Rock
|-ability|p2a: Landorus|Intimidate|boost
|-unboost|p1a: Gliscor|atk|1
|
|-heal|p2a: Landorus|334\/382|[from] item: Leftovers
|-heal|p1a: Gliscor|128\/352 tox|[from] ability: Poison Heal
|upkeep
|turn|31
|choice|*|*move 4
|choice|*move 2|*
|choice|move roost|move uturn
|
|move|p1a: Gliscor|Roost|p1a: Gliscor
|-heal|p1a: Gliscor|304\/352 tox
|move|p2a: Landorus|U-turn|p1a: Gliscor
|-damage|p1a: Gliscor|243\/352 tox
|choice|*|*switch 3
|choice||switch 3
|
|switch|p2a: Tapu Koko|Tapu Koko|253\/281|[from]move: U-turn
|-damage|p2a: Tapu Koko|218\/281|[from] Stealth Rock
|-fieldstart|move: Electric Terrain|[from] ability: Electric Surge|[of] p2a: Tapu Koko
|
|-heal|p1a: Gliscor|287\/352 tox|[from] ability: Poison Heal
|upkeep
|turn|32
|choice|*|*move 3
|choice|*|*move 1
|choice|*move 1|*
|choice|move uturn|move thunderbolt
|
|move|p2a: Tapu Koko|Thunderbolt|p1a: Gliscor
|-immune|p1a: Gliscor|[msg]
|move|p1a: Gliscor|U-turn|p2a: Tapu Koko
|-resisted|p2a: Tapu Koko
|-damage|p2a: Tapu Koko|197\/281
|choice|*switch 6|*
|choice|switch 6|
|
|switch|p1a: Tangrowth|Tangrowth, M|244\/403|[from]move: U-turn
|-damage|p1a: Tangrowth|144\/403|[from] Spikes
|
|upkeep
|turn|33
|choice|*move 1|*
|choice|*|*move 3
|choice|move gigadrain|move hiddenpower
|
|move|p2a: Tapu Koko|Hidden Power|p1a: Tangrowth
|-supereffective|p1a: Tangrowth
|-damage|p1a: Tangrowth|58\/403
|move|p1a: Tangrowth|Giga Drain|p2a: Tapu Koko
|-damage|p2a: Tapu Koko|74\/281
|-heal|p1a: Tangrowth|120\/403|[from] drain|[of] p2a: Tapu Koko
|
|upkeep
|turn|34
|choice|*move 1|*
|choice|*|*move 1 zmove
|choice|move gigadrain|move thunderbolt zmove
|
|-zpower|p2a: Tapu Koko
|move|p2a: Tapu Koko|Gigavolt Havoc|p1a: Tangrowth|[zeffect]
|-resisted|p1a: Tangrowth
|-damage|p1a: Tangrowth|0 fnt
|faint|p1a: Tangrowth
|
|upkeep
|c|☆Lynseoxxx|xD
|choice|*switch 5|*
|choice|switch 5|
|
|switch|p1a: Tapu Koko|Tapu Koko|173\/282
|-damage|p1a: Tapu Koko|103\/282|[from] Spikes
|turn|35
|choice|*move 3|*
|choice|*|*switch 6
|choice|move roost|switch 6
|
|switch|p2a: Ferrothorn|Ferrothorn, M|108\/352
|-damage|p2a: Ferrothorn|86\/352|[from] Stealth Rock
|move|p1a: Tapu Koko|Roost|p1a: Tapu Koko
|-heal|p1a: Tapu Koko|244\/282
|
|-heal|p1a: Tapu Koko|261\/282|[from] item: Leftovers
|-fieldend|move: Electric Terrain
|upkeep
|turn|36
|choice|*move 2|*
|choice|*|*switch 3
|choice|move hiddenpower|switch 3
|
|switch|p2a: Landorus|Landorus-Therian, M|334\/382
|-damage|p2a: Landorus|287\/382|[from] Stealth Rock
|-ability|p2a: Landorus|Intimidate|boost
|-unboost|p1a: Tapu Koko|atk|1
|move|p1a: Tapu Koko|Hidden Power|p2a: Landorus
|-damage|p2a: Landorus|213\/382
|
|-heal|p1a: Tapu Koko|278\/282|[from] item: Leftovers
|-heal|p2a: Landorus|236\/382|[from] item: Leftovers
|upkeep
|turn|37
|c|☆Lynseoxxx|?
|choice|*move 4|*
|c|☆Baile Da Colombia|hp fire
|c|☆Lynseoxxx|yep
|choice|*|*move 2
|choice|move uturn|move earthquake
|
|move|p1a: Tapu Koko|U-turn|p2a: Landorus
|-resisted|p2a: Landorus
|-damage|p2a: Landorus|222\/382
|choice|*switch 6|*
|choice|switch 6|
|
|switch|p1a: Gliscor|Gliscor, F|287\/352 tox|[from]move: U-turn
|move|p2a: Landorus|Earthquake|p1a: Gliscor
|-immune|p1a: Gliscor|[msg]
|
|-heal|p2a: Landorus|245\/382|[from] item: Leftovers
|-heal|p1a: Gliscor|331\/352 tox|[from] ability: Poison Heal
|upkeep
|turn|38
|choice|*move 3|*
|choice|*|*move 1
|choice|*move 3|*
|choice|move earthquake|move stealthrock
|
|move|p1a: Gliscor|Earthquake|p2a: Landorus
|-immune|p2a: Landorus|[msg]
|move|p2a: Landorus|Stealth Rock|p1a: Gliscor
|-sidestart|p1: Baile Da Colombia|move: Stealth Rock
|
|-heal|p2a: Landorus|268\/382|[from] item: Leftovers
|-heal|p1a: Gliscor|352\/352 tox|[from] ability: Poison Heal
|upkeep
|turn|39
|choice|*|*move 3
|choice|*move 3|*
|choice|move earthquake|move hiddenpower
|
|move|p1a: Gliscor|Earthquake|p2a: Landorus
|-immune|p2a: Landorus|[msg]
|move|p2a: Landorus|Hidden Power|p1a: Gliscor
|-supereffective|p1a: Gliscor
|-damage|p1a: Gliscor|144\/352 tox
|
|-heal|p2a: Landorus|291\/382|[from] item: Leftovers
|-heal|p1a: Gliscor|188\/352 tox|[from] ability: Poison Heal
|upkeep
|turn|40
|choice|*move 3|*
|choice|*|*move 3
|choice|move earthquake|move hiddenpower
|
|move|p1a: Gliscor|Earthquake|p2a: Landorus
|-immune|p2a: Landorus|[msg]
|move|p2a: Landorus|Hidden Power|p1a: Gliscor
|-supereffective|p1a: Gliscor
|-damage|p1a: Gliscor|0 fnt
|faint|p1a: Gliscor
|
|-heal|p2a: Landorus|314\/382|[from] item: Leftovers
|upkeep
|choice|*switch 4|*
|choice|switch 4|
|
|switch|p1a: Greninja|Greninja, M|285\/285
|-damage|p1a: Greninja|214\/285|[from] Spikes
|-damage|p1a: Greninja|179\/285|[from] Stealth Rock
|turn|41
|choice|*move 2|*
|choice|*|*switch 3
|choice|move icebeam|switch 3
|
|switch|p2a: Ferrothorn|Ferrothorn, M|86\/352
|-damage|p2a: Ferrothorn|64\/352|[from] Stealth Rock
|move|p1a: Greninja|Ice Beam|p2a: Ferrothorn
|-start|p1a: Greninja|typechange|Ice|[from] Protean
|-damage|p2a: Ferrothorn|0 fnt
|faint|p2a: Ferrothorn
|
|upkeep
|choice|*|*switch 6
|choice||switch 6
|
|switch|p2a: Tapu Koko|Tapu Koko|74\/281
|-damage|p2a: Tapu Koko|39\/281|[from] Stealth Rock
|-fieldstart|move: Electric Terrain|[from] ability: Electric Surge|[of] p2a: Tapu Koko
|turn|42
|choice|*|*move 4
|choice|*switch 3|*
|choice|switch 3|move uturn
|
|switch|p1a: Tapu Lele|Tapu Lele|183\/282
|-damage|p1a: Tapu Lele|113\/282|[from] Spikes
|-damage|p1a: Tapu Lele|78\/282|[from] Stealth Rock
|-fieldstart|move: Psychic Terrain|[from] ability: Psychic Surge|[of] p1a: Tapu Lele
|move|p2a: Tapu Koko|U-turn|p1a: Tapu Lele
|-crit|p1a: Tapu Lele
|-damage|p1a: Tapu Lele|0 fnt
|faint|p1a: Tapu Lele
|choice|*|*switch 3
|choice||switch 3
|
|switch|p2a: Landorus|Landorus-Therian, M|314\/382|[from]move: U-turn
|-damage|p2a: Landorus|267\/382|[from] Stealth Rock
|
|-heal|p2a: Landorus|290\/382|[from] item: Leftovers
|upkeep
|choice|*switch 3|*
|choice|switch 3|
|
|switch|p1a: Greninja|Greninja, M|179\/285
|-damage|p1a: Greninja|108\/285|[from] Spikes
|-damage|p1a: Greninja|73\/285|[from] Stealth Rock
|turn|43
|choice|*move 2|*
|choice|*move 1 zmove|*
|choice|*|*move 4
|choice|move hydropump zmove|move uturn
|
|-zpower|p1a: Greninja
|move|p1a: Greninja|Hydro Vortex|p2a: Landorus|[zeffect]
|-start|p1a: Greninja|typechange|Water|[from] Protean
|-supereffective|p2a: Landorus
|-damage|p2a: Landorus|0 fnt
|faint|p2a: Landorus
|
|upkeep
|choice|*|*switch 3
|choice||switch 3
|
|switch|p2a: Tapu Koko|Tapu Koko|39\/281
|-damage|p2a: Tapu Koko|4\/281|[from] Stealth Rock
|-fieldstart|move: Electric Terrain|[from] ability: Electric Surge|[of] p2a: Tapu Koko
|turn|44
|choice|*move 2|*
|choice|*|*move 1
|choice|*move 2|*
|choice|move icebeam|move thunderbolt
|
|move|p2a: Tapu Koko|Thunderbolt|p1a: Greninja
|-supereffective|p1a: Greninja
|-damage|p1a: Greninja|0 fnt
|faint|p1a: Greninja
|
|upkeep
|choice|*switch 6|*
|choice|switch 6|
|
|switch|p1a: Tapu Koko|Tapu Koko|278\/282
|-damage|p1a: Tapu Koko|243\/282|[from] Stealth Rock
|-damage|p1a: Tapu Koko|173\/282|[from] Spikes
|turn|45
|choice|*move 4|*
|choice|*|*move 2
|choice|move uturn|move roost
|
|move|p2a: Tapu Koko|Roost|p2a: Tapu Koko
|-heal|p2a: Tapu Koko|145\/281
|move|p1a: Tapu Koko|U-turn|p2a: Tapu Koko
|-resisted|p2a: Tapu Koko
|-damage|p2a: Tapu Koko|116\/281
|
|-heal|p1a: Tapu Koko|190\/282|[from] item: Leftovers
|upkeep
|turn|46
|choice|*|*move 1
|choice|*move 1|*
|choice|move thunderbolt|move thunderbolt
|
|move|p2a: Tapu Koko|Thunderbolt|p1a: Tapu Koko
|-resisted|p1a: Tapu Koko
|-damage|p1a: Tapu Koko|65\/282
|move|p1a: Tapu Koko|Thunderbolt|p2a: Tapu Koko
|-resisted|p2a: Tapu Koko
|-damage|p2a: Tapu Koko|0 fnt
|faint|p2a: Tapu Koko
|
|win|Baile Da Colombia
|c|☆Baile Da Colombia|gg lol
|c|☆Lynseoxxx|gg
|c|☆Lynseoxxx|:\/
|c|☆Baile Da Colombia|fun one
|c|☆Baile Da Colombia|xd
</script>
</div>
<div class="battle-log battle-log-inline"><div class="inner"><div class="battle-options"></div><div class="inner"><div class=""><small>Format:</small> <br><strong>OU</strong></div><div class=""><small><em>Cláusula-Mod de Dormir:</em> solo puedes dormir a uno de tus oponentes a la vez.</small></div><div class=""><small><em>Cláusula de Especie:</em> Hasta un Pokémon de cada especie</small></div><div class=""><small><em>Cláusula de Golpe Fulminante:</em> los movimientos fulminantes (OHKO) estan prohibidos</small></div><div class=""><small><em>Cláusula de Veleta:</em> la habilidad Veleta está prohibida</small></div><div class=""><small><em>Cláusula de Movimientos Evasivos:</em> los movimientos de Evasión están prohibidos.</small></div><div class=""><small><em>Cláusula de Batallas Eternas:</em> forzar batallas eternas está prohibido</small></div><div class="chat battle-history"><strong>Baile Da Colombia's team:</strong> <em style="color:#445566;display:block;">Tapu Koko / Greninja / Tapu Lele / Gliscor / Scizor / Tangrowth</em></div><div class="chat battle-history"><strong>Lynseoxxx's team:</strong> <em style="color:#445566;display:block;">Tapu Koko / Tyranitar / Ferrothorn / Charizard / Landorus-Therian / Mantine</em></div><div class="chat chatmessage-bailedacolombia"><strong style="color:hsl(347,80%,46.05480619638721%)"><small>☆</small><span class="username" data-name="Baile Da Colombia">Baile Da Colombia</span>:</strong> <em>hf xd</em></div><div class="spacer battle-history"><br></div><div class="battle-history">Battle started between Baile Da Colombia and Lynseoxxx!<br></div><div class="spacer battle-history"><br></div><div class="battle-history">Go! <strong>Tapu Koko</strong>!<br></div><div class="spacer battle-history"><br></div><div class="battle-history">Lynseoxxx sent out <strong>Tyranitar</strong>!<br></div><div class="battle-history"><small>[Tapu Koko's Electric Surge]</small><br><small>An electric current runs across the battlefield!</small><br></div><div class="battle-history"><small>[The opposing Tyranitar's Sand Stream]</small><br><small>A sandstorm kicked up!</small><br></div><div class="spacer battle-history"><br></div><h2 class="battle-history">Turn 1</h2><div class="spacer battle-history"><br></div><div class="battle-history">Tapu Koko used <strong>U-turn</strong>!<br></div><div class="battle-history"><small>It's super effective!</small><br></div><div class="battle-history"><small>(The opposing Tyranitar lost <abbr title="−104/361">28.8%</abbr> of its health!)</small><br></div><div class="spacer battle-history"><br></div><div class="battle-history"><small>(Tapu Koko is being withdrawn...)</small><br></div><div class="spacer battle-history"><br></div><div class="battle-history">The opposing Tyranitar used <strong>Pursuit</strong>!<br></div><div class="battle-history"><small>It's not very effective...</small><br></div><div class="battle-history"><small>(Tapu Koko lost <abbr title="−143/282">50.7%</abbr> of its health!)</small><br></div><div class="spacer battle-history"><br></div><div class="battle-history">Tapu Koko went back to Baile Da Colombia!<br></div><div class="battle-history">Go! <strong>Gliscor</strong>!<br></div><div class="spacer battle-history"><br></div><div class="battle-history"><small>The sandstorm is raging.</small><br></div><div class="battle-history"><small>Gliscor was badly poisoned!</small><br></div><div class="spacer battle-history"><br></div><h2 class="battle-history">Turn 2</h2><div class="spacer battle-history"><br></div><div class="battle-history">Lynseoxxx withdrew Tyranitar!<br></div><div class="battle-history">Lynseoxxx sent out <strong>Charizard</strong>!<br></div><div class="spacer battle-history"><br></div><div class="battle-history">Gliscor used <strong>Stealth Rock</strong>!<br></div><div class="battle-history"><small>Pointed stones float in the air around the opposing team!</small><br></div><div class="spacer battle-history"><br></div><div class="battle-history"><small>The sandstorm is raging.</small><br></div><div class="battle-history"><small>The opposing Charizard is buffeted by the sandstorm!</small><br></div><div class="spacer battle-history"><br></div><h2 class="battle-history">Turn 3</h2><div class="spacer battle-history"><br></div><div class="battle-history"><small>The opposing Charizard's Charizardite Y is reacting to the Key Stone!</small><br>The opposing Charizard has Mega Evolved into Mega Charizard!<br></div><div class="battle-history"><small>[The opposing Charizard's Drought]</small><br><small>The sunlight turned harsh!</small><br></div><div class="spacer battle-history"><br></div><div class="battle-history">The opposing Charizard used <strong>Flamethrower</strong>!<br></div><div class="battle-history"><small>(Gliscor lost <abbr title="−324/352">92.0%</abbr> of its health!)</small><br></div><div class="spacer battle-history"><br></div><div class="battle-history">Gliscor used <strong>U-turn</strong>!<br></div><div class="battle-history"><small>It's not very effective...</small><br></div><div class="battle-history"><small>(The opposing Charizard lost <abbr title="−17/297">5.7%</abbr> of its health!)</small><br></div><div class="spacer battle-history"><br></div><div class="battle-history">Gliscor went back to Baile Da Colombia!<br></div><div class="battle-history">Go! <strong>Tapu Koko</strong>!<br></div><div class="spacer battle-history"><br></div><div class="battle-history"><small>(The sunlight is strong!)</small><br></div><div class="battle-history"><small>Tapu Koko restored a little HP using its Leftovers!</small><br></div><div class="spacer battle-history"><br></div><h2 class="battle-history">Turn 4</h2><div class="spacer battle-history"><br></div><div class="battle-history">Lynseoxxx withdrew Charizard!<br></div><div class="battle-history">Lynseoxxx sent out Landorus (<strong>Landorus-Therian</strong>)!<br></div><div class="battle-history"><small>Pointed stones dug into the opposing Landorus!</small><br></div><div class="battle-history"><small>[The opposing Landorus's Intimidate]</small><br></div><div class="battle-history"><small>Tapu Koko's Attack fell!</small><br></div><div class="spacer battle-history"><br></div><div class="battle-history">Tapu Koko used <strong>Thunderbolt</strong>!<br></div><div class="battle-history"><small>It doesn't affect the opposing Landorus...</small><br></div><div class="spacer battle-history"><br></div><div class="battle-history"><small>(The sunlight is strong!)</small><br></div><div class="battle-history"><small>Tapu Koko restored a little HP using its Leftovers!</small><br></div><div class="battle-history"><small>The opposing Landorus restored a little HP using its Leftovers!</small><br></div><div class="spacer battle-history"><br></div><h2 class="battle-history">Turn 5</h2><div class="spacer battle-history"><br></div><div class="battle-history">Lynseoxxx withdrew Landorus!<br></div><div class="battle-history">Lynseoxxx sent out <strong>Tyranitar</strong>!<br></div><div class="battle-history"><small>Pointed stones dug into the opposing Tyranitar!</small><br></div><div class="battle-history"><small>[The opposing Tyranitar's Sand Stream]</small><br><small>A sandstorm kicked up!</small><br></div><div class="spacer battle-history"><br></div><div class="battle-history">Tapu Koko used <strong>U-turn</strong>!<br></div><div class="battle-history"><small>It's super effective!</small><br></div><div class="battle-history"><small>(The opposing Tyranitar lost <abbr title="−66/361">18.3%</abbr> of its health!)</small><br></div><div class="spacer battle-history"><br></div><div class="battle-history">Tapu Koko went back to Baile Da Colombia!<br></div><div class="battle-history">Go! <strong>Gliscor</strong>!<br></div><div class="spacer battle-history"><br></div><div class="battle-history"><small>The sandstorm is raging.</small><br></div><div class="battle-history"><small>[Gliscor's Poison Heal]</small><br><small>Gliscor restored its HP.</small><br></div><div class="battle-history"><small>The electricity disappeared from the battlefield.</small><br></div><div class="spacer battle-history"><br></div><h2 class="battle-history">Turn 6</h2><div class="spacer battle-history"><br></div><div class="battle-history">Gliscor used <strong>Roost</strong>!<br></div><div class="battle-history"><small>Gliscor restored its HP.</small><br></div><div class="spacer battle-history"><br></div><div class="battle-history">The opposing Tyranitar used <strong>Pursuit</strong>!<br></div><div class="battle-history"><small>(Gliscor lost <abbr title="−94/352">26.7%</abbr> of its health!)</small><br></div><div class="spacer battle-history"><br></div><div class="battle-history"><small>The sandstorm is raging.</small><br></div><div class="battle-history"><small>[Gliscor's Poison Heal]</small><br><small>Gliscor restored its HP.</small><br></div><div class="spacer battle-history"><br></div><h2 class="battle-history">Turn 7</h2><div class="spacer battle-history"><br></div><div class="battle-history">Lynseoxxx withdrew Tyranitar!<br></div><div class="battle-history">Lynseoxxx sent out <strong>Mantine</strong>!<br></div><div class="battle-history"><small>Pointed stones dug into the opposing Mantine!</small><br></div><div class="spacer battle-history"><br></div><div class="battle-history">Gliscor used <strong>Roost</strong>!<br></div><div class="battle-history"><small>Gliscor restored its HP.</small><br></div><div class="spacer battle-history"><br></div><div class="battle-history"><small>The sandstorm is raging.</small><br></div><div class="battle-history"><small>The opposing Mantine is buffeted by the sandstorm!</small><br></div><div class="battle-history"><small>The opposing Mantine restored a little HP using its Leftovers!</small><br></div><div class="spacer battle-history"><br></div><h2 class="battle-history">Turn 8</h2><div class="spacer battle-history"><br></div><div class="battle-history">Gliscor used <strong>U-turn</strong>!<br></div><div class="battle-history"><small>It's not very effective...</small><br></div><div class="battle-history"><small>(The opposing Mantine lost <abbr title="−23/374">6.1%</abbr> of its health!)</small><br></div><div class="spacer battle-history"><br></div><div class="battle-history">Gliscor went back to Baile Da Colombia!<br></div><div class="battle-history">Go! <strong>Tapu Lele</strong>!<br></div><div class="battle-history"><small>[Tapu Lele's Psychic Surge]</small><br><small>The battlefield got weird!</small><br></div><div class="spacer battle-history"><br></div><div class="battle-history">The opposing Mantine used <strong>Defog</strong>!<br></div><div class="battle-history"><small>Tapu Lele's evasiveness fell!</small><br></div><div class="battle-history"><small>The pointed stones disappeared from around the opposing team!</small><br></div><div class="spacer battle-history"><br></div><div class="battle-history"><small>The sandstorm is raging.</small><br></div><div class="battle-history"><small>Tapu Lele is buffeted by the sandstorm!</small><br></div><div class="battle-history"><small>The opposing Mantine is buffeted by the sandstorm!</small><br></div><div class="battle-history"><small>The opposing Mantine restored a little HP using its Leftovers!</small><br></div><div class="spacer battle-history"><br></div><h2 class="battle-history">Turn 9</h2><div class="spacer battle-history"><br></div><div class="battle-history">Tapu Lele used <strong>Hidden Power</strong>!<br></div><div class="battle-history"><small>It's not very effective...</small><br></div><div class="battle-history"><small>(The opposing Mantine lost <abbr title="−37/374">9.9%</abbr> of its health!)</small><br></div><div class="spacer battle-history"><br></div><div class="battle-history">The opposing Mantine used <strong>Roost</strong>!<br></div><div class="battle-history"><small>The opposing Mantine restored its HP.</small><br></div><div class="spacer battle-history"><br></div><div class="battle-history"><small>The sandstorm subsided.</small><br></div><div class="spacer battle-history"><br></div><h2 class="battle-history">Turn 10</h2><div class="spacer battle-history"><br></div><div class="battle-history">Tapu Lele, come back!<br></div><div class="battle-history">Go! <strong>Gliscor</strong>!<br></div><div class="spacer battle-history"><br></div><div class="battle-history">Lynseoxxx withdrew Mantine!<br></div><div class="battle-history">Lynseoxxx sent out <strong>Tyranitar</strong>!<br></div><div class="battle-history"><small>[The opposing Tyranitar's Sand Stream]</small><br><small>A sandstorm kicked up!</small><br></div><div class="spacer battle-history"><br></div><div class="battle-history"><small>The sandstorm is raging.</small><br></div><div class="spacer battle-history"><br></div><h2 class="battle-history">Turn 11</h2><div class="spacer battle-history"><br></div><div class="battle-history">Gliscor used <strong>U-turn</strong>!<br></div><div class="battle-history"><small>It's super effective!</small><br></div><div class="battle-history"><small>(The opposing Tyranitar lost <abbr title="−92/361">25.5%</abbr> of its health!)</small><br></div><div class="spacer battle-history"><br></div><div class="battle-history">Gliscor went back to Baile Da Colombia!<br></div><div class="battle-history">Go! <strong>Scizor</strong>!<br></div><div class="spacer battle-history"><br></div><div class="battle-history">The opposing Tyranitar used <strong>Stone Edge</strong>!<br></div><div class="battle-history"><small>(Scizor lost <abbr title="−253/343">73.8%</abbr> of its health!)</small><br></div><div class="spacer battle-history"><br></div><div class="battle-history"><small>The sandstorm is raging.</small><br></div><div class="spacer battle-history"><br></div><h2 class="battle-history">Turn 12</h2><div class="spacer battle-history"><br></div><div class="battle-history"><small>Scizor's Scizorite is reacting to the Key Stone!</small><br>Scizor has Mega Evolved into Mega Scizor!<br></div><div class="spacer battle-history"><br></div><div class="battle-history">Scizor used <strong>Bullet Punch</strong>!<br></div><div class="battle-history"><small>The opposing Tyranitar surrounds itself with psychic terrain!</small><br></div><div class="spacer battle-history"><br></div><div class="battle-history">The opposing Tyranitar used <strong>Stone Edge</strong>!<br></div><div class="battle-history"><small>(Scizor lost <abbr title="−90/343">26.2%</abbr> of its health!)</small><br></div><div class="spacer battle-history"><br></div><div class="battle-history">Scizor fainted!<br></div><div class="spacer battle-history"><br></div><div class="battle-history"><small>The sandstorm is raging.</small><br></div><div class="battle-history"><small>The weirdness disappeared from the battlefield!</small><br></div><div class="chat chatmessage-bailedacolombia"><strong style="color:hsl(347,80%,46.05480619638721%)"><small>☆</small><span class="username" data-name="Baile Da Colombia">Baile Da Colombia</span>:</strong> <em>lol</em></div><div class="chat chatmessage-lynseoxxx"><strong style="color:hsl(123,48%,33%)"><small>☆</small><span class="username" data-name="Lynseoxxx">Lynseoxxx</span>:</strong> <em>xD</em></div><div class="chat chatmessage-bailedacolombia"><strong style="color:hsl(347,80%,46.05480619638721%)"><small>☆</small><span class="username" data-name="Baile Da Colombia">Baile Da Colombia</span>:</strong> <em>i totaly forgot</em></div><div class="spacer battle-history"><br></div><div class="battle-history">Go! <strong>Greninja</strong>!<br></div><div class="spacer battle-history"><br></div><h2 class="battle-history">Turn 13</h2><div class="spacer battle-history"><br></div><div class="battle-history">Greninja used <strong>U-turn</strong>!<br></div><div class="spacer battle-history"><br></div><div class="battle-history"><small>[Greninja's Protean]</small><br><small>Greninja transformed into the Bug type!</small><br></div><div class="battle-history"><small>It's super effective!</small><br></div><div class="battle-history"><small>(The opposing Tyranitar lost <abbr title="−54/361">15.0%</abbr> of its health!)</small><br></div><div class="spacer battle-history"><br></div><div class="battle-history">The opposing Tyranitar fainted!<br></div><div class="spacer battle-history"><br></div><div class="battle-history">Greninja went back to Baile Da Colombia!<br></div><div class="battle-history">Go! <strong>Tapu Koko</strong>!<br></div><div class="battle-history"><small>[Tapu Koko's Electric Surge]</small><br><small>An electric current runs across the battlefield!</small><br></div><div class="spacer battle-history"><br></div><div class="battle-history"><small>The sandstorm is raging.</small><br></div><div class="battle-history"><small>Tapu Koko is buffeted by the sandstorm!</small><br></div><div class="battle-history"><small>Tapu Koko restored a little HP using its Leftovers!</small><br></div><div class="spacer battle-history"><br></div><div class="battle-history">Lynseoxxx sent out Landorus (<strong>Landorus-Therian</strong>)!<br></div><div class="battle-history"><small>[The opposing Landorus's Intimidate]</small><br></div><div class="battle-history"><small>Tapu Koko's Attack fell!</small><br></div><div class="spacer battle-history"><br></div><h2 class="battle-history">Turn 14</h2><div class="spacer battle-history"><br></div><div class="battle-history">Tapu Koko used <strong>U-turn</strong>!<br></div><div class="battle-history"><small>It's not very effective...</small><br></div><div class="battle-history"><small>(The opposing Landorus lost <abbr title="−14/382">3.7%</abbr> of its health!)</small><br></div><div class="spacer battle-history"><br></div><div class="battle-history">Tapu Koko went back to Baile Da Colombia!<br></div><div class="battle-history">Go! <strong>Gliscor</strong>!<br></div><div class="spacer battle-history"><br></div><div class="battle-history">The opposing Landorus used <strong>Stealth Rock</strong>!<br></div><div class="battle-history"><small>Pointed stones float in the air around your team!</small><br></div><div class="spacer battle-history"><br></div><div class="battle-history"><small>The sandstorm subsided.</small><br></div><div class="battle-history"><small>The opposing Landorus restored a little HP using its Leftovers!</small><br></div><div class="spacer battle-history"><br></div><h2 class="battle-history">Turn 15</h2><div class="spacer battle-history"><br></div><div class="battle-history">Gliscor used <strong>Stealth Rock</strong>!<br></div><div class="battle-history"><small>Pointed stones float in the air around the opposing team!</small><br></div><div class="spacer battle-history"><br></div><div class="battle-history">The opposing Landorus used <strong>Hidden Power</strong>!<br></div><div class="battle-history"><small>It's super effective!</small><br></div><div class="battle-history"><small>(Gliscor lost <abbr title="−192/352">54.5%</abbr> of its health!)</small><br></div><div class="spacer battle-history"><br></div><div class="battle-history"><small>The opposing Landorus restored a little HP using its Leftovers!</small><br></div><div class="battle-history"><small>[Gliscor's Poison Heal]</small><br><small>Gliscor restored its HP.</small><br></div><div class="spacer battle-history"><br></div><h2 class="battle-history">Turn 16</h2><div class="spacer battle-history"><br></div><div class="battle-history">Gliscor used <strong>Roost</strong>!<br></div><div class="battle-history"><small>Gliscor restored its HP.</small><br></div><div class="spacer battle-history"><br></div><div class="battle-history">The opposing Landorus used <strong>U-turn</strong>!<br></div><div class="battle-history"><small>(Gliscor lost <abbr title="−68/352">19.3%</abbr> of its health!)</small><br></div><div class="spacer battle-history"><br></div><div class="battle-history">The opposing Landorus went back to Lynseoxxx!<br></div><div class="battle-history">Lynseoxxx sent out <strong>Mantine</strong>!<br></div><div class="battle-history"><small>Pointed stones dug into the opposing Mantine!</small><br></div><div class="spacer battle-history"><br></div><div class="battle-history"><small>The opposing Mantine restored a little HP using its Leftovers!</small><br></div><div class="battle-history"><small>[Gliscor's Poison Heal]</small><br><small>Gliscor restored its HP.</small><br></div><div class="spacer battle-history"><br></div><h2 class="battle-history">Turn 17</h2><div class="spacer battle-history"><br></div><div class="battle-history">Gliscor used <strong>U-turn</strong>!<br></div><div class="battle-history"><small>It's not very effective...</small><br></div><div class="battle-history"><small>(The opposing Mantine lost <abbr title="−22/374">5.9%</abbr> of its health!)</small><br></div><div class="spacer battle-history"><br></div><div class="battle-history">Gliscor went back to Baile Da Colombia!<br></div><div class="battle-history">Go! <strong>Tapu Lele</strong>!<br></div><div class="battle-history"><small>Pointed stones dug into Tapu Lele!</small><br></div><div class="battle-history"><small>[Tapu Lele's Psychic Surge]</small><br><small>The battlefield got weird!</small><br></div><div class="spacer battle-history"><br></div><div class="battle-history">The opposing Mantine used <strong>Defog</strong>!<br></div><div class="battle-history"><small>Tapu Lele's evasiveness fell!</small><br></div><div class="battle-history"><small>The pointed stones disappeared from around your team!</small><br></div><div class="battle-history"><small>The pointed stones disappeared from around the opposing team!</small><br></div><div class="spacer battle-history"><br></div><div class="battle-history"><small>The opposing Mantine restored a little HP using its Leftovers!</small><br></div><div class="spacer battle-history"><br></div><h2 class="battle-history">Turn 18</h2><div class="spacer battle-history"><br></div><div class="battle-history">Lynseoxxx withdrew Mantine!<br></div><div class="battle-history">Lynseoxxx sent out <strong>Ferrothorn</strong>!<br></div><div class="spacer battle-history"><br></div><div class="battle-history">Tapu Lele used <strong>Psyshock</strong>!<br></div><div class="battle-history"><small>It's not very effective...</small><br></div><div class="battle-history"><small>(The opposing Ferrothorn lost <abbr title="−120/352">34.1%</abbr> of its health!)</small><br></div><div class="spacer battle-history"><br></div><div class="battle-history"><small>The opposing Ferrothorn restored a little HP using its Leftovers!</small><br></div><div class="spacer battle-history"><br></div><h2 class="battle-history">Turn 19</h2><div class="spacer battle-history"><br></div><div class="battle-history">Lynseoxxx withdrew Ferrothorn!<br></div><div class="battle-history">Lynseoxxx sent out Charizard (<strong>Charizard-Mega-Y</strong>)!<br></div><div class="battle-history"><small>[The opposing Charizard's Drought]</small><br><small>The sunlight turned harsh!</small><br></div><div class="spacer battle-history"><br></div><div class="battle-history">Tapu Lele used <strong>Psyshock</strong>!<br></div><div class="battle-history"><small>(The opposing Charizard lost <abbr title="−262/297">88.2%</abbr> of its health!)</small><br></div><div class="spacer battle-history"><br></div><div class="battle-history">The opposing Charizard fainted!<br></div><div class="spacer battle-history"><br></div><div class="battle-history"><small>(The sunlight is strong!)</small><br></div><div class="chat chatmessage-bailedacolombia"><strong style="color:hsl(347,80%,46.05480619638721%)"><small>☆</small><span class="username" data-name="Baile Da Colombia">Baile Da Colombia</span>:</strong> <em>goat</em></div><div class="chat chatmessage-bailedacolombia"><strong style="color:hsl(347,80%,46.05480619638721%)"><small>☆</small><span class="username" data-name="Baile Da Colombia">Baile Da Colombia</span>:</strong> <em>xd</em></div><div class="chat chatmessage-lynseoxxx"><strong style="color:hsl(123,48%,33%)"><small>☆</small><span class="username" data-name="Lynseoxxx">Lynseoxxx</span>:</strong> <em>:C</em></div><div class="spacer battle-history"><br></div><div class="battle-history">Lynseoxxx sent out <strong>Ferrothorn</strong>!<br></div><div class="spacer battle-history"><br></div><h2 class="battle-history">Turn 20</h2><div class="spacer battle-history"><br></div><div class="battle-history">Tapu Lele, come back!<br></div><div class="battle-history">Go! <strong>Tangrowth</strong>!<br></div><div class="spacer battle-history"><br></div><div class="battle-history">The opposing Ferrothorn used <strong>Spikes</strong>!<br></div><div class="battle-history"><small>Spikes were scattered on the ground all around your team!</small><br></div><div class="spacer battle-history"><br></div><div class="battle-history"><small>(The sunlight is strong!)</small><br></div><div class="battle-history"><small>The opposing Ferrothorn restored a little HP using its Leftovers!</small><br></div><div class="spacer battle-history"><br></div><h2 class="battle-history">Turn 21</h2><div class="spacer battle-history"><br></div><div class="battle-history">Tangrowth used <strong>Knock Off</strong>!<br></div><div class="battle-history"><small>(The opposing Ferrothorn lost <abbr title="−58/352">16.5%</abbr> of its health!)</small><br></div><div class="battle-history"><small>[The opposing Ferrothorn's Iron Barbs]</small><br><small>Tangrowth was hurt!</small><br></div><div class="battle-history"><small>Tangrowth knocked off the opposing Ferrothorn's Leftovers!</small><br></div><div class="spacer battle-history"><br></div><div class="battle-history">The opposing Ferrothorn used <strong>Spikes</strong>!<br></div><div class="battle-history"><small>Spikes were scattered on the ground all around your team!</small><br></div><div class="spacer battle-history"><br></div><div class="battle-history"><small>(The sunlight is strong!)</small><br></div><div class="battle-history"><small>The weirdness disappeared from the battlefield!</small><br></div><div class="spacer battle-history"><br></div><h2 class="battle-history">Turn 22</h2><div class="spacer battle-history"><br></div><div class="battle-history">Tangrowth, come back!<br></div><div class="battle-history">Go! <strong>Gliscor</strong>!<br></div><div class="spacer battle-history"><br></div><div class="battle-history">The opposing Ferrothorn used <strong>Leech Seed</strong>!<br></div><div class="battle-history"><small>Gliscor was seeded!</small><br></div><div class="spacer battle-history"><br></div><div class="battle-history"><small>(The sunlight is strong!)</small><br></div><div class="battle-history"><small>Gliscor's health is sapped by Leech Seed!</small><br></div><div class="battle-history"><small>[Gliscor's Poison Heal]</small><br><small>Gliscor restored its HP.</small><br></div><div class="spacer battle-history"><br></div><h2 class="battle-history">Turn 23</h2><div class="spacer battle-history"><br></div><div class="battle-history">Lynseoxxx withdrew Ferrothorn!<br></div><div class="battle-history">Lynseoxxx sent out <strong>Tapu Koko</strong>!<br></div><div class="battle-history"><small>[The opposing Tapu Koko's Electric Surge]</small><br><small>An electric current runs across the battlefield!</small><br></div><div class="spacer battle-history"><br></div><div class="battle-history">Gliscor used <strong>Stealth Rock</strong>!<br></div><div class="battle-history"><small>Pointed stones float in the air around the opposing team!</small><br></div><div class="spacer battle-history"><br></div><div class="battle-history"><small>The sunlight faded.</small><br></div><div class="battle-history"><small>Gliscor's health is sapped by Leech Seed!</small><br></div><div class="battle-history"><small>[Gliscor's Poison Heal]</small><br><small>Gliscor restored its HP.</small><br></div><div class="spacer battle-history"><br></div><h2 class="battle-history">Turn 24</h2><div class="spacer battle-history"><br></div><div class="battle-history">The opposing Tapu Koko used <strong>Hidden Power</strong>!<br></div><div class="battle-history"><small>It's super effective!</small><br></div><div class="battle-history"><small>(Gliscor lost <abbr title="−244/352">69.3%</abbr> of its health!)</small><br></div><div class="spacer battle-history"><br></div><div class="battle-history">Gliscor used <strong>U-turn</strong>!<br></div><div class="battle-history"><small>It's not very effective...</small><br></div><div class="battle-history"><small>(The opposing Tapu Koko lost <abbr title="−28/281">10.0%</abbr> of its health!)</small><br></div><div class="spacer battle-history"><br></div><div class="battle-history">Gliscor went back to Baile Da Colombia!<br></div><div class="battle-history">Go! <strong>Tapu Lele</strong>!<br></div><div class="battle-history"><small>Tapu Lele is hurt by the spikes!</small><br></div><div class="battle-history"><small>[Tapu Lele's Psychic Surge]</small><br><small>The battlefield got weird!</small><br></div><div class="spacer battle-history"><br></div><h2 class="battle-history">Turn 25</h2><div class="chat chatmessage-lynseoxxx"><strong style="color:hsl(123,48%,33%)"><small>☆</small><span class="username" data-name="Lynseoxxx">Lynseoxxx</span>:</strong> <em>Defog?</em></div><div class="spacer battle-history"><br></div><div class="battle-history">Lynseoxxx withdrew Tapu Koko!<br></div><div class="battle-history">Lynseoxxx sent out <strong>Mantine</strong>!<br></div><div class="battle-history"><small>Pointed stones dug into the opposing Mantine!</small><br></div><div class="spacer battle-history"><br></div><div class="battle-history">Tapu Lele used <strong>Psychic</strong>!<br></div><div class="battle-history"><small>(The opposing Mantine lost <abbr title="−212/374">56.7%</abbr> of its health!)</small><br></div><div class="spacer battle-history"><br></div><div class="battle-history">The opposing Mantine fainted!<br></div><div class="chat chatmessage-bailedacolombia"><strong style="color:hsl(347,80%,46.05480619638721%)"><small>☆</small><span class="username" data-name="Baile Da Colombia">Baile Da Colombia</span>:</strong> <em>scizor</em></div><div class="spacer battle-history"><br></div><div class="battle-history">Lynseoxxx sent out <strong>Ferrothorn</strong>!<br></div><div class="battle-history"><small>Pointed stones dug into the opposing Ferrothorn!</small><br></div><div class="spacer battle-history"><br></div><h2 class="battle-history">Turn 26</h2><div class="spacer battle-history"><br></div><div class="battle-history">Tapu Lele, come back!<br></div><div class="battle-history">Go! <strong>Tangrowth</strong>!<br></div><div class="battle-history"><small>Tangrowth is hurt by the spikes!</small><br></div><div class="spacer battle-history"><br></div><div class="battle-history">The opposing Ferrothorn used <strong>Power Whip</strong>!<br></div><div class="battle-history"><small>It's not very effective...</small><br></div><div class="battle-history"><small>(Tangrowth lost <abbr title="−58/403">14.4%</abbr> of its health!)</small><br></div><div class="spacer battle-history"><br></div><h2 class="battle-history">Turn 27</h2><div class="spacer battle-history"><br></div><div class="battle-history">Tangrowth used <strong>Earthquake</strong>!<br></div><div class="battle-history"><small>A critical hit!</small><br></div><div class="battle-history"><small>(The opposing Ferrothorn lost <abbr title="−85/352">24.1%</abbr> of its health!)</small><br></div><div class="spacer battle-history"><br></div><div class="battle-history">The opposing Ferrothorn used <strong>Spikes</strong>!<br></div><div class="battle-history"><small>Spikes were scattered on the ground all around your team!</small><br></div><div class="spacer battle-history"><br></div><h2 class="battle-history">Turn 28</h2><div class="spacer battle-history"><br></div><div class="battle-history">Lynseoxxx withdrew Ferrothorn!<br></div><div class="battle-history">Lynseoxxx sent out Landorus (<strong>Landorus-Therian</strong>)!<br></div><div class="battle-history"><small>Pointed stones dug into the opposing Landorus!</small><br></div><div class="battle-history"><small>[The opposing Landorus's Intimidate]</small><br></div><div class="battle-history"><small>Tangrowth's Attack fell!</small><br></div><div class="spacer battle-history"><br></div><div class="battle-history">Tangrowth used <strong>Earthquake</strong>!<br></div><div class="battle-history"><small>It doesn't affect the opposing Landorus...</small><br></div><div class="spacer battle-history"><br></div><div class="battle-history"><small>The opposing Landorus restored a little HP using its Leftovers!</small><br></div><div class="battle-history"><small>The weirdness disappeared from the battlefield!</small><br></div><div class="spacer battle-history"><br></div><h2 class="battle-history">Turn 29</h2><div class="spacer battle-history"><br></div><div class="battle-history">The opposing Landorus used <strong>U-turn</strong>!<br></div><div class="battle-history"><small>It's super effective!</small><br></div><div class="battle-history"><small>(Tangrowth lost <abbr title="−118/403">29.3%</abbr> of its health!)</small><br></div><div class="spacer battle-history"><br></div><div class="battle-history">The opposing Landorus went back to Lynseoxxx!<br></div><div class="battle-history">Lynseoxxx sent out <strong>Ferrothorn</strong>!<br></div><div class="battle-history"><small>Pointed stones dug into the opposing Ferrothorn!</small><br></div><div class="spacer battle-history"><br></div><div class="battle-history">Tangrowth used <strong>Knock Off</strong>!<br></div><div class="battle-history"><small>(The opposing Ferrothorn lost <abbr title="−25/352">7.1%</abbr> of its health!)</small><br></div><div class="battle-history"><small>[The opposing Ferrothorn's Iron Barbs]</small><br><small>Tangrowth was hurt!</small><br></div><div class="spacer battle-history"><br></div><h2 class="battle-history">Turn 30</h2><div class="spacer battle-history"><br></div><div class="battle-history">Tangrowth, come back!<br></div><div class="battle-history">Go! <strong>Gliscor</strong>!<br></div><div class="spacer battle-history"><br></div><div class="battle-history">Lynseoxxx withdrew Ferrothorn!<br></div><div class="battle-history">Lynseoxxx sent out Landorus (<strong>Landorus-Therian</strong>)!<br></div><div class="battle-history"><small>Pointed stones dug into the opposing Landorus!</small><br></div><div class="battle-history"><small>[The opposing Landorus's Intimidate]</small><br></div><div class="battle-history"><small>Gliscor's Attack fell!</small><br></div><div class="spacer battle-history"><br></div><div class="battle-history"><small>The opposing Landorus restored a little HP using its Leftovers!</small><br></div><div class="battle-history"><small>[Gliscor's Poison Heal]</small><br><small>Gliscor restored its HP.</small><br></div><div class="spacer battle-history"><br></div><h2 class="battle-history">Turn 31</h2><div class="spacer battle-history"><br></div><div class="battle-history">Gliscor used <strong>Roost</strong>!<br></div><div class="battle-history"><small>Gliscor restored its HP.</small><br></div><div class="spacer battle-history"><br></div><div class="battle-history">The opposing Landorus used <strong>U-turn</strong>!<br></div><div class="battle-history"><small>(Gliscor lost <abbr title="−61/352">17.3%</abbr> of its health!)</small><br></div><div class="spacer battle-history"><br></div><div class="battle-history">The opposing Landorus went back to Lynseoxxx!<br></div><div class="battle-history">Lynseoxxx sent out <strong>Tapu Koko</strong>!<br></div><div class="battle-history"><small>Pointed stones dug into the opposing Tapu Koko!</small><br></div><div class="battle-history"><small>[The opposing Tapu Koko's Electric Surge]</small><br><small>An electric current runs across the battlefield!</small><br></div><div class="spacer battle-history"><br></div><div class="battle-history"><small>[Gliscor's Poison Heal]</small><br><small>Gliscor restored its HP.</small><br></div><div class="spacer battle-history"><br></div><h2 class="battle-history">Turn 32</h2><div class="spacer battle-history"><br></div><div class="battle-history">The opposing Tapu Koko used <strong>Thunderbolt</strong>!<br></div><div class="battle-history"><small>It doesn't affect Gliscor...</small><br></div><div class="spacer battle-history"><br></div><div class="battle-history">Gliscor used <strong>U-turn</strong>!<br></div><div class="battle-history"><small>It's not very effective...</small><br></div><div class="battle-history"><small>(The opposing Tapu Koko lost <abbr title="−21/281">7.5%</abbr> of its health!)</small><br></div><div class="spacer battle-history"><br></div><div class="battle-history">Gliscor went back to Baile Da Colombia!<br></div><div class="battle-history">Go! <strong>Tangrowth</strong>!<br></div><div class="battle-history"><small>Tangrowth is hurt by the spikes!</small><br></div><div class="spacer battle-history"><br></div><h2 class="battle-history">Turn 33</h2><div class="spacer battle-history"><br></div><div class="battle-history">The opposing Tapu Koko used <strong>Hidden Power</strong>!<br></div><div class="battle-history"><small>It's super effective!</small><br></div><div class="battle-history"><small>(Tangrowth lost <abbr title="−86/403">21.3%</abbr> of its health!)</small><br></div><div class="spacer battle-history"><br></div><div class="battle-history">Tangrowth used <strong>Giga Drain</strong>!<br></div><div class="battle-history"><small>(The opposing Tapu Koko lost <abbr title="−123/281">43.8%</abbr> of its health!)</small><br></div><div class="battle-history"><small>The opposing Tapu Koko had its energy drained!</small><br></div><div class="spacer battle-history"><br></div><h2 class="battle-history">Turn 34</h2><div class="spacer battle-history"><br></div><div class="battle-history"><small>The opposing Tapu Koko surrounded itself with its Z-Power!</small><br></div><div class="spacer battle-history"><br></div><div class="battle-history">The opposing Tapu Koko used <strong>Gigavolt Havoc</strong>!<br></div><div class="battle-history"><small>It's not very effective...</small><br></div><div class="battle-history"><small>(Tangrowth lost <abbr title="−120/403">29.8%</abbr> of its health!)</small><br></div><div class="spacer battle-history"><br></div><div class="battle-history">Tangrowth fainted!<br></div><div class="chat chatmessage-lynseoxxx"><strong style="color:hsl(123,48%,33%)"><small>☆</small><span class="username" data-name="Lynseoxxx">Lynseoxxx</span>:</strong> <em>xD</em></div><div class="spacer battle-history"><br></div><div class="battle-history">Go! <strong>Tapu Koko</strong>!<br></div><div class="battle-history"><small>Tapu Koko is hurt by the spikes!</small><br></div><div class="spacer battle-history"><br></div><h2 class="battle-history">Turn 35</h2><div class="spacer battle-history"><br></div><div class="battle-history">Lynseoxxx withdrew Tapu Koko!<br></div><div class="battle-history">Lynseoxxx sent out <strong>Ferrothorn</strong>!<br></div><div class="battle-history"><small>Pointed stones dug into the opposing Ferrothorn!</small><br></div><div class="spacer battle-history"><br></div><div class="battle-history">Tapu Koko used <strong>Roost</strong>!<br></div><div class="battle-history"><small>Tapu Koko restored its HP.</small><br></div><div class="spacer battle-history"><br></div><div class="battle-history"><small>Tapu Koko restored a little HP using its Leftovers!</small><br></div><div class="battle-history"><small>The electricity disappeared from the battlefield.</small><br></div><div class="spacer battle-history"><br></div><h2 class="battle-history">Turn 36</h2><div class="spacer battle-history"><br></div><div class="battle-history">Lynseoxxx withdrew Ferrothorn!<br></div><div class="battle-history">Lynseoxxx sent out Landorus (<strong>Landorus-Therian</strong>)!<br></div><div class="battle-history"><small>Pointed stones dug into the opposing Landorus!</small><br></div><div class="battle-history"><small>[The opposing Landorus's Intimidate]</small><br></div><div class="battle-history"><small>Tapu Koko's Attack fell!</small><br></div><div class="spacer battle-history"><br></div><div class="battle-history">Tapu Koko used <strong>Hidden Power</strong>!<br></div><div class="battle-history"><small>(The opposing Landorus lost <abbr title="−74/382">19.4%</abbr> of its health!)</small><br></div><div class="spacer battle-history"><br></div><div class="battle-history"><small>Tapu Koko restored a little HP using its Leftovers!</small><br></div><div class="battle-history"><small>The opposing Landorus restored a little HP using its Leftovers!</small><br></div><div class="spacer battle-history"><br></div><h2 class="battle-history">Turn 37</h2><div class="chat chatmessage-lynseoxxx"><strong style="color:hsl(123,48%,33%)"><small>☆</small><span class="username" data-name="Lynseoxxx">Lynseoxxx</span>:</strong> <em>?</em></div><div class="chat chatmessage-bailedacolombia"><strong style="color:hsl(347,80%,46.05480619638721%)"><small>☆</small><span class="username" data-name="Baile Da Colombia">Baile Da Colombia</span>:</strong> <em>hp fire</em></div><div class="chat chatmessage-lynseoxxx"><strong style="color:hsl(123,48%,33%)"><small>☆</small><span class="username" data-name="Lynseoxxx">Lynseoxxx</span>:</strong> <em>yep</em></div><div class="spacer battle-history"><br></div><div class="battle-history">Tapu Koko used <strong>U-turn</strong>!<br></div><div class="battle-history"><small>It's not very effective...</small><br></div><div class="battle-history"><small>(The opposing Landorus lost <abbr title="−14/382">3.7%</abbr> of its health!)</small><br></div><div class="spacer battle-history"><br></div><div class="battle-history">Tapu Koko went back to Baile Da Colombia!<br></div><div class="battle-history">Go! <strong>Gliscor</strong>!<br></div><div class="spacer battle-history"><br></div><div class="battle-history">The opposing Landorus used <strong>Earthquake</strong>!<br></div><div class="battle-history"><small>It doesn't affect Gliscor...</small><br></div><div class="spacer battle-history"><br></div><div class="battle-history"><small>The opposing Landorus restored a little HP using its Leftovers!</small><br></div><div class="battle-history"><small>[Gliscor's Poison Heal]</small><br><small>Gliscor restored its HP.</small><br></div><div class="spacer battle-history"><br></div><h2 class="battle-history">Turn 38</h2><div class="spacer battle-history"><br></div><div class="battle-history">Gliscor used <strong>Earthquake</strong>!<br></div><div class="battle-history"><small>It doesn't affect the opposing Landorus...</small><br></div><div class="spacer battle-history"><br></div><div class="battle-history">The opposing Landorus used <strong>Stealth Rock</strong>!<br></div><div class="battle-history"><small>Pointed stones float in the air around your team!</small><br></div><div class="spacer battle-history"><br></div><div class="battle-history"><small>The opposing Landorus restored a little HP using its Leftovers!</small><br></div><div class="battle-history"><small>[Gliscor's Poison Heal]</small><br><small>Gliscor restored its HP.</small><br></div><div class="spacer battle-history"><br></div><h2 class="battle-history">Turn 39</h2><div class="spacer battle-history"><br></div><div class="battle-history">Gliscor used <strong>Earthquake</strong>!<br></div><div class="battle-history"><small>It doesn't affect the opposing Landorus...</small><br></div><div class="spacer battle-history"><br></div><div class="battle-history">The opposing Landorus used <strong>Hidden Power</strong>!<br></div><div class="battle-history"><small>It's super effective!</small><br></div><div class="battle-history"><small>(Gliscor lost <abbr title="−208/352">59.1%</abbr> of its health!)</small><br></div><div class="spacer battle-history"><br></div><div class="battle-history"><small>The opposing Landorus restored a little HP using its Leftovers!</small><br></div><div class="battle-history"><small>[Gliscor's Poison Heal]</small><br><small>Gliscor restored its HP.</small><br></div><div class="spacer battle-history"><br></div><h2 class="battle-history">Turn 40</h2><div class="spacer battle-history"><br></div><div class="battle-history">Gliscor used <strong>Earthquake</strong>!<br></div><div class="battle-history"><small>It doesn't affect the opposing Landorus...</small><br></div><div class="spacer battle-history"><br></div><div class="battle-history">The opposing Landorus used <strong>Hidden Power</strong>!<br></div><div class="battle-history"><small>It's super effective!</small><br></div><div class="battle-history"><small>(Gliscor lost <abbr title="−188/352">53.4%</abbr> of its health!)</small><br></div><div class="spacer battle-history"><br></div><div class="battle-history">Gliscor fainted!<br></div><div class="spacer battle-history"><br></div><div class="battle-history"><small>The opposing Landorus restored a little HP using its Leftovers!</small><br></div><div class="spacer battle-history"><br></div><div class="battle-history">Go! <strong>Greninja</strong>!<br></div><div class="battle-history"><small>Greninja is hurt by the spikes!</small><br></div><div class="battle-history"><small>Pointed stones dug into Greninja!</small><br></div><div class="spacer battle-history"><br></div><h2 class="battle-history">Turn 41</h2><div class="spacer battle-history"><br></div><div class="battle-history">Lynseoxxx withdrew Landorus!<br></div><div class="battle-history">Lynseoxxx sent out <strong>Ferrothorn</strong>!<br></div><div class="battle-history"><small>Pointed stones dug into the opposing Ferrothorn!</small><br></div><div class="spacer battle-history"><br></div><div class="battle-history">Greninja used <strong>Ice Beam</strong>!<br></div><div class="spacer battle-history"><br></div><div class="battle-history"><small>[Greninja's Protean]</small><br><small>Greninja transformed into the Ice type!</small><br></div><div class="battle-history"><small>(The opposing Ferrothorn lost <abbr title="−64/352">18.2%</abbr> of its health!)</small><br></div><div class="spacer battle-history"><br></div><div class="battle-history">The opposing Ferrothorn fainted!<br></div><div class="spacer battle-history"><br></div><div class="battle-history">Lynseoxxx sent out <strong>Tapu Koko</strong>!<br></div><div class="battle-history"><small>Pointed stones dug into the opposing Tapu Koko!</small><br></div><div class="battle-history"><small>[The opposing Tapu Koko's Electric Surge]</small><br><small>An electric current runs across the battlefield!</small><br></div><div class="spacer battle-history"><br></div><h2 class="battle-history">Turn 42</h2><div class="spacer battle-history"><br></div><div class="battle-history">Greninja, come back!<br></div><div class="battle-history">Go! <strong>Tapu Lele</strong>!<br></div><div class="battle-history"><small>Tapu Lele is hurt by the spikes!</small><br></div><div class="battle-history"><small>Pointed stones dug into Tapu Lele!</small><br></div><div class="battle-history"><small>[Tapu Lele's Psychic Surge]</small><br><small>The battlefield got weird!</small><br></div><div class="spacer battle-history"><br></div><div class="battle-history">The opposing Tapu Koko used <strong>U-turn</strong>!<br></div><div class="battle-history"><small>A critical hit!</small><br></div><div class="battle-history"><small>(Tapu Lele lost <abbr title="−78/282">27.7%</abbr> of its health!)</small><br></div><div class="spacer battle-history"><br></div><div class="battle-history">Tapu Lele fainted!<br></div><div class="spacer battle-history"><br></div><div class="battle-history">The opposing Tapu Koko went back to Lynseoxxx!<br></div><div class="battle-history">Lynseoxxx sent out Landorus (<strong>Landorus-Therian</strong>)!<br></div><div class="battle-history"><small>Pointed stones dug into the opposing Landorus!</small><br></div><div class="spacer battle-history"><br></div><div class="battle-history"><small>The opposing Landorus restored a little HP using its Leftovers!</small><br></div><div class="spacer battle-history"><br></div><div class="battle-history">Go! <strong>Greninja</strong>!<br></div><div class="battle-history"><small>Greninja is hurt by the spikes!</small><br></div><div class="battle-history"><small>Pointed stones dug into Greninja!</small><br></div><div class="spacer battle-history"><br></div><h2 class="battle-history">Turn 43</h2><div class="spacer battle-history"><br></div><div class="battle-history"><small>Greninja surrounded itself with its Z-Power!</small><br></div><div class="spacer battle-history"><br></div><div class="battle-history">Greninja used <strong>Hydro Vortex</strong>!<br></div><div class="spacer battle-history"><br></div><div class="battle-history"><small>[Greninja's Protean]</small><br><small>Greninja transformed into the Water type!</small><br></div><div class="battle-history"><small>It's super effective!</small><br></div><div class="battle-history"><small>(The opposing Landorus lost <abbr title="−290/382">75.9%</abbr> of its health!)</small><br></div><div class="spacer battle-history"><br></div><div class="battle-history">The opposing Landorus fainted!<br></div><div class="spacer battle-history"><br></div><div class="battle-history">Lynseoxxx sent out <strong>Tapu Koko</strong>!<br></div><div class="battle-history"><small>Pointed stones dug into the opposing Tapu Koko!</small><br></div><div class="battle-history"><small>[The opposing Tapu Koko's Electric Surge]</small><br><small>An electric current runs across the battlefield!</small><br></div><div class="spacer battle-history"><br></div><h2 class="battle-history">Turn 44</h2><div class="spacer battle-history"><br></div><div class="battle-history">The opposing Tapu Koko used <strong>Thunderbolt</strong>!<br></div><div class="battle-history"><small>It's super effective!</small><br></div><div class="battle-history"><small>(Greninja lost <abbr title="−73/285">25.6%</abbr> of its health!)</small><br></div><div class="spacer battle-history"><br></div><div class="battle-history">Greninja fainted!<br></div><div class="spacer battle-history"><br></div><div class="battle-history">Go! <strong>Tapu Koko</strong>!<br></div><div class="battle-history"><small>Pointed stones dug into Tapu Koko!</small><br></div><div class="battle-history"><small>Tapu Koko is hurt by the spikes!</small><br></div><div class="spacer battle-history"><br></div><h2 class="battle-history">Turn 45</h2><div class="spacer battle-history"><br></div><div class="battle-history">The opposing Tapu Koko used <strong>Roost</strong>!<br></div><div class="battle-history"><small>The opposing Tapu Koko restored its HP.</small><br></div><div class="spacer battle-history"><br></div><div class="battle-history">Tapu Koko used <strong>U-turn</strong>!<br></div><div class="battle-history"><small>It's not very effective...</small><br></div><div class="battle-history"><small>(The opposing Tapu Koko lost <abbr title="−29/281">10.3%</abbr> of its health!)</small><br></div><div class="spacer battle-history"><br></div><div class="battle-history"><small>Tapu Koko restored a little HP using its Leftovers!</small><br></div><div class="spacer battle-history"><br></div><h2 class="battle-history">Turn 46</h2><div class="spacer battle-history"><br></div><div class="battle-history">The opposing Tapu Koko used <strong>Thunderbolt</strong>!<br></div><div class="battle-history"><small>It's not very effective...</small><br></div><div class="battle-history"><small>(Tapu Koko lost <abbr title="−125/282">44.3%</abbr> of its health!)</small><br></div><div class="spacer battle-history"><br></div><div class="battle-history">Tapu Koko used <strong>Thunderbolt</strong>!<br></div><div class="battle-history"><small>It's not very effective...</small><br></div><div class="battle-history"><small>(The opposing Tapu Koko lost <abbr title="−116/281">41.3%</abbr> of its health!)</small><br></div><div class="spacer battle-history"><br></div><div class="battle-history">The opposing Tapu Koko fainted!<br></div><div class="spacer battle-history"><br></div><div class="battle-history"><strong>Baile Da Colombia</strong> won the battle!<br></div><div class="chat chatmessage-bailedacolombia"><strong style="color:hsl(347,80%,46.05480619638721%)"><small>☆</small><span class="username" data-name="Baile Da Colombia">Baile Da Colombia</span>:</strong> <em>gg lol</em></div><div class="chat chatmessage-lynseoxxx"><strong style="color:hsl(123,48%,33%)"><small>☆</small><span class="username" data-name="Lynseoxxx">Lynseoxxx</span>:</strong> <em>gg</em></div><div class="chat chatmessage-lynseoxxx"><strong style="color:hsl(123,48%,33%)"><small>☆</small><span class="username" data-name="Lynseoxxx">Lynseoxxx</span>:</strong> <em>:/</em></div><div class="chat chatmessage-bailedacolombia"><strong style="color:hsl(347,80%,46.05480619638721%)"><small>☆</small><span class="username" data-name="Baile Da Colombia">Baile Da Colombia</span>:</strong> <em>fun one</em></div><div class="chat chatmessage-bailedacolombia"><strong style="color:hsl(347,80%,46.05480619638721%)"><small>☆</small><span class="username" data-name="Baile Da Colombia">Baile Da Colombia</span>:</strong> <em>xd</em></div></div><div class="inner-preempt"></div></div></div>
</div>
<script>
let daily = Math.floor(Date.now()/1000/60/60/24);document.write('<script src="https://play.pokemonshowdown.com/js/replay-embed.js?version'+daily+'"></'+'script>');
</script>
