<!DOCTYPE html>
<meta charset="utf-8" />
<!-- version 1 -->
<title>OU replay: Just4Funn2♕ vs. pablocano</title>
<style>
html,body {font-family:Verdana, sans-serif;font-size:10pt;margin:0;padding:0;}body{padding:12px 0;} .battle-log {font-family:Verdana, sans-serif;font-size:10pt;} .battle-log-inline {border:1px solid #AAAAAA;background:#EEF2F5;color:black;max-width:640px;margin:0 auto 80px;padding-bottom:5px;} .battle-log .inner {padding:4px 8px 0px 8px;} .battle-log .inner-preempt {padding:0 8px 4px 8px;} .battle-log .inner-after {margin-top:0.5em;} .battle-log h2 {margin:0.5em -8px;padding:4px 8px;border:1px solid #AAAAAA;background:#E0E7EA;border-left:0;border-right:0;font-family:Verdana, sans-serif;font-size:13pt;} .battle-log .chat {vertical-align:middle;padding:3px 0 3px 0;font-size:8pt;} .battle-log .chat strong {color:#40576A;} .battle-log .chat em {padding:1px 4px 1px 3px;color:#000000;font-style:normal;} .chat.mine {background:rgba(0,0,0,0.05);margin-left:-8px;margin-right:-8px;padding-left:8px;padding-right:8px;} .spoiler {color:#BBBBBB;background:#BBBBBB;padding:0px 3px;} .spoiler:hover, .spoiler:active, .spoiler-shown {color:#000000;background:#E2E2E2;padding:0px 3px;} .spoiler a {color:#BBBBBB;} .spoiler:hover a, .spoiler:active a, .spoiler-shown a {color:#2288CC;} .chat code, .chat .spoiler:hover code, .chat .spoiler:active code, .chat .spoiler-shown code {border:1px solid #C0C0C0;background:#EEEEEE;color:black;padding:0 2px;} .chat .spoiler code {border:1px solid #CCCCCC;background:#CCCCCC;color:#CCCCCC;} .battle-log .rated {padding:3px 4px;} .battle-log .rated strong {color:white;background:#89A;padding:1px 4px;border-radius:4px;} .spacer {margin-top:0.5em;} .message-announce {background:#6688AA;color:white;padding:1px 4px 2px;} .message-announce a, .broadcast-green a, .broadcast-blue a, .broadcast-red a {color:#DDEEFF;} .broadcast-green {background-color:#559955;color:white;padding:2px 4px;} .broadcast-blue {background-color:#6688AA;color:white;padding:2px 4px;} .infobox {border:1px solid #6688AA;padding:2px 4px;} .infobox-limited {max-height:200px;overflow:auto;overflow-x:hidden;} .broadcast-red {background-color:#AA5544;color:white;padding:2px 4px;} .message-learn-canlearn {font-weight:bold;color:#228822;text-decoration:underline;} .message-learn-cannotlearn {font-weight:bold;color:#CC2222;text-decoration:underline;} .message-effect-weak {font-weight:bold;color:#CC2222;} .message-effect-resist {font-weight:bold;color:#6688AA;} .message-effect-immune {font-weight:bold;color:#666666;} .message-learn-list {margin-top:0;margin-bottom:0;} .message-throttle-notice, .message-error {color:#992222;} .message-overflow, .chat small.message-overflow {font-size:0pt;} .message-overflow::before {font-size:9pt;content:'...';} .subtle {color:#3A4A66;}
</style>
<div class="wrapper replay-wrapper" style="max-width:1180px;margin:0 auto">
<input type="hidden" name="replayid" value="destiny-ou-494759" />
<div class="battle"></div><div class="battle-log"></div><div class="replay-controls"></div><div class="replay-controls-2"></div>
<h1 style="font-weight:normal;text-align:center"><strong>OU</strong><br /><a href="http://pokemonshowdown.com/users/just4funn2" class="subtle" target="_blank">Just4Funn2♕</a> vs. <a href="http://pokemonshowdown.com/users/pablocano" class="subtle" target="_blank">pablocano</a></h1>
<script type="text/plain" class="battle-log-data">|unlink|||tour
|player|p1|Just4Funn2♕|#teamrocket
|teamsize|p1|6
|player|p2|pablocano|153
|teamsize|p2|6
|teamsize|p1|6
|teamsize|p2|6
|gametype|singles
|gen|7
|tier|OU
|seed|28340,45024,45887,41347
|rule|Cláusula-Mod de Dormir: solo puedes dormir a uno de tus oponentes a la vez.
|rule|Cláusula de Especie: Hasta un Pokémon de cada especie
|rule|Cláusula de Golpe Fulminante: los movimientos fulminantes (OHKO) estan prohibidos
|rule|Cláusula de Veleta: la habilidad Veleta está prohibida
|rule|Cláusula de Movimientos Evasivos: los movimientos de Evasión están prohibidos.
|rule|Cláusula de Batallas Eternas: forzar batallas eternas está prohibido
|clearpoke
|poke|p1|Venusaur, F|item
|poke|p1|Chansey, F|item
|poke|p1|Bisharp, M|item
|poke|p1|Keldeo|item
|poke|p1|Heatran, F|item
|poke|p1|Skarmory, M|item
|poke|p2|Altaria, M|item
|poke|p2|Volcarona, M|item
|poke|p2|Gliscor, F|item
|poke|p2|Ferrothorn, F|item
|poke|p2|Slowbro, F|item
|poke|p2|Tyranitar, F|item
|teampreview|undefined
|choice|*team 523416|*
|choice|*team 423156|*
|choice|*|*team 321456
|choice|team 4, 2, 3, 1, 5, 6|team 3, 2, 1, 4, 5, 6
|
|start
|switch|p1a: Keldeo|Keldeo|356\/356
|switch|p2a: Gliscor|Gliscor, F|354\/354
|turn|1
|choice|*move 2|*
|choice|*|*switch 5
|choice|*move 2|*
|choice|move scald|switch 5
|
|switch|p2a: Slowbro|Slowbro, F|394\/394
|move|p1a: Keldeo|Scald|p2a: Slowbro
|-resisted|p2a: Slowbro
|-damage|p2a: Slowbro|314\/394
|
|-heal|p2a: Slowbro|338\/394|[from] item: Leftovers
|upkeep
|turn|2
|choice|*|*move 3
|choice|*switch 3|*
|choice|switch 3|move thunderwave
|
|switch|p1a: Bisharp|Bisharp, M|271\/271
|move|p2a: Slowbro|Thunder Wave|p1a: Bisharp
|-status|p1a: Bisharp|par
|
|-heal|p2a: Slowbro|362\/394|[from] item: Leftovers
|upkeep
|turn|3
|choice|*move 2|*
|choice|*move 2|*
|choice|*|*switch 2
|choice|move knockoff|switch 2
|
|switch|p2a: Volcarona|Volcarona, M|311\/311
|move|p1a: Bisharp|Knock Off|p2a: Volcarona
|-damage|p2a: Volcarona|103\/311
|
|upkeep
|turn|4
|choice|*move 3|*
|choice|*switch 5|*
|choice|*|*move 1
|choice|switch 5|move quiverdance
|
|switch|p1a: Heatran|Heatran, F|323\/323
|move|p2a: Volcarona|Quiver Dance|p2a: Volcarona
|-boost|p2a: Volcarona|spa|1
|-boost|p2a: Volcarona|spd|1
|-boost|p2a: Volcarona|spe|1
|
|upkeep
|turn|5
|choice|*move 1|*
|choice|*|*switch 6
|choice|move earthpower|switch 6
|
|switch|p2a: Tyranitar|Tyranitar, F|343\/343
|-weather|Sandstorm|[from] ability: Sand Stream|[of] p2a: Tyranitar
|move|p1a: Heatran|Earth Power|p2a: Tyranitar
|-supereffective|p2a: Tyranitar
|-damage|p2a: Tyranitar|207\/343
|
|-weather|Sandstorm|[upkeep]
|upkeep
|turn|6
|choice|*move 3 zmove|*
|choice|*|*move 4
|choice|move flashcannon zmove|move earthquake
|
|-zpower|p1a: Heatran
|move|p1a: Heatran|Corkscrew Crash|p2a: Tyranitar|[zeffect]
|-supereffective|p2a: Tyranitar
|-damage|p2a: Tyranitar|0 fnt
|faint|p2a: Tyranitar
|
|-weather|Sandstorm|[upkeep]
|upkeep
|choice|*|*switch 5
|choice||switch 5
|
|switch|p2a: Gliscor|Gliscor, F|354\/354
|turn|7
|choice|*|*move 2
|choice|*switch 4|*
|choice|switch 4|move knockoff
|
|switch|p1a: Venusaur|Venusaur, F|364\/364
|move|p2a: Gliscor|Knock Off|p1a: Venusaur
|-damage|p1a: Venusaur|323\/364
|
|-weather|Sandstorm|[upkeep]
|-damage|p1a: Venusaur|301\/364|[from] sandstorm
|-status|p2a: Gliscor|tox|[from] item: Toxic Orb
|upkeep
|turn|8
|choice|*move 2 mega|*
|choice|*move 2 mega|*
|choice|*|*switch 6
|choice|move gigadrain mega|switch 6
|
|switch|p2a: Volcarona|Volcarona, M|103\/311
|-mega|p1a: Venusaur|Venusaur|Venusaurite
|detailschange|p1a: Venusaur|Venusaur-Mega, F
|move|p1a: Venusaur|Giga Drain|p2a: Volcarona
|-resisted|p2a: Volcarona
|-damage|p2a: Volcarona|79\/311
|-heal|p1a: Venusaur|313\/364|[from] drain|[of] p2a: Volcarona
|
|-weather|Sandstorm|[upkeep]
|-damage|p2a: Volcarona|60\/311|[from] sandstorm
|-damage|p1a: Venusaur|291\/364|[from] sandstorm
|upkeep
|turn|9
|choice|*|*move 1
|choice|*move 3|*
|choice|move sludgebomb|move quiverdance
|
|move|p2a: Volcarona|Quiver Dance|p2a: Volcarona
|-boost|p2a: Volcarona|spa|1
|-boost|p2a: Volcarona|spd|1
|-boost|p2a: Volcarona|spe|1
|move|p1a: Venusaur|Sludge Bomb|p2a: Volcarona
|-damage|p2a: Volcarona|0 fnt
|faint|p2a: Volcarona
|
|-weather|none
|upkeep
|choice|*|*switch 2
|choice||switch 2
|
|switch|p2a: Slowbro|Slowbro, F|394\/394
|turn|10
|choice|*|*move 3
|choice|*move 1|*
|choice|move leechseed|move thunderwave
|
|move|p1a: Venusaur|Leech Seed|p2a: Slowbro
|-start|p2a: Slowbro|move: Leech Seed
|move|p2a: Slowbro|Thunder Wave|p1a: Venusaur
|-status|p1a: Venusaur|par
|
|-damage|p2a: Slowbro|345\/394|[from] Leech Seed|[of] p1a: Venusaur
|-heal|p1a: Venusaur|340\/364 par|[silent]
|upkeep
|turn|11
|choice|*move 2|*
|choice|*switch 4|*
|choice|*switch 4|*
|choice|*|*switch 3
|choice|switch 4|switch 3
|
|switch|p1a: Heatran|Heatran, F|323\/323
|switch|p2a: Altaria|Altaria, M|353\/353
|-ability|p2a: Altaria|Cloud Nine
|
|upkeep
|turn|12
|choice|*move 3|*
|choice|*|*switch 6
|choice|move flashcannon|switch 6
|
|switch|p2a: Gliscor|Gliscor, F|354\/354 tox
|move|p1a: Heatran|Flash Cannon|p2a: Gliscor
|-damage|p2a: Gliscor|168\/354 tox
|
|-heal|p2a: Gliscor|212\/354 tox|[from] ability: Poison Heal
|upkeep
|turn|13
|choice|*|*move 1
|choice|*switch 3|*
|choice|switch 3|move roost
|
|switch|p1a: Keldeo|Keldeo|356\/356
|move|p2a: Gliscor|Roost|p2a: Gliscor
|-heal|p2a: Gliscor|354\/354 tox
|
|upkeep
|turn|14
|choice|*|*switch 6
|choice|*switch 5|*
|choice|switch 5|switch 6
|
|switch|p1a: Bisharp|Bisharp, M|271\/271 par
|switch|p2a: Altaria|Altaria, M|353\/353
|-ability|p2a: Altaria|Cloud Nine
|
|upkeep
|turn|15
|choice|*move 4|*
|choice|*switch 3|*
|choice|*move 4|*
|choice|*|*switch 4
|choice|move ironhead|switch 4
|
|switch|p2a: Ferrothorn|Ferrothorn, F|352\/352
|move|p1a: Bisharp|Iron Head|p2a: Ferrothorn
|-resisted|p2a: Ferrothorn
|-damage|p2a: Ferrothorn|304\/352
|-damage|p1a: Bisharp|238\/271 par|[from] ability: Iron Barbs|[of] p2a: Ferrothorn
|
|-heal|p2a: Ferrothorn|326\/352|[from] item: Leftovers
|upkeep
|turn|16
|choice|*|*move 1
|choice|*move 2|*
|choice|move knockoff|move spikes
|
|move|p1a: Bisharp|Knock Off|p2a: Ferrothorn
|-damage|p2a: Ferrothorn|182\/352
|-damage|p1a: Bisharp|205\/271 par|[from] ability: Iron Barbs|[of] p2a: Ferrothorn
|-enditem|p2a: Ferrothorn|Leftovers|[from] move: Knock Off|[of] p1a: Bisharp
|move|p2a: Ferrothorn|Spikes|p1a: Bisharp
|-sidestart|p1: Just4Funn2♕|Spikes
|
|upkeep
|turn|17
|choice|*switch 3|*
|choice|*|*move 2
|choice|*switch 5|*
|choice|switch 5|move leechseed
|
|switch|p1a: Keldeo|Keldeo|356\/356
|-damage|p1a: Keldeo|312\/356|[from] Spikes
|move|p2a: Ferrothorn|Leech Seed|p1a: Keldeo|[miss]
|-miss|p2a: Ferrothorn|p1a: Keldeo
|
|-heal|p1a: Keldeo|334\/356|[from] item: Leftovers
|upkeep
|turn|18
|choice|*move 3|*
|choice|*move 3|*
|choice|*|*move 3
|choice|move secretsword|move protect
|
|move|p2a: Ferrothorn|Protect|p2a: Ferrothorn
|-singleturn|p2a: Ferrothorn|Protect
|move|p1a: Keldeo|Secret Sword|p2a: Ferrothorn
|-activate|p2a: Ferrothorn|move: Protect
|
|-heal|p1a: Keldeo|356\/356|[from] item: Leftovers
|upkeep
|turn|19
|choice|*move 2|*
|choice|*move 2|*
|choice|*|*switch 6
|choice|move scald|switch 6
|
|switch|p2a: Gliscor|Gliscor, F|354\/354 tox
|move|p1a: Keldeo|Scald|p2a: Gliscor
|-supereffective|p2a: Gliscor
|-damage|p2a: Gliscor|6\/354 tox
|
|-heal|p2a: Gliscor|50\/354 tox|[from] ability: Poison Heal
|upkeep
|turn|20
|choice|*move 2|*
|choice|*|*switch 4
|choice|move scald|switch 4
|
|switch|p2a: Altaria|Altaria, M|353\/353
|-ability|p2a: Altaria|Cloud Nine
|move|p1a: Keldeo|Scald|p2a: Altaria
|-resisted|p2a: Altaria
|-damage|p2a: Altaria|292\/353
|
|upkeep
|turn|21
|choice|*move 4|*
|choice|*|*move 3
|choice|move icywind|move roost
|
|move|p1a: Keldeo|Icy Wind|p2a: Altaria
|-supereffective|p2a: Altaria
|-damage|p2a: Altaria|60\/353
|-unboost|p2a: Altaria|spe|1
|move|p2a: Altaria|Roost|p2a: Altaria
|-heal|p2a: Altaria|237\/353
|
|upkeep
|turn|22
|choice|*|*move 3 mega
|choice|*move 4|*
|choice|move icywind|move roost mega
|
|-mega|p2a: Altaria|Altaria|Altarianite
|detailschange|p2a: Altaria|Altaria-Mega, M
|move|p1a: Keldeo|Icy Wind|p2a: Altaria
|-supereffective|p2a: Altaria
|-damage|p2a: Altaria|119\/353
|-unboost|p2a: Altaria|spe|1
|move|p2a: Altaria|Roost|p2a: Altaria
|-heal|p2a: Altaria|296\/353
|
|upkeep
|turn|23
|choice|*switch 5|*
|choice|*|*move 3
|choice|switch 5|move roost
|
|switch|p1a: Bisharp|Bisharp, M|205\/271 par
|-damage|p1a: Bisharp|172\/271 par|[from] Spikes
|move|p2a: Altaria|Roost|p2a: Altaria
|-heal|p2a: Altaria|353\/353
|
|upkeep
|turn|24
|choice|*move 4|*
|choice|*|*switch 6
|choice|move ironhead|switch 6
|
|switch|p2a: Ferrothorn|Ferrothorn, F|182\/352
|move|p1a: Bisharp|Iron Head|p2a: Ferrothorn
|-resisted|p2a: Ferrothorn
|-damage|p2a: Ferrothorn|137\/352
|-damage|p1a: Bisharp|139\/271 par|[from] ability: Iron Barbs|[of] p2a: Ferrothorn
|
|upkeep
|turn|25
|choice|*|*move 2
|choice|*move 2|*
|choice|move knockoff|move leechseed
|
|cant|p1a: Bisharp|par
|move|p2a: Ferrothorn|Leech Seed|p1a: Bisharp
|-start|p1a: Bisharp|move: Leech Seed
|
|-damage|p1a: Bisharp|106\/271 par|[from] Leech Seed|[of] p2a: Ferrothorn
|-heal|p2a: Ferrothorn|170\/352|[silent]
|upkeep
|turn|26
|choice|*switch 3|*
|choice|*|*move 1
|choice|*switch 2|*
|choice|switch 2|move spikes
|
|switch|p1a: Chansey|Chansey, F|678\/678
|-damage|p1a: Chansey|594\/678|[from] Spikes
|move|p2a: Ferrothorn|Spikes|p1a: Chansey
|-sidestart|p1: Just4Funn2♕|Spikes
|
|upkeep
|turn|27
|choice|*move 2|*
|choice|*|*move 2
|choice|move stealthrock|move leechseed
|
|move|p1a: Chansey|Stealth Rock|p2a: Ferrothorn
|-sidestart|p2: pablocano|move: Stealth Rock
|move|p2a: Ferrothorn|Leech Seed|p1a: Chansey
|-start|p1a: Chansey|move: Leech Seed
|
|-damage|p1a: Chansey|510\/678|[from] Leech Seed|[of] p2a: Ferrothorn
|-heal|p2a: Ferrothorn|254\/352|[silent]
|upkeep
|turn|28
|choice|*switch 3|*
|choice|*|*move 3
|choice|switch 3|move protect
|
|switch|p1a: Heatran|Heatran, F|323\/323
|-damage|p1a: Heatran|270\/323|[from] Spikes
|move|p2a: Ferrothorn|Protect|p2a: Ferrothorn
|-fail|p2a: Ferrothorn
|
|upkeep
|turn|29
|choice|*|*switch 3
|choice|*move 2|*
|choice|move lavaplume|switch 3
|
|switch|p2a: Slowbro|Slowbro, F|394\/394
|-damage|p2a: Slowbro|345\/394|[from] Stealth Rock
|move|p1a: Heatran|Lava Plume|p2a: Slowbro
|-resisted|p2a: Slowbro
|-damage|p2a: Slowbro|262\/394
|
|-heal|p2a: Slowbro|286\/394|[from] item: Leftovers
|upkeep
|turn|30
|choice|*|*move 3
|choice|*|*move 1
|choice|*switch 6|*
|choice|switch 6|move scald
|
|switch|p1a: Skarmory|Skarmory, M|334\/334
|move|p2a: Slowbro|Scald|p1a: Skarmory
|-damage|p1a: Skarmory|204\/334
|
|-heal|p2a: Slowbro|310\/394|[from] item: Leftovers
|upkeep
|turn|31
|choice|*move 3|*
|choice|*|*move 3
|choice|move defog|move thunderwave
|
|move|p1a: Skarmory|Defog|p2a: Slowbro
|-unboost|p2a: Slowbro|evasion|1
|-sideend|p2: pablocano|Stealth Rock|[from] move: Defog|[of] p2a: Slowbro
|-sideend|p1: Just4Funn2♕|Spikes|[from] move: Defog|[of] p1a: Skarmory
|move|p2a: Slowbro|Thunder Wave|p1a: Skarmory|[miss]
|-miss|p2a: Slowbro|p1a: Skarmory
|
|-heal|p2a: Slowbro|334\/394|[from] item: Leftovers
|upkeep
|turn|32
|choice|*switch 2|*
|choice|*|*move 3
|choice|switch 2|move thunderwave
|
|switch|p1a: Bisharp|Bisharp, M|106\/271 par
|move|p2a: Slowbro|Thunder Wave|p1a: Bisharp
|-fail|p1a: Bisharp|par
|
|-heal|p2a: Slowbro|358\/394|[from] item: Leftovers
|upkeep
|turn|33
|choice|*|*switch 3
|choice|*switch 6|*
|choice|switch 6|switch 3
|
|switch|p1a: Heatran|Heatran, F|270\/323
|switch|p2a: Ferrothorn|Ferrothorn, F|254\/352
|
|upkeep
|turn|34
|choice|*move 2|*
|choice|*|*switch 3
|choice|*move 4|*
|choice|move stealthrock|switch 3
|
|switch|p2a: Slowbro|Slowbro, F|394\/394
|move|p1a: Heatran|Stealth Rock|p2a: Slowbro
|-sidestart|p2: pablocano|move: Stealth Rock
|
|upkeep
|turn|35
|choice|*|*move 1
|choice|*move 1|*
|choice|move earthpower|move scald
|
|move|p1a: Heatran|Earth Power|p2a: Slowbro
|-damage|p2a: Slowbro|267\/394
|move|p2a: Slowbro|Scald|p1a: Heatran
|-supereffective|p1a: Heatran
|-damage|p1a: Heatran|88\/323
|
|-heal|p2a: Slowbro|291\/394|[from] item: Leftovers
|upkeep
|turn|36
|choice|*|*move 3
|choice|*switch 3|*
|choice|switch 3|move thunderwave
|
|switch|p1a: Chansey|Chansey, F|510\/678
|move|p2a: Slowbro|Thunder Wave|p1a: Chansey
|-status|p1a: Chansey|par
|
|-heal|p2a: Slowbro|315\/394|[from] item: Leftovers
|upkeep
|turn|37
|choice|*move 4|*
|choice|*|*move 2
|choice|*move 4|*
|choice|move thunderwave|move slackoff
|
|move|p2a: Slowbro|Slack Off|p2a: Slowbro
|-heal|p2a: Slowbro|394\/394
|move|p1a: Chansey|Thunder Wave|p2a: Slowbro
|-status|p2a: Slowbro|par
|
|upkeep
|turn|38
|choice|*move 1|*
|choice|*|*switch 3
|choice|*|*switch 3
|choice|*switch 4|*
|choice|switch 4|switch 3
|
|-curestatus|p1a: Chansey|par|[from] ability: Natural Cure
|switch|p1a: Venusaur|Venusaur-Mega, F|340\/364 par
|switch|p2a: Ferrothorn|Ferrothorn, F|254\/352
|-damage|p2a: Ferrothorn|232\/352|[from] Stealth Rock
|
|upkeep
|turn|39
|choice|*|*move 3
|choice|*switch 3|*
|choice|switch 3|move protect
|
|switch|p1a: Heatran|Heatran, F|88\/323
|move|p2a: Ferrothorn|Protect|p2a: Ferrothorn
|-fail|p2a: Ferrothorn
|
|upkeep
|turn|40
|choice|*move 2|*
|choice|*|*switch 3
|choice|move lavaplume|switch 3
|
|switch|p2a: Slowbro|Slowbro, F|394\/394 par
|-damage|p2a: Slowbro|345\/394 par|[from] Stealth Rock
|move|p1a: Heatran|Lava Plume|p2a: Slowbro
|-resisted|p2a: Slowbro
|-damage|p2a: Slowbro|260\/394 par
|
|-heal|p2a: Slowbro|284\/394 par|[from] item: Leftovers
|upkeep
|turn|41
|choice|*switch 4|*
|choice|*|*move 2
|choice|switch 4|move slackoff
|
|switch|p1a: Chansey|Chansey, F|510\/678
|move|p2a: Slowbro|Slack Off|p2a: Slowbro
|-heal|p2a: Slowbro|394\/394 par
|
|upkeep
|turn|42
|choice|*move 1|*
|choice|*|*move 4
|choice|move seismictoss|move psyshock
|
|move|p1a: Chansey|Seismic Toss|p2a: Slowbro
|-damage|p2a: Slowbro|294\/394 par
|move|p2a: Slowbro|Psyshock|p1a: Chansey
|-damage|p1a: Chansey|375\/678
|
|-heal|p2a: Slowbro|318\/394 par|[from] item: Leftovers
|upkeep
|turn|43
|choice|*move 1|*
|choice|*move 3|*
|choice|*|*move 4
|choice|move softboiled|move psyshock
|
|move|p1a: Chansey|Soft-Boiled|p1a: Chansey
|-heal|p1a: Chansey|678\/678
|move|p2a: Slowbro|Psyshock|p1a: Chansey
|-crit|p1a: Chansey
|-damage|p1a: Chansey|458\/678
|
|-heal|p2a: Slowbro|342\/394 par|[from] item: Leftovers
|upkeep
|turn|44
|choice|*move 1|*
|choice|*|*move 2
|choice|move seismictoss|move slackoff
|
|move|p1a: Chansey|Seismic Toss|p2a: Slowbro
|-damage|p2a: Slowbro|242\/394 par
|move|p2a: Slowbro|Slack Off|p2a: Slowbro
|-heal|p2a: Slowbro|394\/394 par
|
|upkeep
|turn|45
|choice|*move 3|*
|choice|*|*switch 3
|choice|move softboiled|switch 3
|
|switch|p2a: Ferrothorn|Ferrothorn, F|232\/352
|-damage|p2a: Ferrothorn|210\/352|[from] Stealth Rock
|move|p1a: Chansey|Soft-Boiled|p1a: Chansey
|-heal|p1a: Chansey|678\/678
|
|upkeep
|turn|46
|choice|*|*move 2
|choice|*switch 5|*
|choice|switch 5|move leechseed
|
|switch|p1a: Keldeo|Keldeo|356\/356
|move|p2a: Ferrothorn|Leech Seed|p1a: Keldeo
|-start|p1a: Keldeo|move: Leech Seed
|
|-damage|p1a: Keldeo|312\/356|[from] Leech Seed|[of] p2a: Ferrothorn
|-heal|p2a: Ferrothorn|254\/352|[silent]
|upkeep
|turn|47
|choice|*switch 5|*
|choice|*move 3|*
|choice|*|*move 3
|choice|move secretsword|move protect
|
|move|p2a: Ferrothorn|Protect|p2a: Ferrothorn
|-singleturn|p2a: Ferrothorn|Protect
|move|p1a: Keldeo|Secret Sword|p2a: Ferrothorn
|-activate|p2a: Ferrothorn|move: Protect
|
|-heal|p1a: Keldeo|334\/356|[from] item: Leftovers
|-damage|p1a: Keldeo|290\/356|[from] Leech Seed|[of] p2a: Ferrothorn
|-heal|p2a: Ferrothorn|298\/352|[silent]
|upkeep
|turn|48
|choice|*switch 5|*
|choice|*move 3|*
|choice|*|*switch 4
|choice|move secretsword|switch 4
|
|switch|p2a: Gliscor|Gliscor, F|50\/354 tox
|-damage|p2a: Gliscor|6\/354 tox|[from] Stealth Rock
|move|p1a: Keldeo|Secret Sword|p2a: Gliscor
|-resisted|p2a: Gliscor
|-damage|p2a: Gliscor|0 fnt
|faint|p2a: Gliscor
|
|-heal|p1a: Keldeo|312\/356|[from] item: Leftovers
|upkeep
|choice|*|*switch 4
|choice||switch 4
|
|switch|p2a: Ferrothorn|Ferrothorn, F|298\/352
|-damage|p2a: Ferrothorn|276\/352|[from] Stealth Rock
|turn|49
|choice|*|*move 3
|choice|*move 3|*
|choice|move secretsword|move protect
|
|move|p2a: Ferrothorn|Protect|p2a: Ferrothorn
|-singleturn|p2a: Ferrothorn|Protect
|move|p1a: Keldeo|Secret Sword|p2a: Ferrothorn
|-activate|p2a: Ferrothorn|move: Protect
|
|-heal|p1a: Keldeo|334\/356|[from] item: Leftovers
|-damage|p1a: Keldeo|290\/356|[from] Leech Seed|[of] p2a: Ferrothorn
|-heal|p2a: Ferrothorn|320\/352|[silent]
|upkeep
|turn|50
|choice|*move 3|*
|choice|*switch 5|*
|choice|*|*switch 3
|choice|switch 5|switch 3
|
|switch|p1a: Chansey|Chansey, F|678\/678
|switch|p2a: Slowbro|Slowbro, F|394\/394 par
|-damage|p2a: Slowbro|345\/394 par|[from] Stealth Rock
|
|-heal|p2a: Slowbro|369\/394 par|[from] item: Leftovers
|upkeep
|turn|51
|choice|*move 1|*
|choice|*|*move 1
|choice|*move 1|*
|choice|move seismictoss|move scald
|
|move|p1a: Chansey|Seismic Toss|p2a: Slowbro
|-damage|p2a: Slowbro|269\/394 par
|move|p2a: Slowbro|Scald|p1a: Chansey
|-damage|p1a: Chansey|629\/678
|
|-heal|p2a: Slowbro|293\/394 par|[from] item: Leftovers
|upkeep
|turn|52
|choice|*|*move 4
|choice|*switch 5|*
|choice|switch 5|move psyshock
|
|switch|p1a: Keldeo|Keldeo|290\/356
|move|p2a: Slowbro|Psyshock|p1a: Keldeo
|-supereffective|p1a: Keldeo
|-damage|p1a: Keldeo|72\/356
|
|-heal|p1a: Keldeo|94\/356|[from] item: Leftovers
|-heal|p2a: Slowbro|317\/394 par|[from] item: Leftovers
|upkeep
|turn|53
|choice|*switch 5|*
|choice|*|*move 2
|choice|switch 5|move slackoff
|
|switch|p1a: Chansey|Chansey, F|629\/678
|move|p2a: Slowbro|Slack Off|p2a: Slowbro
|-heal|p2a: Slowbro|394\/394 par
|
|upkeep
|turn|54
|choice|*move 1|*
|choice|*|*move 4
|choice|move seismictoss|move psyshock
|
|move|p1a: Chansey|Seismic Toss|p2a: Slowbro
|-damage|p2a: Slowbro|294\/394 par
|cant|p2a: Slowbro|par
|
|-heal|p2a: Slowbro|318\/394 par|[from] item: Leftovers
|upkeep
|turn|55
|choice|*move 1|*
|choice|*|*move 4
|choice|move seismictoss|move psyshock
|
|move|p1a: Chansey|Seismic Toss|p2a: Slowbro
|-damage|p2a: Slowbro|218\/394 par
|cant|p2a: Slowbro|par
|
|-heal|p2a: Slowbro|242\/394 par|[from] item: Leftovers
|upkeep
|turn|56
|choice|*move 1|*
|choice|*|*move 2
|choice|move seismictoss|move slackoff
|
|move|p1a: Chansey|Seismic Toss|p2a: Slowbro
|-damage|p2a: Slowbro|142\/394 par
|move|p2a: Slowbro|Slack Off|p2a: Slowbro
|-heal|p2a: Slowbro|339\/394 par
|
|-heal|p2a: Slowbro|363\/394 par|[from] item: Leftovers
|upkeep
|turn|57
|choice|*move 1|*
|choice|*|*move 2
|choice|move seismictoss|move slackoff
|
|move|p1a: Chansey|Seismic Toss|p2a: Slowbro
|-damage|p2a: Slowbro|263\/394 par
|move|p2a: Slowbro|Slack Off|p2a: Slowbro
|-heal|p2a: Slowbro|394\/394 par
|
|upkeep
|turn|58
|choice|*move 1|*
|choice|*|*move 4
|choice|move seismictoss|move psyshock
|
|move|p1a: Chansey|Seismic Toss|p2a: Slowbro
|-damage|p2a: Slowbro|294\/394 par
|move|p2a: Slowbro|Psyshock|p1a: Chansey
|-damage|p1a: Chansey|502\/678
|
|-heal|p2a: Slowbro|318\/394 par|[from] item: Leftovers
|upkeep
|turn|59
|choice|*move 1|*
|choice|*|*move 4
|choice|*switch 6|*
|choice|switch 6|move psyshock
|
|switch|p1a: Bisharp|Bisharp, M|106\/271 par
|move|p2a: Slowbro|Psyshock|p1a: Bisharp
|-immune|p1a: Bisharp|[msg]
|
|-heal|p2a: Slowbro|342\/394 par|[from] item: Leftovers
|upkeep
|turn|60
|choice|*|*switch 3
|choice|*move 2|*
|choice|*|*move 1
|choice|move knockoff|move scald
|
|move|p1a: Bisharp|Knock Off|p2a: Slowbro
|-supereffective|p2a: Slowbro
|-damage|p2a: Slowbro|82\/394 par
|-enditem|p2a: Slowbro|Leftovers|[from] move: Knock Off|[of] p1a: Bisharp
|cant|p2a: Slowbro|par
|
|upkeep
|turn|61
|choice|*|*switch 3
|choice|*move 2|*
|choice|move knockoff|switch 3
|
|switch|p2a: Ferrothorn|Ferrothorn, F|320\/352
|-damage|p2a: Ferrothorn|298\/352|[from] Stealth Rock
|cant|p1a: Bisharp|par
|
|upkeep
|turn|62
|choice|*|*move 2
|choice|*switch 3|*
|choice|switch 3|move leechseed
|
|switch|p1a: Venusaur|Venusaur-Mega, F|340\/364 par
|move|p2a: Ferrothorn|Leech Seed|p1a: Venusaur
|-immune|p1a: Venusaur|[msg]
|
|upkeep
|turn|63
|choice|*switch 4|*
|choice|*|*move 1
|choice|switch 4|move spikes
|
|switch|p1a: Heatran|Heatran, F|88\/323
|move|p2a: Ferrothorn|Spikes|p1a: Heatran
|-sidestart|p1: Just4Funn2♕|Spikes
|
|upkeep
|turn|64
|choice|*|*switch 3
|choice|*move 1|*
|choice|*|*move 3
|choice|*move 1|*
|choice|move earthpower|move protect
|
|move|p2a: Ferrothorn|Protect|p2a: Ferrothorn
|-singleturn|p2a: Ferrothorn|Protect
|move|p1a: Heatran|Earth Power|p2a: Ferrothorn
|-activate|p2a: Ferrothorn|move: Protect
|
|upkeep
|turn|65
|choice|*move 2|*
|choice|*move 1|*
|choice|*|*switch 3
|choice|move earthpower|switch 3
|
|switch|p2a: Slowbro|Slowbro, F|213\/394 par
|-damage|p2a: Slowbro|164\/394 par|[from] Stealth Rock
|move|p1a: Heatran|Earth Power|p2a: Slowbro
|-damage|p2a: Slowbro|34\/394 par
|
|upkeep
|turn|66
|choice|*move 1|*
|choice|*|*move 2
|choice|*move 3|*
|choice|move flashcannon|move slackoff
|
|move|p1a: Heatran|Flash Cannon|p2a: Slowbro
|-resisted|p2a: Slowbro
|-damage|p2a: Slowbro|0 fnt
|faint|p2a: Slowbro
|
|upkeep
|choice|*|*switch 3
|choice||switch 3
|
|switch|p2a: Ferrothorn|Ferrothorn, F|298\/352
|-damage|p2a: Ferrothorn|276\/352|[from] Stealth Rock
|turn|67
|choice|*move 2|*
|choice|*|*move 2
|choice|move lavaplume|move leechseed
|
|move|p1a: Heatran|Lava Plume|p2a: Ferrothorn
|-supereffective|p2a: Ferrothorn
|-damage|p2a: Ferrothorn|0 fnt
|faint|p2a: Ferrothorn
|
|upkeep
|choice|*|*switch 6
|choice||switch 6
|
|switch|p2a: Altaria|Altaria-Mega, M|353\/353
|-damage|p2a: Altaria|309\/353|[from] Stealth Rock
|turn|68
|choice|*move 3|*
|choice|*|*move 1
|choice|move flashcannon|move hypervoice
|
|move|p1a: Heatran|Flash Cannon|p2a: Altaria
|-supereffective|p2a: Altaria
|-damage|p2a: Altaria|51\/353
|move|p2a: Altaria|Hyper Voice|p1a: Heatran
|-resisted|p1a: Heatran
|-damage|p1a: Heatran|49\/323
|
|upkeep
|turn|69
|choice|*move 3|*
|c|☆Just4Funn2♕|gg
|choice|*|*move 3
|choice|move flashcannon|move roost
|
|move|p1a: Heatran|Flash Cannon|p2a: Altaria
|-supereffective|p2a: Altaria
|-damage|p2a: Altaria|0 fnt
|faint|p2a: Altaria
|
|win|Just4Funn2♕
</script>
</div>
<div class="battle-log battle-log-inline"><div class="inner"><div class="battle-options"></div><div class="inner"><div class=""><small>Format:</small> <br><strong>OU</strong></div><div class=""><small><em>Cláusula-Mod de Dormir:</em> solo puedes dormir a uno de tus oponentes a la vez.</small></div><div class=""><small><em>Cláusula de Especie:</em> Hasta un Pokémon de cada especie</small></div><div class=""><small><em>Cláusula de Golpe Fulminante:</em> los movimientos fulminantes (OHKO) estan prohibidos</small></div><div class=""><small><em>Cláusula de Veleta:</em> la habilidad Veleta está prohibida</small></div><div class=""><small><em>Cláusula de Movimientos Evasivos:</em> los movimientos de Evasión están prohibidos.</small></div><div class=""><small><em>Cláusula de Batallas Eternas:</em> forzar batallas eternas está prohibido</small></div><div class="chat battle-history"><strong>Just4Funn2♕'s team:</strong> <em style="color:#445566;display:block;">Venusaur / Chansey / Bisharp / Keldeo / Heatran / Skarmory</em></div><div class="chat battle-history"><strong>pablocano's team:</strong> <em style="color:#445566;display:block;">Altaria / Volcarona / Gliscor / Ferrothorn / Slowbro / Tyranitar</em></div><div class="spacer battle-history"><br></div><div class="battle-history">Battle started between Just4Funn2♕ and pablocano!<br></div><div class="spacer battle-history"><br></div><div class="battle-history">Go! <strong>Keldeo</strong>!<br></div><div class="spacer battle-history"><br></div><div class="battle-history">pablocano sent out <strong>Gliscor</strong>!<br></div><div class="spacer battle-history"><br></div><h2 class="battle-history">Turn 1</h2><div class="spacer battle-history"><br></div><div class="battle-history">pablocano withdrew Gliscor!<br></div><div class="battle-history">pablocano sent out <strong>Slowbro</strong>!<br></div><div class="spacer battle-history"><br></div><div class="battle-history">Keldeo used <strong>Scald</strong>!<br></div><div class="battle-history"><small>It's not very effective...</small><br></div><div class="battle-history"><small>(The opposing Slowbro lost <abbr title="−80/394">20.3%</abbr> of its health!)</small><br></div><div class="spacer battle-history"><br></div><div class="battle-history"><small>The opposing Slowbro restored a little HP using its Leftovers!</small><br></div><div class="spacer battle-history"><br></div><h2 class="battle-history">Turn 2</h2><div class="spacer battle-history"><br></div><div class="battle-history">Keldeo, come back!<br></div><div class="battle-history">Go! <strong>Bisharp</strong>!<br></div><div class="spacer battle-history"><br></div><div class="battle-history">The opposing Slowbro used <strong>Thunder Wave</strong>!<br></div><div class="battle-history"><small>Bisharp is paralyzed! It may be unable to move!</small><br></div><div class="spacer battle-history"><br></div><div class="battle-history"><small>The opposing Slowbro restored a little HP using its Leftovers!</small><br></div><div class="spacer battle-history"><br></div><h2 class="battle-history">Turn 3</h2><div class="spacer battle-history"><br></div><div class="battle-history">pablocano withdrew Slowbro!<br></div><div class="battle-history">pablocano sent out <strong>Volcarona</strong>!<br></div><div class="spacer battle-history"><br></div><div class="battle-history">Bisharp used <strong>Knock Off</strong>!<br></div><div class="battle-history"><small>(The opposing Volcarona lost <abbr title="−208/311">66.9%</abbr> of its health!)</small><br></div><div class="spacer battle-history"><br></div><h2 class="battle-history">Turn 4</h2><div class="spacer battle-history"><br></div><div class="battle-history">Bisharp, come back!<br></div><div class="battle-history">Go! <strong>Heatran</strong>!<br></div><div class="spacer battle-history"><br></div><div class="battle-history">The opposing Volcarona used <strong>Quiver Dance</strong>!<br></div><div class="battle-history"><small>The opposing Volcarona's Special Attack rose!</small><br></div><div class="battle-history"><small>The opposing Volcarona's Special Defense rose!</small><br></div><div class="battle-history"><small>The opposing Volcarona's Speed rose!</small><br></div><div class="spacer battle-history"><br></div><h2 class="battle-history">Turn 5</h2><div class="spacer battle-history"><br></div><div class="battle-history">pablocano withdrew Volcarona!<br></div><div class="battle-history">pablocano sent out <strong>Tyranitar</strong>!<br></div><div class="battle-history"><small>[The opposing Tyranitar's Sand Stream]</small><br><small>A sandstorm kicked up!</small><br></div><div class="spacer battle-history"><br></div><div class="battle-history">Heatran used <strong>Earth Power</strong>!<br></div><div class="battle-history"><small>It's super effective!</small><br></div><div class="battle-history"><small>(The opposing Tyranitar lost <abbr title="−136/343">39.7%</abbr> of its health!)</small><br></div><div class="spacer battle-history"><br></div><div class="battle-history"><small>The sandstorm is raging.</small><br></div><div class="spacer battle-history"><br></div><h2 class="battle-history">Turn 6</h2><div class="spacer battle-history"><br></div><div class="battle-history"><small>Heatran surrounded itself with its Z-Power!</small><br></div><div class="spacer battle-history"><br></div><div class="battle-history">Heatran used <strong>Corkscrew Crash</strong>!<br></div><div class="battle-history"><small>It's super effective!</small><br></div><div class="battle-history"><small>(The opposing Tyranitar lost <abbr title="−207/343">60.3%</abbr> of its health!)</small><br></div><div class="spacer battle-history"><br></div><div class="battle-history">The opposing Tyranitar fainted!<br></div><div class="spacer battle-history"><br></div><div class="battle-history"><small>The sandstorm is raging.</small><br></div><div class="spacer battle-history"><br></div><div class="battle-history">pablocano sent out <strong>Gliscor</strong>!<br></div><div class="spacer battle-history"><br></div><h2 class="battle-history">Turn 7</h2><div class="spacer battle-history"><br></div><div class="battle-history">Heatran, come back!<br></div><div class="battle-history">Go! <strong>Venusaur</strong>!<br></div><div class="spacer battle-history"><br></div><div class="battle-history">The opposing Gliscor used <strong>Knock Off</strong>!<br></div><div class="battle-history"><small>(Venusaur lost <abbr title="−41/364">11.3%</abbr> of its health!)</small><br></div><div class="spacer battle-history"><br></div><div class="battle-history"><small>The sandstorm is raging.</small><br></div><div class="battle-history"><small>Venusaur is buffeted by the sandstorm!</small><br></div><div class="battle-history"><small>The opposing Gliscor was badly poisoned!</small><br></div><div class="spacer battle-history"><br></div><h2 class="battle-history">Turn 8</h2><div class="spacer battle-history"><br></div><div class="battle-history">pablocano withdrew Gliscor!<br></div><div class="battle-history">pablocano sent out <strong>Volcarona</strong>!<br></div><div class="spacer battle-history"><br></div><div class="battle-history"><small>Venusaur's Venusaurite is reacting to the Key Stone!</small><br>Venusaur has Mega Evolved into Mega Venusaur!<br></div><div class="spacer battle-history"><br></div><div class="battle-history">Venusaur used <strong>Giga Drain</strong>!<br></div><div class="battle-history"><small>It's not very effective...</small><br></div><div class="battle-history"><small>(The opposing Volcarona lost <abbr title="−24/311">7.7%</abbr> of its health!)</small><br></div><div class="battle-history"><small>The opposing Volcarona had its energy drained!</small><br></div><div class="spacer battle-history"><br></div><div class="battle-history"><small>The sandstorm is raging.</small><br></div><div class="battle-history"><small>The opposing Volcarona is buffeted by the sandstorm!</small><br></div><div class="battle-history"><small>Venusaur is buffeted by the sandstorm!</small><br></div><div class="spacer battle-history"><br></div><h2 class="battle-history">Turn 9</h2><div class="spacer battle-history"><br></div><div class="battle-history">The opposing Volcarona used <strong>Quiver Dance</strong>!<br></div><div class="battle-history"><small>The opposing Volcarona's Special Attack rose!</small><br></div><div class="battle-history"><small>The opposing Volcarona's Special Defense rose!</small><br></div><div class="battle-history"><small>The opposing Volcarona's Speed rose!</small><br></div><div class="spacer battle-history"><br></div><div class="battle-history">Venusaur used <strong>Sludge Bomb</strong>!<br></div><div class="battle-history"><small>(The opposing Volcarona lost <abbr title="−60/311">19.3%</abbr> of its health!)</small><br></div><div class="spacer battle-history"><br></div><div class="battle-history">The opposing Volcarona fainted!<br></div><div class="spacer battle-history"><br></div><div class="battle-history"><small>The sandstorm subsided.</small><br></div><div class="spacer battle-history"><br></div><div class="battle-history">pablocano sent out <strong>Slowbro</strong>!<br></div><div class="spacer battle-history"><br></div><h2 class="battle-history">Turn 10</h2><div class="spacer battle-history"><br></div><div class="battle-history">Venusaur used <strong>Leech Seed</strong>!<br></div><div class="battle-history"><small>The opposing Slowbro was seeded!</small><br></div><div class="spacer battle-history"><br></div><div class="battle-history">The opposing Slowbro used <strong>Thunder Wave</strong>!<br></div><div class="battle-history"><small>Venusaur is paralyzed! It may be unable to move!</small><br></div><div class="spacer battle-history"><br></div><div class="battle-history"><small>The opposing Slowbro's health is sapped by Leech Seed!</small><br></div><div class="spacer battle-history"><br></div><h2 class="battle-history">Turn 11</h2><div class="spacer battle-history"><br></div><div class="battle-history">Venusaur, come back!<br></div><div class="battle-history">Go! <strong>Heatran</strong>!<br></div><div class="spacer battle-history"><br></div><div class="battle-history">pablocano withdrew Slowbro!<br></div><div class="battle-history">pablocano sent out <strong>Altaria</strong>!<br></div><div class="battle-history"><small>[The opposing Altaria's Cloud Nine]</small><br><small>The effects of the weather disappeared.</small><br></div><div class="spacer battle-history"><br></div><h2 class="battle-history">Turn 12</h2><div class="spacer battle-history"><br></div><div class="battle-history">pablocano withdrew Altaria!<br></div><div class="battle-history">pablocano sent out <strong>Gliscor</strong>!<br></div><div class="spacer battle-history"><br></div><div class="battle-history">Heatran used <strong>Flash Cannon</strong>!<br></div><div class="battle-history"><small>(The opposing Gliscor lost <abbr title="−186/354">52.5%</abbr> of its health!)</small><br></div><div class="spacer battle-history"><br></div><div class="battle-history"><small>[The opposing Gliscor's Poison Heal]</small><br><small>The opposing Gliscor restored its HP.</small><br></div><div class="spacer battle-history"><br></div><h2 class="battle-history">Turn 13</h2><div class="spacer battle-history"><br></div><div class="battle-history">Heatran, come back!<br></div><div class="battle-history">Go! <strong>Keldeo</strong>!<br></div><div class="spacer battle-history"><br></div><div class="battle-history">The opposing Gliscor used <strong>Roost</strong>!<br></div><div class="battle-history"><small>The opposing Gliscor restored its HP.</small><br></div><div class="spacer battle-history"><br></div><h2 class="battle-history">Turn 14</h2><div class="spacer battle-history"><br></div><div class="battle-history">Keldeo, come back!<br></div><div class="battle-history">Go! <strong>Bisharp</strong>!<br></div><div class="spacer battle-history"><br></div><div class="battle-history">pablocano withdrew Gliscor!<br></div><div class="battle-history">pablocano sent out <strong>Altaria</strong>!<br></div><div class="battle-history"><small>[The opposing Altaria's Cloud Nine]</small><br><small>The effects of the weather disappeared.</small><br></div><div class="spacer battle-history"><br></div><h2 class="battle-history">Turn 15</h2><div class="spacer battle-history"><br></div><div class="battle-history">pablocano withdrew Altaria!<br></div><div class="battle-history">pablocano sent out <strong>Ferrothorn</strong>!<br></div><div class="spacer battle-history"><br></div><div class="battle-history">Bisharp used <strong>Iron Head</strong>!<br></div><div class="battle-history"><small>It's not very effective...</small><br></div><div class="battle-history"><small>(The opposing Ferrothorn lost <abbr title="−48/352">13.6%</abbr> of its health!)</small><br></div><div class="battle-history"><small>[The opposing Ferrothorn's Iron Barbs]</small><br><small>Bisharp was hurt!</small><br></div><div class="spacer battle-history"><br></div><div class="battle-history"><small>The opposing Ferrothorn restored a little HP using its Leftovers!</small><br></div><div class="spacer battle-history"><br></div><h2 class="battle-history">Turn 16</h2><div class="spacer battle-history"><br></div><div class="battle-history">Bisharp used <strong>Knock Off</strong>!<br></div><div class="battle-history"><small>(The opposing Ferrothorn lost <abbr title="−144/352">40.9%</abbr> of its health!)</small><br></div><div class="battle-history"><small>[The opposing Ferrothorn's Iron Barbs]</small><br><small>Bisharp was hurt!</small><br></div><div class="battle-history"><small>Bisharp knocked off the opposing Ferrothorn's Leftovers!</small><br></div><div class="spacer battle-history"><br></div><div class="battle-history">The opposing Ferrothorn used <strong>Spikes</strong>!<br></div><div class="battle-history"><small>Spikes were scattered on the ground all around your team!</small><br></div><div class="spacer battle-history"><br></div><h2 class="battle-history">Turn 17</h2><div class="spacer battle-history"><br></div><div class="battle-history">Bisharp, come back!<br></div><div class="battle-history">Go! <strong>Keldeo</strong>!<br></div><div class="battle-history"><small>Keldeo is hurt by the spikes!</small><br></div><div class="spacer battle-history"><br></div><div class="battle-history">The opposing Ferrothorn used <strong>Leech Seed</strong>!<br></div><div class="battle-history"><small>Keldeo avoided the attack!</small><br></div><div class="spacer battle-history"><br></div><div class="battle-history"><small>Keldeo restored a little HP using its Leftovers!</small><br></div><div class="spacer battle-history"><br></div><h2 class="battle-history">Turn 18</h2><div class="spacer battle-history"><br></div><div class="battle-history">The opposing Ferrothorn used <strong>Protect</strong>!<br></div><div class="battle-history"><small>The opposing Ferrothorn protected itself!</small><br></div><div class="spacer battle-history"><br></div><div class="battle-history">Keldeo used <strong>Secret Sword</strong>!<br></div><div class="battle-history"><small>The opposing Ferrothorn protected itself!</small><br></div><div class="spacer battle-history"><br></div><div class="battle-history"><small>Keldeo restored a little HP using its Leftovers!</small><br></div><div class="spacer battle-history"><br></div><h2 class="battle-history">Turn 19</h2><div class="spacer battle-history"><br></div><div class="battle-history">pablocano withdrew Ferrothorn!<br></div><div class="battle-history">pablocano sent out <strong>Gliscor</strong>!<br></div><div class="spacer battle-history"><br></div><div class="battle-history">Keldeo used <strong>Scald</strong>!<br></div><div class="battle-history"><small>It's super effective!</small><br></div><div class="battle-history"><small>(The opposing Gliscor lost <abbr title="−348/354">98.3%</abbr> of its health!)</small><br></div><div class="spacer battle-history"><br></div><div class="battle-history"><small>[The opposing Gliscor's Poison Heal]</small><br><small>The opposing Gliscor restored its HP.</small><br></div><div class="spacer battle-history"><br></div><h2 class="battle-history">Turn 20</h2><div class="spacer battle-history"><br></div><div class="battle-history">pablocano withdrew Gliscor!<br></div><div class="battle-history">pablocano sent out <strong>Altaria</strong>!<br></div><div class="battle-history"><small>[The opposing Altaria's Cloud Nine]</small><br><small>The effects of the weather disappeared.</small><br></div><div class="spacer battle-history"><br></div><div class="battle-history">Keldeo used <strong>Scald</strong>!<br></div><div class="battle-history"><small>It's not very effective...</small><br></div><div class="battle-history"><small>(The opposing Altaria lost <abbr title="−61/353">17.3%</abbr> of its health!)</small><br></div><div class="spacer battle-history"><br></div><h2 class="battle-history">Turn 21</h2><div class="spacer battle-history"><br></div><div class="battle-history">Keldeo used <strong>Icy Wind</strong>!<br></div><div class="battle-history"><small>It's super effective!</small><br></div><div class="battle-history"><small>(The opposing Altaria lost <abbr title="−232/353">65.7%</abbr> of its health!)</small><br></div><div class="battle-history"><small>The opposing Altaria's Speed fell!</small><br></div><div class="spacer battle-history"><br></div><div class="battle-history">The opposing Altaria used <strong>Roost</strong>!<br></div><div class="battle-history"><small>The opposing Altaria restored its HP.</small><br></div><div class="spacer battle-history"><br></div><h2 class="battle-history">Turn 22</h2><div class="spacer battle-history"><br></div><div class="battle-history"><small>The opposing Altaria's Altarianite is reacting to the Key Stone!</small><br>The opposing Altaria has Mega Evolved into Mega Altaria!<br></div><div class="spacer battle-history"><br></div><div class="battle-history">Keldeo used <strong>Icy Wind</strong>!<br></div><div class="battle-history"><small>It's super effective!</small><br></div><div class="battle-history"><small>(The opposing Altaria lost <abbr title="−118/353">33.4%</abbr> of its health!)</small><br></div><div class="battle-history"><small>The opposing Altaria's Speed fell!</small><br></div><div class="spacer battle-history"><br></div><div class="battle-history">The opposing Altaria used <strong>Roost</strong>!<br></div><div class="battle-history"><small>The opposing Altaria restored its HP.</small><br></div><div class="spacer battle-history"><br></div><h2 class="battle-history">Turn 23</h2><div class="spacer battle-history"><br></div><div class="battle-history">Keldeo, come back!<br></div><div class="battle-history">Go! <strong>Bisharp</strong>!<br></div><div class="battle-history"><small>Bisharp is hurt by the spikes!</small><br></div><div class="spacer battle-history"><br></div><div class="battle-history">The opposing Altaria used <strong>Roost</strong>!<br></div><div class="battle-history"><small>The opposing Altaria restored its HP.</small><br></div><div class="spacer battle-history"><br></div><h2 class="battle-history">Turn 24</h2><div class="spacer battle-history"><br></div><div class="battle-history">pablocano withdrew Altaria!<br></div><div class="battle-history">pablocano sent out <strong>Ferrothorn</strong>!<br></div><div class="spacer battle-history"><br></div><div class="battle-history">Bisharp used <strong>Iron Head</strong>!<br></div><div class="battle-history"><small>It's not very effective...</small><br></div><div class="battle-history"><small>(The opposing Ferrothorn lost <abbr title="−45/352">12.8%</abbr> of its health!)</small><br></div><div class="battle-history"><small>[The opposing Ferrothorn's Iron Barbs]</small><br><small>Bisharp was hurt!</small><br></div><div class="spacer battle-history"><br></div><h2 class="battle-history">Turn 25</h2><div class="spacer battle-history"><br></div><div class="battle-history">Bisharp is paralyzed! It can't move!<br></div><div class="spacer battle-history"><br></div><div class="battle-history">The opposing Ferrothorn used <strong>Leech Seed</strong>!<br></div><div class="battle-history"><small>Bisharp was seeded!</small><br></div><div class="spacer battle-history"><br></div><div class="battle-history"><small>Bisharp's health is sapped by Leech Seed!</small><br></div><div class="spacer battle-history"><br></div><h2 class="battle-history">Turn 26</h2><div class="spacer battle-history"><br></div><div class="battle-history">Bisharp, come back!<br></div><div class="battle-history">Go! <strong>Chansey</strong>!<br></div><div class="battle-history"><small>Chansey is hurt by the spikes!</small><br></div><div class="spacer battle-history"><br></div><div class="battle-history">The opposing Ferrothorn used <strong>Spikes</strong>!<br></div><div class="battle-history"><small>Spikes were scattered on the ground all around your team!</small><br></div><div class="spacer battle-history"><br></div><h2 class="battle-history">Turn 27</h2><div class="spacer battle-history"><br></div><div class="battle-history">Chansey used <strong>Stealth Rock</strong>!<br></div><div class="battle-history"><small>Pointed stones float in the air around the opposing team!</small><br></div><div class="spacer battle-history"><br></div><div class="battle-history">The opposing Ferrothorn used <strong>Leech Seed</strong>!<br></div><div class="battle-history"><small>Chansey was seeded!</small><br></div><div class="spacer battle-history"><br></div><div class="battle-history"><small>Chansey's health is sapped by Leech Seed!</small><br></div><div class="spacer battle-history"><br></div><h2 class="battle-history">Turn 28</h2><div class="spacer battle-history"><br></div><div class="battle-history">Chansey, come back!<br></div><div class="battle-history">Go! <strong>Heatran</strong>!<br></div><div class="battle-history"><small>Heatran is hurt by the spikes!</small><br></div><div class="spacer battle-history"><br></div><div class="battle-history">The opposing Ferrothorn used <strong>Protect</strong>!<br></div><div class="battle-history"><small>But it failed!</small><br></div><div class="spacer battle-history"><br></div><h2 class="battle-history">Turn 29</h2><div class="spacer battle-history"><br></div><div class="battle-history">pablocano withdrew Ferrothorn!<br></div><div class="battle-history">pablocano sent out <strong>Slowbro</strong>!<br></div><div class="battle-history"><small>Pointed stones dug into the opposing Slowbro!</small><br></div><div class="spacer battle-history"><br></div><div class="battle-history">Heatran used <strong>Lava Plume</strong>!<br></div><div class="battle-history"><small>It's not very effective...</small><br></div><div class="battle-history"><small>(The opposing Slowbro lost <abbr title="−83/394">21.1%</abbr> of its health!)</small><br></div><div class="spacer battle-history"><br></div><div class="battle-history"><small>The opposing Slowbro restored a little HP using its Leftovers!</small><br></div><div class="spacer battle-history"><br></div><h2 class="battle-history">Turn 30</h2><div class="spacer battle-history"><br></div><div class="battle-history">Heatran, come back!<br></div><div class="battle-history">Go! <strong>Skarmory</strong>!<br></div><div class="spacer battle-history"><br></div><div class="battle-history">The opposing Slowbro used <strong>Scald</strong>!<br></div><div class="battle-history"><small>(Skarmory lost <abbr title="−130/334">38.9%</abbr> of its health!)</small><br></div><div class="spacer battle-history"><br></div><div class="battle-history"><small>The opposing Slowbro restored a little HP using its Leftovers!</small><br></div><div class="spacer battle-history"><br></div><h2 class="battle-history">Turn 31</h2><div class="spacer battle-history"><br></div><div class="battle-history">Skarmory used <strong>Defog</strong>!<br></div><div class="battle-history"><small>The opposing Slowbro's evasiveness fell!</small><br></div><div class="battle-history"><small>The pointed stones disappeared from around the opposing team!</small><br></div><div class="battle-history"><small>The spikes disappeared from the ground around your team!</small><br></div><div class="spacer battle-history"><br></div><div class="battle-history">The opposing Slowbro used <strong>Thunder Wave</strong>!<br></div><div class="battle-history"><small>Skarmory avoided the attack!</small><br></div><div class="spacer battle-history"><br></div><div class="battle-history"><small>The opposing Slowbro restored a little HP using its Leftovers!</small><br></div><div class="spacer battle-history"><br></div><h2 class="battle-history">Turn 32</h2><div class="spacer battle-history"><br></div><div class="battle-history">Skarmory, come back!<br></div><div class="battle-history">Go! <strong>Bisharp</strong>!<br></div><div class="spacer battle-history"><br></div><div class="battle-history">The opposing Slowbro used <strong>Thunder Wave</strong>!<br></div><div class="battle-history"><small>Bisharp is already paralyzed.</small><br></div><div class="spacer battle-history"><br></div><div class="battle-history"><small>The opposing Slowbro restored a little HP using its Leftovers!</small><br></div><div class="spacer battle-history"><br></div><h2 class="battle-history">Turn 33</h2><div class="spacer battle-history"><br></div><div class="battle-history">Bisharp, come back!<br></div><div class="battle-history">Go! <strong>Heatran</strong>!<br></div><div class="spacer battle-history"><br></div><div class="battle-history">pablocano withdrew Slowbro!<br></div><div class="battle-history">pablocano sent out <strong>Ferrothorn</strong>!<br></div><div class="spacer battle-history"><br></div><h2 class="battle-history">Turn 34</h2><div class="spacer battle-history"><br></div><div class="battle-history">pablocano withdrew Ferrothorn!<br></div><div class="battle-history">pablocano sent out <strong>Slowbro</strong>!<br></div><div class="spacer battle-history"><br></div><div class="battle-history">Heatran used <strong>Stealth Rock</strong>!<br></div><div class="battle-history"><small>Pointed stones float in the air around the opposing team!</small><br></div><div class="spacer battle-history"><br></div><h2 class="battle-history">Turn 35</h2><div class="spacer battle-history"><br></div><div class="battle-history">Heatran used <strong>Earth Power</strong>!<br></div><div class="battle-history"><small>(The opposing Slowbro lost <abbr title="−127/394">32.2%</abbr> of its health!)</small><br></div><div class="spacer battle-history"><br></div><div class="battle-history">The opposing Slowbro used <strong>Scald</strong>!<br></div><div class="battle-history"><small>It's super effective!</small><br></div><div class="battle-history"><small>(Heatran lost <abbr title="−182/323">56.3%</abbr> of its health!)</small><br></div><div class="spacer battle-history"><br></div><div class="battle-history"><small>The opposing Slowbro restored a little HP using its Leftovers!</small><br></div><div class="spacer battle-history"><br></div><h2 class="battle-history">Turn 36</h2><div class="spacer battle-history"><br></div><div class="battle-history">Heatran, come back!<br></div><div class="battle-history">Go! <strong>Chansey</strong>!<br></div><div class="spacer battle-history"><br></div><div class="battle-history">The opposing Slowbro used <strong>Thunder Wave</strong>!<br></div><div class="battle-history"><small>Chansey is paralyzed! It may be unable to move!</small><br></div><div class="spacer battle-history"><br></div><div class="battle-history"><small>The opposing Slowbro restored a little HP using its Leftovers!</small><br></div><div class="spacer battle-history"><br></div><h2 class="battle-history">Turn 37</h2><div class="spacer battle-history"><br></div><div class="battle-history">The opposing Slowbro used <strong>Slack Off</strong>!<br></div><div class="battle-history"><small>The opposing Slowbro restored its HP.</small><br></div><div class="spacer battle-history"><br></div><div class="battle-history">Chansey used <strong>Thunder Wave</strong>!<br></div><div class="battle-history"><small>The opposing Slowbro is paralyzed! It may be unable to move!</small><br></div><div class="spacer battle-history"><br></div><h2 class="battle-history">Turn 38</h2><div class="spacer battle-history"><br></div><div class="battle-history"><small>(Chansey is cured by its Natural Cure!)</small><br></div><div class="battle-history">Chansey, come back!<br></div><div class="battle-history">Go! Venusaur (<strong>Venusaur-Mega</strong>)!<br></div><div class="spacer battle-history"><br></div><div class="battle-history">pablocano withdrew Slowbro!<br></div><div class="battle-history">pablocano sent out <strong>Ferrothorn</strong>!<br></div><div class="battle-history"><small>Pointed stones dug into the opposing Ferrothorn!</small><br></div><div class="spacer battle-history"><br></div><h2 class="battle-history">Turn 39</h2><div class="spacer battle-history"><br></div><div class="battle-history">Venusaur, come back!<br></div><div class="battle-history">Go! <strong>Heatran</strong>!<br></div><div class="spacer battle-history"><br></div><div class="battle-history">The opposing Ferrothorn used <strong>Protect</strong>!<br></div><div class="battle-history"><small>But it failed!</small><br></div><div class="spacer battle-history"><br></div><h2 class="battle-history">Turn 40</h2><div class="spacer battle-history"><br></div><div class="battle-history">pablocano withdrew Ferrothorn!<br></div><div class="battle-history">pablocano sent out <strong>Slowbro</strong>!<br></div><div class="battle-history"><small>Pointed stones dug into the opposing Slowbro!</small><br></div><div class="spacer battle-history"><br></div><div class="battle-history">Heatran used <strong>Lava Plume</strong>!<br></div><div class="battle-history"><small>It's not very effective...</small><br></div><div class="battle-history"><small>(The opposing Slowbro lost <abbr title="−85/394">21.6%</abbr> of its health!)</small><br></div><div class="spacer battle-history"><br></div><div class="battle-history"><small>The opposing Slowbro restored a little HP using its Leftovers!</small><br></div><div class="spacer battle-history"><br></div><h2 class="battle-history">Turn 41</h2><div class="spacer battle-history"><br></div><div class="battle-history">Heatran, come back!<br></div><div class="battle-history">Go! <strong>Chansey</strong>!<br></div><div class="spacer battle-history"><br></div><div class="battle-history">The opposing Slowbro used <strong>Slack Off</strong>!<br></div><div class="battle-history"><small>The opposing Slowbro restored its HP.</small><br></div><div class="spacer battle-history"><br></div><h2 class="battle-history">Turn 42</h2><div class="spacer battle-history"><br></div><div class="battle-history">Chansey used <strong>Seismic Toss</strong>!<br></div><div class="battle-history"><small>(The opposing Slowbro lost <abbr title="−100/394">25.4%</abbr> of its health!)</small><br></div><div class="spacer battle-history"><br></div><div class="battle-history">The opposing Slowbro used <strong>Psyshock</strong>!<br></div><div class="battle-history"><small>(Chansey lost <abbr title="−135/678">19.9%</abbr> of its health!)</small><br></div><div class="spacer battle-history"><br></div><div class="battle-history"><small>The opposing Slowbro restored a little HP using its Leftovers!</small><br></div><div class="spacer battle-history"><br></div><h2 class="battle-history">Turn 43</h2><div class="spacer battle-history"><br></div><div class="battle-history">Chansey used <strong>Soft-Boiled</strong>!<br></div><div class="battle-history"><small>Chansey restored its HP.</small><br></div><div class="spacer battle-history"><br></div><div class="battle-history">The opposing Slowbro used <strong>Psyshock</strong>!<br></div><div class="battle-history"><small>A critical hit!</small><br></div><div class="battle-history"><small>(Chansey lost <abbr title="−220/678">32.4%</abbr> of its health!)</small><br></div><div class="spacer battle-history"><br></div><div class="battle-history"><small>The opposing Slowbro restored a little HP using its Leftovers!</small><br></div><div class="spacer battle-history"><br></div><h2 class="battle-history">Turn 44</h2><div class="spacer battle-history"><br></div><div class="battle-history">Chansey used <strong>Seismic Toss</strong>!<br></div><div class="battle-history"><small>(The opposing Slowbro lost <abbr title="−100/394">25.4%</abbr> of its health!)</small><br></div><div class="spacer battle-history"><br></div><div class="battle-history">The opposing Slowbro used <strong>Slack Off</strong>!<br></div><div class="battle-history"><small>The opposing Slowbro restored its HP.</small><br></div><div class="spacer battle-history"><br></div><h2 class="battle-history">Turn 45</h2><div class="spacer battle-history"><br></div><div class="battle-history">pablocano withdrew Slowbro!<br></div><div class="battle-history">pablocano sent out <strong>Ferrothorn</strong>!<br></div><div class="battle-history"><small>Pointed stones dug into the opposing Ferrothorn!</small><br></div><div class="spacer battle-history"><br></div><div class="battle-history">Chansey used <strong>Soft-Boiled</strong>!<br></div><div class="battle-history"><small>Chansey restored its HP.</small><br></div><div class="spacer battle-history"><br></div><h2 class="battle-history">Turn 46</h2><div class="spacer battle-history"><br></div><div class="battle-history">Chansey, come back!<br></div><div class="battle-history">Go! <strong>Keldeo</strong>!<br></div><div class="spacer battle-history"><br></div><div class="battle-history">The opposing Ferrothorn used <strong>Leech Seed</strong>!<br></div><div class="battle-history"><small>Keldeo was seeded!</small><br></div><div class="spacer battle-history"><br></div><div class="battle-history"><small>Keldeo's health is sapped by Leech Seed!</small><br></div><div class="spacer battle-history"><br></div><h2 class="battle-history">Turn 47</h2><div class="spacer battle-history"><br></div><div class="battle-history">The opposing Ferrothorn used <strong>Protect</strong>!<br></div><div class="battle-history"><small>The opposing Ferrothorn protected itself!</small><br></div><div class="spacer battle-history"><br></div><div class="battle-history">Keldeo used <strong>Secret Sword</strong>!<br></div><div class="battle-history"><small>The opposing Ferrothorn protected itself!</small><br></div><div class="spacer battle-history"><br></div><div class="battle-history"><small>Keldeo restored a little HP using its Leftovers!</small><br></div><div class="battle-history"><small>Keldeo's health is sapped by Leech Seed!</small><br></div><div class="spacer battle-history"><br></div><h2 class="battle-history">Turn 48</h2><div class="spacer battle-history"><br></div><div class="battle-history">pablocano withdrew Ferrothorn!<br></div><div class="battle-history">pablocano sent out <strong>Gliscor</strong>!<br></div><div class="battle-history"><small>Pointed stones dug into the opposing Gliscor!</small><br></div><div class="spacer battle-history"><br></div><div class="battle-history">Keldeo used <strong>Secret Sword</strong>!<br></div><div class="battle-history"><small>It's not very effective...</small><br></div><div class="battle-history"><small>(The opposing Gliscor lost <abbr title="−6/354">1.7%</abbr> of its health!)</small><br></div><div class="spacer battle-history"><br></div><div class="battle-history">The opposing Gliscor fainted!<br></div><div class="spacer battle-history"><br></div><div class="battle-history"><small>Keldeo restored a little HP using its Leftovers!</small><br></div><div class="spacer battle-history"><br></div><div class="battle-history">pablocano sent out <strong>Ferrothorn</strong>!<br></div><div class="battle-history"><small>Pointed stones dug into the opposing Ferrothorn!</small><br></div><div class="spacer battle-history"><br></div><h2 class="battle-history">Turn 49</h2><div class="spacer battle-history"><br></div><div class="battle-history">The opposing Ferrothorn used <strong>Protect</strong>!<br></div><div class="battle-history"><small>The opposing Ferrothorn protected itself!</small><br></div><div class="spacer battle-history"><br></div><div class="battle-history">Keldeo used <strong>Secret Sword</strong>!<br></div><div class="battle-history"><small>The opposing Ferrothorn protected itself!</small><br></div><div class="spacer battle-history"><br></div><div class="battle-history"><small>Keldeo restored a little HP using its Leftovers!</small><br></div><div class="battle-history"><small>Keldeo's health is sapped by Leech Seed!</small><br></div><div class="spacer battle-history"><br></div><h2 class="battle-history">Turn 50</h2><div class="spacer battle-history"><br></div><div class="battle-history">Keldeo, come back!<br></div><div class="battle-history">Go! <strong>Chansey</strong>!<br></div><div class="spacer battle-history"><br></div><div class="battle-history">pablocano withdrew Ferrothorn!<br></div><div class="battle-history">pablocano sent out <strong>Slowbro</strong>!<br></div><div class="battle-history"><small>Pointed stones dug into the opposing Slowbro!</small><br></div><div class="spacer battle-history"><br></div><div class="battle-history"><small>The opposing Slowbro restored a little HP using its Leftovers!</small><br></div><div class="spacer battle-history"><br></div><h2 class="battle-history">Turn 51</h2><div class="spacer battle-history"><br></div><div class="battle-history">Chansey used <strong>Seismic Toss</strong>!<br></div><div class="battle-history"><small>(The opposing Slowbro lost <abbr title="−100/394">25.4%</abbr> of its health!)</small><br></div><div class="spacer battle-history"><br></div><div class="battle-history">The opposing Slowbro used <strong>Scald</strong>!<br></div><div class="battle-history"><small>(Chansey lost <abbr title="−49/678">7.2%</abbr> of its health!)</small><br></div><div class="spacer battle-history"><br></div><div class="battle-history"><small>The opposing Slowbro restored a little HP using its Leftovers!</small><br></div><div class="spacer battle-history"><br></div><h2 class="battle-history">Turn 52</h2><div class="spacer battle-history"><br></div><div class="battle-history">Chansey, come back!<br></div><div class="battle-history">Go! <strong>Keldeo</strong>!<br></div><div class="spacer battle-history"><br></div><div class="battle-history">The opposing Slowbro used <strong>Psyshock</strong>!<br></div><div class="battle-history"><small>It's super effective!</small><br></div><div class="battle-history"><small>(Keldeo lost <abbr title="−218/356">61.2%</abbr> of its health!)</small><br></div><div class="spacer battle-history"><br></div><div class="battle-history"><small>Keldeo restored a little HP using its Leftovers!</small><br></div><div class="battle-history"><small>The opposing Slowbro restored a little HP using its Leftovers!</small><br></div><div class="spacer battle-history"><br></div><h2 class="battle-history">Turn 53</h2><div class="spacer battle-history"><br></div><div class="battle-history">Keldeo, come back!<br></div><div class="battle-history">Go! <strong>Chansey</strong>!<br></div><div class="spacer battle-history"><br></div><div class="battle-history">The opposing Slowbro used <strong>Slack Off</strong>!<br></div><div class="battle-history"><small>The opposing Slowbro restored its HP.</small><br></div><div class="spacer battle-history"><br></div><h2 class="battle-history">Turn 54</h2><div class="spacer battle-history"><br></div><div class="battle-history">Chansey used <strong>Seismic Toss</strong>!<br></div><div class="battle-history"><small>(The opposing Slowbro lost <abbr title="−100/394">25.4%</abbr> of its health!)</small><br></div><div class="spacer battle-history"><br></div><div class="battle-history">The opposing Slowbro is paralyzed! It can't move!<br></div><div class="spacer battle-history"><br></div><div class="battle-history"><small>The opposing Slowbro restored a little HP using its Leftovers!</small><br></div><div class="spacer battle-history"><br></div><h2 class="battle-history">Turn 55</h2><div class="spacer battle-history"><br></div><div class="battle-history">Chansey used <strong>Seismic Toss</strong>!<br></div><div class="battle-history"><small>(The opposing Slowbro lost <abbr title="−100/394">25.4%</abbr> of its health!)</small><br></div><div class="spacer battle-history"><br></div><div class="battle-history">The opposing Slowbro is paralyzed! It can't move!<br></div><div class="spacer battle-history"><br></div><div class="battle-history"><small>The opposing Slowbro restored a little HP using its Leftovers!</small><br></div><div class="spacer battle-history"><br></div><h2 class="battle-history">Turn 56</h2><div class="spacer battle-history"><br></div><div class="battle-history">Chansey used <strong>Seismic Toss</strong>!<br></div><div class="battle-history"><small>(The opposing Slowbro lost <abbr title="−100/394">25.4%</abbr> of its health!)</small><br></div><div class="spacer battle-history"><br></div><div class="battle-history">The opposing Slowbro used <strong>Slack Off</strong>!<br></div><div class="battle-history"><small>The opposing Slowbro restored its HP.</small><br></div><div class="spacer battle-history"><br></div><div class="battle-history"><small>The opposing Slowbro restored a little HP using its Leftovers!</small><br></div><div class="spacer battle-history"><br></div><h2 class="battle-history">Turn 57</h2><div class="spacer battle-history"><br></div><div class="battle-history">Chansey used <strong>Seismic Toss</strong>!<br></div><div class="battle-history"><small>(The opposing Slowbro lost <abbr title="−100/394">25.4%</abbr> of its health!)</small><br></div><div class="spacer battle-history"><br></div><div class="battle-history">The opposing Slowbro used <strong>Slack Off</strong>!<br></div><div class="battle-history"><small>The opposing Slowbro restored its HP.</small><br></div><div class="spacer battle-history"><br></div><h2 class="battle-history">Turn 58</h2><div class="spacer battle-history"><br></div><div class="battle-history">Chansey used <strong>Seismic Toss</strong>!<br></div><div class="battle-history"><small>(The opposing Slowbro lost <abbr title="−100/394">25.4%</abbr> of its health!)</small><br></div><div class="spacer battle-history"><br></div><div class="battle-history">The opposing Slowbro used <strong>Psyshock</strong>!<br></div><div class="battle-history"><small>(Chansey lost <abbr title="−127/678">18.7%</abbr> of its health!)</small><br></div><div class="spacer battle-history"><br></div><div class="battle-history"><small>The opposing Slowbro restored a little HP using its Leftovers!</small><br></div><div class="spacer battle-history"><br></div><h2 class="battle-history">Turn 59</h2><div class="spacer battle-history"><br></div><div class="battle-history">Chansey, come back!<br></div><div class="battle-history">Go! <strong>Bisharp</strong>!<br></div><div class="spacer battle-history"><br></div><div class="battle-history">The opposing Slowbro used <strong>Psyshock</strong>!<br></div><div class="battle-history"><small>It doesn't affect Bisharp...</small><br></div><div class="spacer battle-history"><br></div><div class="battle-history"><small>The opposing Slowbro restored a little HP using its Leftovers!</small><br></div><div class="spacer battle-history"><br></div><h2 class="battle-history">Turn 60</h2><div class="spacer battle-history"><br></div><div class="battle-history">Bisharp used <strong>Knock Off</strong>!<br></div><div class="battle-history"><small>It's super effective!</small><br></div><div class="battle-history"><small>(The opposing Slowbro lost <abbr title="−260/394">66.0%</abbr> of its health!)</small><br></div><div class="battle-history"><small>Bisharp knocked off the opposing Slowbro's Leftovers!</small><br></div><div class="spacer battle-history"><br></div><div class="battle-history">The opposing Slowbro is paralyzed! It can't move!<br></div><div class="spacer battle-history"><br></div><h2 class="battle-history">Turn 61</h2><div class="spacer battle-history"><br></div><div class="battle-history">pablocano withdrew Slowbro!<br></div><div class="battle-history">pablocano sent out <strong>Ferrothorn</strong>!<br></div><div class="battle-history"><small>Pointed stones dug into the opposing Ferrothorn!</small><br></div><div class="spacer battle-history"><br></div><div class="battle-history">Bisharp is paralyzed! It can't move!<br></div><div class="spacer battle-history"><br></div><h2 class="battle-history">Turn 62</h2><div class="spacer battle-history"><br></div><div class="battle-history">Bisharp, come back!<br></div><div class="battle-history">Go! Venusaur (<strong>Venusaur-Mega</strong>)!<br></div><div class="spacer battle-history"><br></div><div class="battle-history">The opposing Ferrothorn used <strong>Leech Seed</strong>!<br></div><div class="battle-history"><small>It doesn't affect Venusaur...</small><br></div><div class="spacer battle-history"><br></div><h2 class="battle-history">Turn 63</h2><div class="spacer battle-history"><br></div><div class="battle-history">Venusaur, come back!<br></div><div class="battle-history">Go! <strong>Heatran</strong>!<br></div><div class="spacer battle-history"><br></div><div class="battle-history">The opposing Ferrothorn used <strong>Spikes</strong>!<br></div><div class="battle-history"><small>Spikes were scattered on the ground all around your team!</small><br></div><div class="spacer battle-history"><br></div><h2 class="battle-history">Turn 64</h2><div class="spacer battle-history"><br></div><div class="battle-history">The opposing Ferrothorn used <strong>Protect</strong>!<br></div><div class="battle-history"><small>The opposing Ferrothorn protected itself!</small><br></div><div class="spacer battle-history"><br></div><div class="battle-history">Heatran used <strong>Earth Power</strong>!<br></div><div class="battle-history"><small>The opposing Ferrothorn protected itself!</small><br></div><div class="spacer battle-history"><br></div><h2 class="battle-history">Turn 65</h2><div class="spacer battle-history"><br></div><div class="battle-history">pablocano withdrew Ferrothorn!<br></div><div class="battle-history">pablocano sent out <strong>Slowbro</strong>!<br></div><div class="battle-history"><small>Pointed stones dug into the opposing Slowbro!</small><br></div><div class="spacer battle-history"><br></div><div class="battle-history">Heatran used <strong>Earth Power</strong>!<br></div><div class="battle-history"><small>(The opposing Slowbro lost <abbr title="−130/394">33.0%</abbr> of its health!)</small><br></div><div class="spacer battle-history"><br></div><h2 class="battle-history">Turn 66</h2><div class="spacer battle-history"><br></div><div class="battle-history">Heatran used <strong>Flash Cannon</strong>!<br></div><div class="battle-history"><small>It's not very effective...</small><br></div><div class="battle-history"><small>(The opposing Slowbro lost <abbr title="−34/394">8.6%</abbr> of its health!)</small><br></div><div class="spacer battle-history"><br></div><div class="battle-history">The opposing Slowbro fainted!<br></div><div class="spacer battle-history"><br></div><div class="battle-history">pablocano sent out <strong>Ferrothorn</strong>!<br></div><div class="battle-history"><small>Pointed stones dug into the opposing Ferrothorn!</small><br></div><div class="spacer battle-history"><br></div><h2 class="battle-history">Turn 67</h2><div class="spacer battle-history"><br></div><div class="battle-history">Heatran used <strong>Lava Plume</strong>!<br></div><div class="battle-history"><small>It's super effective!</small><br></div><div class="battle-history"><small>(The opposing Ferrothorn lost <abbr title="−276/352">78.4%</abbr> of its health!)</small><br></div><div class="spacer battle-history"><br></div><div class="battle-history">The opposing Ferrothorn fainted!<br></div><div class="spacer battle-history"><br></div><div class="battle-history">pablocano sent out Altaria (<strong>Altaria-Mega</strong>)!<br></div><div class="battle-history"><small>Pointed stones dug into the opposing Altaria!</small><br></div><div class="spacer battle-history"><br></div><h2 class="battle-history">Turn 68</h2><div class="spacer battle-history"><br></div><div class="battle-history">Heatran used <strong>Flash Cannon</strong>!<br></div><div class="battle-history"><small>It's super effective!</small><br></div><div class="battle-history"><small>(The opposing Altaria lost <abbr title="−258/353">73.1%</abbr> of its health!)</small><br></div><div class="spacer battle-history"><br></div><div class="battle-history">The opposing Altaria used <strong>Hyper Voice</strong>!<br></div><div class="battle-history"><small>It's not very effective...</small><br></div><div class="battle-history"><small>(Heatran lost <abbr title="−39/323">12.1%</abbr> of its health!)</small><br></div><div class="spacer battle-history"><br></div><h2 class="battle-history">Turn 69</h2><div class="chat chatmessage-just4funn2"><strong style="color:hsl(237,75%,62.742305343400005%)"><small>☆</small><span class="username" data-name="Just4Funn2♕">Just4Funn2♕</span>:</strong> <em>gg</em></div><div class="spacer battle-history"><br></div><div class="battle-history">Heatran used <strong>Flash Cannon</strong>!<br></div><div class="battle-history"><small>It's super effective!</small><br></div><div class="battle-history"><small>(The opposing Altaria lost <abbr title="−51/353">14.4%</abbr> of its health!)</small><br></div><div class="spacer battle-history"><br></div><div class="battle-history">The opposing Altaria fainted!<br></div><div class="spacer battle-history"><br></div><div class="battle-history"><strong>Just4Funn2♕</strong> won the battle!<br></div></div><div class="inner-preempt"></div></div></div>
</div>
<script>
let daily = Math.floor(Date.now()/1000/60/60/24);document.write('<script src="https://play.pokemonshowdown.com/js/replay-embed.js?version'+daily+'"></'+'script>');
</script>
