<!DOCTYPE html>
<meta charset="utf-8" />
<!-- version 1 -->
<title>OU replay: Zenoa vs. 🐂EdwardEllric🐂</title>
<style>
html,body {font-family:Verdana, sans-serif;font-size:10pt;margin:0;padding:0;}body{padding:12px 0;} .battle-log {font-family:Verdana, sans-serif;font-size:10pt;} .battle-log-inline {border:1px solid #AAAAAA;background:#EEF2F5;color:black;max-width:640px;margin:0 auto 80px;padding-bottom:5px;} .battle-log .inner {padding:4px 8px 0px 8px;} .battle-log .inner-preempt {padding:0 8px 4px 8px;} .battle-log .inner-after {margin-top:0.5em;} .battle-log h2 {margin:0.5em -8px;padding:4px 8px;border:1px solid #AAAAAA;background:#E0E7EA;border-left:0;border-right:0;font-family:Verdana, sans-serif;font-size:13pt;} .battle-log .chat {vertical-align:middle;padding:3px 0 3px 0;font-size:8pt;} .battle-log .chat strong {color:#40576A;} .battle-log .chat em {padding:1px 4px 1px 3px;color:#000000;font-style:normal;} .chat.mine {background:rgba(0,0,0,0.05);margin-left:-8px;margin-right:-8px;padding-left:8px;padding-right:8px;} .spoiler {color:#BBBBBB;background:#BBBBBB;padding:0px 3px;} .spoiler:hover, .spoiler:active, .spoiler-shown {color:#000000;background:#E2E2E2;padding:0px 3px;} .spoiler a {color:#BBBBBB;} .spoiler:hover a, .spoiler:active a, .spoiler-shown a {color:#2288CC;} .chat code, .chat .spoiler:hover code, .chat .spoiler:active code, .chat .spoiler-shown code {border:1px solid #C0C0C0;background:#EEEEEE;color:black;padding:0 2px;} .chat .spoiler code {border:1px solid #CCCCCC;background:#CCCCCC;color:#CCCCCC;} .battle-log .rated {padding:3px 4px;} .battle-log .rated strong {color:white;background:#89A;padding:1px 4px;border-radius:4px;} .spacer {margin-top:0.5em;} .message-announce {background:#6688AA;color:white;padding:1px 4px 2px;} .message-announce a, .broadcast-green a, .broadcast-blue a, .broadcast-red a {color:#DDEEFF;} .broadcast-green {background-color:#559955;color:white;padding:2px 4px;} .broadcast-blue {background-color:#6688AA;color:white;padding:2px 4px;} .infobox {border:1px solid #6688AA;padding:2px 4px;} .infobox-limited {max-height:200px;overflow:auto;overflow-x:hidden;} .broadcast-red {background-color:#AA5544;color:white;padding:2px 4px;} .message-learn-canlearn {font-weight:bold;color:#228822;text-decoration:underline;} .message-learn-cannotlearn {font-weight:bold;color:#CC2222;text-decoration:underline;} .message-effect-weak {font-weight:bold;color:#CC2222;} .message-effect-resist {font-weight:bold;color:#6688AA;} .message-effect-immune {font-weight:bold;color:#666666;} .message-learn-list {margin-top:0;margin-bottom:0;} .message-throttle-notice, .message-error {color:#992222;} .message-overflow, .chat small.message-overflow {font-size:0pt;} .message-overflow::before {font-size:9pt;content:'...';} .subtle {color:#3A4A66;}
</style>
<div class="wrapper replay-wrapper" style="max-width:1180px;margin:0 auto">
<input type="hidden" name="replayid" value="destiny-ou-540246" />
<div class="battle"></div><div class="battle-log"></div><div class="replay-controls"></div><div class="replay-controls-2"></div>
<h1 style="font-weight:normal;text-align:center"><strong>OU</strong><br /><a href="http://pokemonshowdown.com/users/zenoa" class="subtle" target="_blank">Zenoa</a> vs. <a href="http://pokemonshowdown.com/users/edwardellric" class="subtle" target="_blank">🐂EdwardEllric🐂</a></h1>
<script type="text/plain" class="battle-log-data">|unlink|||tour
|player|p1|Zenoa|zenoa-2.gif?0fdac92d
|teamsize|p1|6
|player|p2|🐂EdwardEllric🐂|edwardellric-3.gif?845b2fc8
|teamsize|p2|6
|teamsize|p1|6
|teamsize|p2|6
|gametype|singles
|gen|7
|tier|OU
|seed|40405,45502,59254,12739
|rule|Cláusula-Mod de Dormir: solo puedes dormir a uno de tus oponentes a la vez.
|rule|Cláusula de Especie: Hasta un Pokémon de cada especie
|rule|Cláusula de Golpe Fulminante: los movimientos fulminantes (OHKO) estan prohibidos
|rule|Cláusula de Veleta: la habilidad Veleta está prohibida
|rule|Cláusula de Movimientos Evasivos: los movimientos de Evasión están prohibidos.
|rule|Cláusula de Batallas Eternas: forzar batallas eternas está prohibido
|clearpoke
|poke|p1|Smeargle, M, shiny|item
|poke|p1|Komala, M|item
|poke|p1|Volcarona, M|item
|poke|p1|Dragonite, F|item
|poke|p1|Pinsir, F|item
|poke|p1|Mimikyu, M|item
|poke|p2|Terrakion|item
|poke|p2|Charizard, M|item
|poke|p2|Landorus-Therian, M|item
|poke|p2|Clefable, F|item
|poke|p2|Zapdos|item
|poke|p2|Hoopa-Unbound|item
|teampreview|undefined
|choice|*|*team 123456
|c|☆🐂EdwardEllric🐂|
|choice|*team 123456|*
|choice|team 1, 2, 3, 4, 5, 6|team 1, 2, 3, 4, 5, 6
|
|start
|switch|p1a: Smeargle|Smeargle, M, shiny|313\/313
|switch|p2a: Terrakion|Terrakion|323\/323
|turn|1
|choice|*move 3|*
|choice|*|*move 4
|choice|move spore|move substitute
|
|move|p2a: Terrakion|Substitute|p2a: Terrakion
|-start|p2a: Terrakion|Substitute
|-damage|p2a: Terrakion|243\/323
|move|p1a: Smeargle|Spore|p2a: Terrakion
|-fail|p2a: Terrakion
|
|upkeep
|turn|2
|choice|*move 1|*
|choice|*|*move 3
|choice|move stickyweb|move swordsdance
|
|move|p2a: Terrakion|Swords Dance|p2a: Terrakion
|-boost|p2a: Terrakion|atk|2
|move|p1a: Smeargle|Sticky Web|p2a: Terrakion
|-sidestart|p2: 🐂EdwardEllric🐂|move: Sticky Web
|
|upkeep
|turn|3
|choice|*move 2|*
|choice|*|*move 1
|choice|move stealthrock|move closecombat
|
|move|p2a: Terrakion|Close Combat|p1a: Smeargle
|-supereffective|p1a: Smeargle
|-enditem|p1a: Smeargle|Focus Sash
|-damage|p1a: Smeargle|1\/313
|-unboost|p2a: Terrakion|def|1
|-unboost|p2a: Terrakion|spd|1
|move|p1a: Smeargle|Stealth Rock|p2a: Terrakion
|-sidestart|p2: 🐂EdwardEllric🐂|move: Stealth Rock
|
|upkeep
|turn|4
|choice|*move 4|*
|choice|*|*move 3
|choice|move nuzzle|move swordsdance
|
|move|p2a: Terrakion|Swords Dance|p2a: Terrakion
|-boost|p2a: Terrakion|atk|2
|move|p1a: Smeargle|Nuzzle|p2a: Terrakion
|-activate|p2a: Terrakion|move: Substitute|[damage]
|
|upkeep
|turn|5
|choice|*move 4|*
|choice|*|*move 1
|choice|move nuzzle|move closecombat
|
|move|p2a: Terrakion|Close Combat|p1a: Smeargle
|-supereffective|p1a: Smeargle
|-damage|p1a: Smeargle|0 fnt
|-unboost|p2a: Terrakion|def|1
|-unboost|p2a: Terrakion|spd|1
|faint|p1a: Smeargle
|
|upkeep
|choice|*switch 6|*
|choice|switch 6|
|
|switch|p1a: Mimikyu|Mimikyu, M|251\/251
|turn|6
|choice|*move 3|*
|choice|*|*move 2
|choice|move playrough|move stoneedge
|
|move|p2a: Terrakion|Stone Edge|p1a: Mimikyu
|-activate|p1a: Mimikyu|ability: Disguise
|-damage|p1a: Mimikyu|251\/251
|detailschange|p1a: Mimikyu|Mimikyu-Busted, M
|move|p1a: Mimikyu|Play Rough|p2a: Terrakion
|-supereffective|p2a: Terrakion
|-end|p2a: Terrakion|Substitute
|-damage|p1a: Mimikyu|226\/251|[from] item: Life Orb
|
|upkeep
|turn|7
|choice|*move 2|*
|choice|*|*move 2 zmove
|choice|move shadowsneak|move stoneedge zmove
|
|move|p1a: Mimikyu|Shadow Sneak|p2a: Terrakion
|-damage|p2a: Terrakion|66\/323
|-damage|p1a: Mimikyu|201\/251|[from] item: Life Orb
|-zpower|p2a: Terrakion
|move|p2a: Terrakion|Continental Crush|p1a: Mimikyu|[zeffect]
|-damage|p1a: Mimikyu|0 fnt
|faint|p1a: Mimikyu
|
|upkeep
|choice|*switch 3|*
|choice|switch 3|
|
|switch|p1a: Volcarona|Volcarona, M|311\/311
|turn|8
|choice|*move 4|*
|choice|*|*move 2
|choice|move hiddenpower|move stoneedge
|
|move|p2a: Terrakion|Stone Edge|p1a: Volcarona
|-supereffective|p1a: Volcarona
|-damage|p1a: Volcarona|0 fnt
|faint|p1a: Volcarona
|
|upkeep
|c|☆Zenoa|es mas rapido
|c|☆Zenoa|alv
|c|☆🐂EdwardEllric🐂|Si lol
|choice|*switch 5|*
|choice|switch 5|
|
|switch|p1a: Pinsir|Pinsir, F|271\/271
|turn|9
|choice|*move 4 mega|*
|choice|*|*move 2
|choice|move quickattack mega|move stoneedge
|
|-mega|p1a: Pinsir|Pinsir|Pinsirite
|detailschange|p1a: Pinsir|Pinsir-Mega, F
|move|p1a: Pinsir|Quick Attack|p2a: Terrakion
|-damage|p2a: Terrakion|0 fnt
|faint|p2a: Terrakion
|
|upkeep
|choice|*|*switch 5
|choice||switch 5
|
|switch|p2a: Zapdos|Zapdos|383\/383
|-damage|p2a: Zapdos|288\/383|[from] Stealth Rock
|-ability|p2a: Zapdos|Pressure
|turn|10
|choice|*|*move 4
|choice|*switch 4|*
|choice|switch 4|move defog
|
|switch|p1a: Dragonite|Dragonite, F|323\/323
|move|p2a: Zapdos|Defog|p1a: Dragonite
|-unboost|p1a: Dragonite|evasion|1
|-sideend|p2: 🐂EdwardEllric🐂|Stealth Rock|[from] move: Defog|[of] p2a: Zapdos
|-sideend|p2: 🐂EdwardEllric🐂|Sticky Web|[from] move: Defog|[of] p2a: Zapdos
|
|-heal|p2a: Zapdos|311\/383|[from] item: Leftovers
|upkeep
|turn|11
|choice|*|*move 1
|choice|*move 1|*
|choice|move dragondance|move thunderbolt
|
|move|p1a: Dragonite|Dragon Dance|p1a: Dragonite
|-boost|p1a: Dragonite|atk|1
|-boost|p1a: Dragonite|spe|1
|move|p2a: Zapdos|Thunderbolt|p1a: Dragonite
|-damage|p1a: Dragonite|260\/323
|
|-heal|p2a: Zapdos|334\/383|[from] item: Leftovers
|upkeep
|turn|12
|choice|*move 1|*
|choice|*|*move 2
|choice|move dragondance|move hiddenpower
|
|move|p1a: Dragonite|Dragon Dance|p1a: Dragonite
|-boost|p1a: Dragonite|atk|1
|-boost|p1a: Dragonite|spe|1
|move|p2a: Zapdos|Hidden Power|p1a: Dragonite
|-supereffective|p1a: Dragonite
|-damage|p1a: Dragonite|20\/323
|-enditem|p1a: Dragonite|Weakness Policy
|-boost|p1a: Dragonite|atk|2
|-boost|p1a: Dragonite|spa|2
|
|-heal|p2a: Zapdos|357\/383|[from] item: Leftovers
|upkeep
|turn|13
|c|☆🐂EdwardEllric🐂|alv
|choice|*move 3|*
|choice|*|*switch 6
|choice|move icepunch|switch 6
|
|switch|p2a: Hoopa|Hoopa-Unbound|302\/302
|move|p1a: Dragonite|Ice Punch|p2a: Hoopa
|-damage|p2a: Hoopa|0 fnt
|faint|p2a: Hoopa
|
|upkeep
|choice|*|*switch 4
|choice||switch 4
|
|switch|p2a: Clefable|Clefable, F|394\/394
|turn|14
|choice|*|*move 1
|choice|*move 2|*
|choice|move firepunch|move moonblast
|
|move|p1a: Dragonite|Fire Punch|p2a: Clefable
|-damage|p2a: Clefable|302\/394
|move|p2a: Clefable|Moonblast|p1a: Dragonite
|-supereffective|p1a: Dragonite
|-damage|p1a: Dragonite|0 fnt
|faint|p1a: Dragonite
|
|-heal|p2a: Clefable|326\/394|[from] item: Leftovers
|upkeep
|choice|*switch 2|*
|choice|switch 2|
|
|switch|p1a: Komala|Komala, M|300\/300
|-ability|p1a: Komala|Comatose
|turn|15
|choice|*move 1|*
|choice|*|*move 1
|choice|move sleeptalk|move moonblast
|
|move|p1a: Komala|Sleep Talk|p1a: Komala
|move|p1a: Komala|Last Resort|p2a: Clefable|[from]Sleep Talk
|-damage|p2a: Clefable|0 fnt
|faint|p2a: Clefable
|
|upkeep
|c|☆Zenoa|ignorate estaa
|choice|*|*switch 3
|choice||switch 3
|
|switch|p2a: Landorus|Landorus-Therian, M|321\/321
|-ability|p2a: Landorus|Intimidate|boost
|-unboost|p1a: Komala|atk|1
|turn|16
|choice|*|*move 1
|choice|*|*move 1
|choice|*|*move 2
|choice|*move 1|*
|choice|move sleeptalk|move uturn
|
|move|p2a: Landorus|U-turn|p1a: Komala
|-damage|p1a: Komala|167\/300
|choice|*|*switch 6
|choice||switch 6
|
|switch|p2a: Zapdos|Zapdos|357\/383|[from]move: U-turn
|-ability|p2a: Zapdos|Pressure
|move|p1a: Komala|Sleep Talk|p1a: Komala
|move|p1a: Komala|Last Resort|p2a: Zapdos|[from]Sleep Talk
|-damage|p2a: Zapdos|138\/383
|
|-heal|p2a: Zapdos|161\/383|[from] item: Leftovers
|upkeep
|turn|17
|choice|*move 1|*
|choice|*|*move 3
|choice|move sleeptalk|move roost
|
|move|p2a: Zapdos|Roost|p2a: Zapdos
|-heal|p2a: Zapdos|353\/383
|move|p1a: Komala|Sleep Talk|p1a: Komala
|move|p1a: Komala|Last Resort|p2a: Zapdos|[from]Sleep Talk
|-damage|p2a: Zapdos|143\/383
|
|-heal|p2a: Zapdos|166\/383|[from] item: Leftovers
|upkeep
|turn|18
|choice|*move 1|*
|choice|*|*move 3
|choice|move sleeptalk|move roost
|
|move|p2a: Zapdos|Roost|p2a: Zapdos
|-heal|p2a: Zapdos|358\/383
|move|p1a: Komala|Sleep Talk|p1a: Komala
|move|p1a: Komala|Last Resort|p2a: Zapdos|[from]Sleep Talk
|-damage|p2a: Zapdos|157\/383
|
|-heal|p2a: Zapdos|180\/383|[from] item: Leftovers
|upkeep
|turn|19
|choice|*move 1|*
|choice|*|*move 3
|choice|move sleeptalk|move roost
|
|move|p2a: Zapdos|Roost|p2a: Zapdos
|-heal|p2a: Zapdos|372\/383
|move|p1a: Komala|Sleep Talk|p1a: Komala
|move|p1a: Komala|Last Resort|p2a: Zapdos|[from]Sleep Talk
|-damage|p2a: Zapdos|179\/383
|
|-heal|p2a: Zapdos|202\/383|[from] item: Leftovers
|upkeep
|turn|20
|c| RvN Baron|
|choice|*move 1|*
|choice|*|*move 3
|choice|move sleeptalk|move roost
|
|move|p2a: Zapdos|Roost|p2a: Zapdos
|-heal|p2a: Zapdos|383\/383
|move|p1a: Komala|Sleep Talk|p1a: Komala
|move|p1a: Komala|Last Resort|p2a: Zapdos|[from]Sleep Talk
|-damage|p2a: Zapdos|197\/383
|
|-heal|p2a: Zapdos|220\/383|[from] item: Leftovers
|upkeep
|turn|21
|choice|*move 1|*
|choice|*switch 4|*
|choice|*|*move 3
|choice|switch 4|move roost
|
|switch|p1a: Pinsir|Pinsir-Mega, F|271\/271
|move|p2a: Zapdos|Roost|p2a: Zapdos
|-heal|p2a: Zapdos|383\/383
|
|upkeep
|turn|22
|choice|*|*move 1
|choice|*switch 4|*
|choice|switch 4|move thunderbolt
|
|switch|p1a: Komala|Komala, M|167\/300
|-ability|p1a: Komala|Comatose
|move|p2a: Zapdos|Thunderbolt|p1a: Komala
|-damage|p1a: Komala|34\/300
|
|upkeep
|turn|23
|choice|*move 1|*
|choice|*|*move 1
|choice|move sleeptalk|move thunderbolt
|
|move|p2a: Zapdos|Thunderbolt|p1a: Komala
|-damage|p1a: Komala|0 fnt
|faint|p1a: Komala
|
|upkeep
|choice|*switch 4|*
|choice|switch 4|
|
|switch|p1a: Pinsir|Pinsir-Mega, F|271\/271
|turn|24
|choice|*move 1|*
|choice|*|*switch 6
|choice|move swordsdance|switch 6
|
|switch|p2a: Landorus|Landorus-Therian, M|321\/321
|-ability|p2a: Landorus|Intimidate|boost
|-unboost|p1a: Pinsir|atk|1
|move|p1a: Pinsir|Swords Dance|p1a: Pinsir
|-boost|p1a: Pinsir|atk|2
|
|upkeep
|turn|25
|c| RvN Baron|pinshe komala ia tenia la partida ganada 
|choice|*move 1|*
|choice|*|*move 1
|choice|move swordsdance|move explosion
|
|move|p2a: Landorus|Explosion|p1a: Pinsir
|-damage|p1a: Pinsir|0 fnt
|faint|p2a: Landorus
|faint|p1a: Pinsir
|
|win|🐂EdwardEllric🐂
</script>
</div>
<div class="battle-log battle-log-inline"><div class="inner"><div class="battle-options"></div><div class="inner"><div class=""><small>Format:</small> <br><strong>OU</strong></div><div class=""><small><em>Cláusula-Mod de Dormir:</em> solo puedes dormir a uno de tus oponentes a la vez.</small></div><div class=""><small><em>Cláusula de Especie:</em> Hasta un Pokémon de cada especie</small></div><div class=""><small><em>Cláusula de Golpe Fulminante:</em> los movimientos fulminantes (OHKO) estan prohibidos</small></div><div class=""><small><em>Cláusula de Veleta:</em> la habilidad Veleta está prohibida</small></div><div class=""><small><em>Cláusula de Movimientos Evasivos:</em> los movimientos de Evasión están prohibidos.</small></div><div class=""><small><em>Cláusula de Batallas Eternas:</em> forzar batallas eternas está prohibido</small></div><div class="chat battle-history"><strong>Zenoa's team:</strong> <em style="color:#445566;display:block;">Smeargle / Komala / Volcarona / Dragonite / Pinsir / Mimikyu</em></div><div class="chat battle-history"><strong>🐂EdwardEllric🐂's team:</strong> <em style="color:#445566;display:block;">Terrakion / Charizard / Landorus-Therian / Clefable / Zapdos / Hoopa-Unbound</em></div><div class="chat chatmessage-edwardellric"><strong style="color:hsl(55,45%,33%)"><small>☆</small><span class="username" data-name="🐂EdwardEllric🐂">🐂EdwardEllric🐂</span>:</strong> <em></em></div><div class="spacer battle-history"><br></div><div class="battle-history">Battle started between Zenoa and 🐂EdwardEllric🐂!<br></div><div class="spacer battle-history"><br></div><div class="battle-history">Go! <strong>Smeargle</strong>!<br></div><div class="spacer battle-history"><br></div><div class="battle-history">🐂EdwardEllric🐂 sent out <strong>Terrakion</strong>!<br></div><div class="spacer battle-history"><br></div><h2 class="battle-history">Turn 1</h2><div class="spacer battle-history"><br></div><div class="battle-history">The opposing Terrakion used <strong>Substitute</strong>!<br></div><div class="battle-history"><small>The opposing Terrakion put in a substitute!</small><br></div><div class="battle-history"><small>(The opposing Terrakion lost <abbr title="−80/323">24.8%</abbr> of its health!)</small><br></div><div class="spacer battle-history"><br></div><div class="battle-history">Smeargle used <strong>Spore</strong>!<br></div><div class="battle-history"><small>But it failed!</small><br></div><div class="spacer battle-history"><br></div><h2 class="battle-history">Turn 2</h2><div class="spacer battle-history"><br></div><div class="battle-history">The opposing Terrakion used <strong>Swords Dance</strong>!<br></div><div class="battle-history"><small>The opposing Terrakion's Attack rose sharply!</small><br></div><div class="spacer battle-history"><br></div><div class="battle-history">Smeargle used <strong>Sticky Web</strong>!<br></div><div class="battle-history"><small>A sticky web spreads out on the ground around the opposing team!</small><br></div><div class="spacer battle-history"><br></div><h2 class="battle-history">Turn 3</h2><div class="spacer battle-history"><br></div><div class="battle-history">The opposing Terrakion used <strong>Close Combat</strong>!<br></div><div class="battle-history"><small>It's super effective!</small><br></div><div class="battle-history"><small>Smeargle hung on using its Focus Sash!</small><br></div><div class="battle-history"><small>(Smeargle lost <abbr title="−312/313">99.7%</abbr> of its health!)</small><br></div><div class="battle-history"><small>The opposing Terrakion's Defense fell!</small><br></div><div class="battle-history"><small>The opposing Terrakion's Special Defense fell!</small><br></div><div class="spacer battle-history"><br></div><div class="battle-history">Smeargle used <strong>Stealth Rock</strong>!<br></div><div class="battle-history"><small>Pointed stones float in the air around the opposing team!</small><br></div><div class="spacer battle-history"><br></div><h2 class="battle-history">Turn 4</h2><div class="spacer battle-history"><br></div><div class="battle-history">The opposing Terrakion used <strong>Swords Dance</strong>!<br></div><div class="battle-history"><small>The opposing Terrakion's Attack rose sharply!</small><br></div><div class="spacer battle-history"><br></div><div class="battle-history">Smeargle used <strong>Nuzzle</strong>!<br></div><div class="battle-history"><small>The substitute took damage for the opposing Terrakion!</small><br></div><div class="spacer battle-history"><br></div><h2 class="battle-history">Turn 5</h2><div class="spacer battle-history"><br></div><div class="battle-history">The opposing Terrakion used <strong>Close Combat</strong>!<br></div><div class="battle-history"><small>It's super effective!</small><br></div><div class="battle-history"><small>(Smeargle lost <abbr title="−1/313">0.3%</abbr> of its health!)</small><br></div><div class="battle-history"><small>The opposing Terrakion's Defense fell!</small><br></div><div class="battle-history"><small>The opposing Terrakion's Special Defense fell!</small><br></div><div class="spacer battle-history"><br></div><div class="battle-history">Smeargle fainted!<br></div><div class="spacer battle-history"><br></div><div class="battle-history">Go! <strong>Mimikyu</strong>!<br></div><div class="spacer battle-history"><br></div><h2 class="battle-history">Turn 6</h2><div class="spacer battle-history"><br></div><div class="battle-history">The opposing Terrakion used <strong>Stone Edge</strong>!<br></div><div class="battle-history"><small>[Mimikyu's Disguise]</small><br><small>Its disguise served it as a decoy!</small><br></div><div class="battle-history"><small>(Mimikyu lost <abbr title="0/251">0%</abbr> of its health!)</small><br></div><div class="battle-history">Mimikyu's disguise was busted!<br></div><div class="spacer battle-history"><br></div><div class="battle-history">Mimikyu used <strong>Play Rough</strong>!<br></div><div class="battle-history"><small>It's super effective!</small><br></div><div class="battle-history"><small>The opposing Terrakion's substitute faded!</small><br></div><div class="battle-history"><small>Mimikyu lost some of its HP!</small><br></div><div class="spacer battle-history"><br></div><h2 class="battle-history">Turn 7</h2><div class="spacer battle-history"><br></div><div class="battle-history">Mimikyu used <strong>Shadow Sneak</strong>!<br></div><div class="battle-history"><small>(The opposing Terrakion lost <abbr title="−177/323">54.8%</abbr> of its health!)</small><br></div><div class="battle-history"><small>Mimikyu lost some of its HP!</small><br></div><div class="battle-history"><small>The opposing Terrakion surrounded itself with its Z-Power!</small><br></div><div class="spacer battle-history"><br></div><div class="battle-history">The opposing Terrakion used <strong>Continental Crush</strong>!<br></div><div class="battle-history"><small>(Mimikyu lost <abbr title="−201/251">80.1%</abbr> of its health!)</small><br></div><div class="spacer battle-history"><br></div><div class="battle-history">Mimikyu fainted!<br></div><div class="spacer battle-history"><br></div><div class="battle-history">Go! <strong>Volcarona</strong>!<br></div><div class="spacer battle-history"><br></div><h2 class="battle-history">Turn 8</h2><div class="spacer battle-history"><br></div><div class="battle-history">The opposing Terrakion used <strong>Stone Edge</strong>!<br></div><div class="battle-history"><small>It's super effective!</small><br></div><div class="battle-history"><small>(Volcarona lost <abbr title="−311/311">100%</abbr> of its health!)</small><br></div><div class="spacer battle-history"><br></div><div class="battle-history">Volcarona fainted!<br></div><div class="chat chatmessage-zenoa"><strong style="color:hsl(87,41%,35%)"><small>☆</small><span class="username" data-name="Zenoa">Zenoa</span>:</strong> <em>es mas rapido</em></div><div class="chat chatmessage-zenoa"><strong style="color:hsl(87,41%,35%)"><small>☆</small><span class="username" data-name="Zenoa">Zenoa</span>:</strong> <em>alv</em></div><div class="chat chatmessage-edwardellric"><strong style="color:hsl(55,45%,33%)"><small>☆</small><span class="username" data-name="🐂EdwardEllric🐂">🐂EdwardEllric🐂</span>:</strong> <em>Si lol</em></div><div class="spacer battle-history"><br></div><div class="battle-history">Go! <strong>Pinsir</strong>!<br></div><div class="spacer battle-history"><br></div><h2 class="battle-history">Turn 9</h2><div class="spacer battle-history"><br></div><div class="battle-history"><small>Pinsir's Pinsirite is reacting to the Key Stone!</small><br>Pinsir has Mega Evolved into Mega Pinsir!<br></div><div class="spacer battle-history"><br></div><div class="battle-history">Pinsir used <strong>Quick Attack</strong>!<br></div><div class="battle-history"><small>(The opposing Terrakion lost <abbr title="−66/323">20.4%</abbr> of its health!)</small><br></div><div class="spacer battle-history"><br></div><div class="battle-history">The opposing Terrakion fainted!<br></div><div class="spacer battle-history"><br></div><div class="battle-history">🐂EdwardEllric🐂 sent out <strong>Zapdos</strong>!<br></div><div class="battle-history"><small>Pointed stones dug into the opposing Zapdos!</small><br></div><div class="battle-history"><small>[The opposing Zapdos's Pressure]</small><br><small>The opposing Zapdos is exerting its pressure!</small><br></div><div class="spacer battle-history"><br></div><h2 class="battle-history">Turn 10</h2><div class="spacer battle-history"><br></div><div class="battle-history">Pinsir, come back!<br></div><div class="battle-history">Go! <strong>Dragonite</strong>!<br></div><div class="spacer battle-history"><br></div><div class="battle-history">The opposing Zapdos used <strong>Defog</strong>!<br></div><div class="battle-history"><small>Dragonite's evasiveness fell!</small><br></div><div class="battle-history"><small>The pointed stones disappeared from around the opposing team!</small><br></div><div class="battle-history"><small>The sticky web has disappeared from the ground around the opposing team!</small><br></div><div class="spacer battle-history"><br></div><div class="battle-history"><small>The opposing Zapdos restored a little HP using its Leftovers!</small><br></div><div class="spacer battle-history"><br></div><h2 class="battle-history">Turn 11</h2><div class="spacer battle-history"><br></div><div class="battle-history">Dragonite used <strong>Dragon Dance</strong>!<br></div><div class="battle-history"><small>Dragonite's Attack rose!</small><br></div><div class="battle-history"><small>Dragonite's Speed rose!</small><br></div><div class="spacer battle-history"><br></div><div class="battle-history">The opposing Zapdos used <strong>Thunderbolt</strong>!<br></div><div class="battle-history"><small>(Dragonite lost <abbr title="−63/323">19.5%</abbr> of its health!)</small><br></div><div class="spacer battle-history"><br></div><div class="battle-history"><small>The opposing Zapdos restored a little HP using its Leftovers!</small><br></div><div class="spacer battle-history"><br></div><h2 class="battle-history">Turn 12</h2><div class="spacer battle-history"><br></div><div class="battle-history">Dragonite used <strong>Dragon Dance</strong>!<br></div><div class="battle-history"><small>Dragonite's Attack rose!</small><br></div><div class="battle-history"><small>Dragonite's Speed rose!</small><br></div><div class="spacer battle-history"><br></div><div class="battle-history">The opposing Zapdos used <strong>Hidden Power</strong>!<br></div><div class="battle-history"><small>It's super effective!</small><br></div><div class="battle-history"><small>(Dragonite lost <abbr title="−240/323">74.3%</abbr> of its health!)</small><br></div><div class="battle-history"><small>(Dragonite used its Weakness Policy!)</small><br></div><div class="battle-history"><small>Dragonite's Attack rose sharply!</small><br></div><div class="battle-history"><small>Dragonite's Special Attack rose sharply!</small><br></div><div class="spacer battle-history"><br></div><div class="battle-history"><small>The opposing Zapdos restored a little HP using its Leftovers!</small><br></div><div class="spacer battle-history"><br></div><h2 class="battle-history">Turn 13</h2><div class="chat chatmessage-edwardellric"><strong style="color:hsl(55,45%,33%)"><small>☆</small><span class="username" data-name="🐂EdwardEllric🐂">🐂EdwardEllric🐂</span>:</strong> <em>alv</em></div><div class="spacer battle-history"><br></div><div class="battle-history">🐂EdwardEllric🐂 withdrew Zapdos!<br></div><div class="battle-history">🐂EdwardEllric🐂 sent out Hoopa (<strong>Hoopa-Unbound</strong>)!<br></div><div class="spacer battle-history"><br></div><div class="battle-history">Dragonite used <strong>Ice Punch</strong>!<br></div><div class="battle-history"><small>(The opposing Hoopa lost <abbr title="−302/302">100%</abbr> of its health!)</small><br></div><div class="spacer battle-history"><br></div><div class="battle-history">The opposing Hoopa fainted!<br></div><div class="spacer battle-history"><br></div><div class="battle-history">🐂EdwardEllric🐂 sent out <strong>Clefable</strong>!<br></div><div class="spacer battle-history"><br></div><h2 class="battle-history">Turn 14</h2><div class="spacer battle-history"><br></div><div class="battle-history">Dragonite used <strong>Fire Punch</strong>!<br></div><div class="battle-history"><small>(The opposing Clefable lost <abbr title="−92/394">23.4%</abbr> of its health!)</small><br></div><div class="spacer battle-history"><br></div><div class="battle-history">The opposing Clefable used <strong>Moonblast</strong>!<br></div><div class="battle-history"><small>It's super effective!</small><br></div><div class="battle-history"><small>(Dragonite lost <abbr title="−20/323">6.2%</abbr> of its health!)</small><br></div><div class="spacer battle-history"><br></div><div class="battle-history">Dragonite fainted!<br></div><div class="spacer battle-history"><br></div><div class="battle-history"><small>The opposing Clefable restored a little HP using its Leftovers!</small><br></div><div class="spacer battle-history"><br></div><div class="battle-history">Go! <strong>Komala</strong>!<br></div><div class="battle-history"><small>[Komala's Comatose]</small><br><small>Komala is drowsing!</small><br></div><div class="spacer battle-history"><br></div><h2 class="battle-history">Turn 15</h2><div class="spacer battle-history"><br></div><div class="battle-history">Komala used <strong>Sleep Talk</strong>!<br></div><div class="spacer battle-history"><br></div><div class="battle-history">Komala used <strong>Last Resort</strong>!<br></div><div class="battle-history"><small>(The opposing Clefable lost <abbr title="−326/394">82.7%</abbr> of its health!)</small><br></div><div class="spacer battle-history"><br></div><div class="battle-history">The opposing Clefable fainted!<br></div><div class="chat chatmessage-zenoa"><strong style="color:hsl(87,41%,35%)"><small>☆</small><span class="username" data-name="Zenoa">Zenoa</span>:</strong> <em>ignorate estaa</em></div><div class="spacer battle-history"><br></div><div class="battle-history">🐂EdwardEllric🐂 sent out Landorus (<strong>Landorus-Therian</strong>)!<br></div><div class="battle-history"><small>[The opposing Landorus's Intimidate]</small><br></div><div class="battle-history"><small>Komala's Attack fell!</small><br></div><div class="spacer battle-history"><br></div><h2 class="battle-history">Turn 16</h2><div class="spacer battle-history"><br></div><div class="battle-history">The opposing Landorus used <strong>U-turn</strong>!<br></div><div class="battle-history"><small>(Komala lost <abbr title="−133/300">44.3%</abbr> of its health!)</small><br></div><div class="spacer battle-history"><br></div><div class="battle-history">The opposing Landorus went back to 🐂EdwardEllric🐂!<br></div><div class="battle-history">🐂EdwardEllric🐂 sent out <strong>Zapdos</strong>!<br></div><div class="battle-history"><small>[The opposing Zapdos's Pressure]</small><br><small>The opposing Zapdos is exerting its pressure!</small><br></div><div class="spacer battle-history"><br></div><div class="battle-history">Komala used <strong>Sleep Talk</strong>!<br></div><div class="spacer battle-history"><br></div><div class="battle-history">Komala used <strong>Last Resort</strong>!<br></div><div class="battle-history"><small>(The opposing Zapdos lost <abbr title="−219/383">57.2%</abbr> of its health!)</small><br></div><div class="spacer battle-history"><br></div><div class="battle-history"><small>The opposing Zapdos restored a little HP using its Leftovers!</small><br></div><div class="spacer battle-history"><br></div><h2 class="battle-history">Turn 17</h2><div class="spacer battle-history"><br></div><div class="battle-history">The opposing Zapdos used <strong>Roost</strong>!<br></div><div class="battle-history"><small>The opposing Zapdos restored its HP.</small><br></div><div class="spacer battle-history"><br></div><div class="battle-history">Komala used <strong>Sleep Talk</strong>!<br></div><div class="spacer battle-history"><br></div><div class="battle-history">Komala used <strong>Last Resort</strong>!<br></div><div class="battle-history"><small>(The opposing Zapdos lost <abbr title="−210/383">54.8%</abbr> of its health!)</small><br></div><div class="spacer battle-history"><br></div><div class="battle-history"><small>The opposing Zapdos restored a little HP using its Leftovers!</small><br></div><div class="spacer battle-history"><br></div><h2 class="battle-history">Turn 18</h2><div class="spacer battle-history"><br></div><div class="battle-history">The opposing Zapdos used <strong>Roost</strong>!<br></div><div class="battle-history"><small>The opposing Zapdos restored its HP.</small><br></div><div class="spacer battle-history"><br></div><div class="battle-history">Komala used <strong>Sleep Talk</strong>!<br></div><div class="spacer battle-history"><br></div><div class="battle-history">Komala used <strong>Last Resort</strong>!<br></div><div class="battle-history"><small>(The opposing Zapdos lost <abbr title="−201/383">52.5%</abbr> of its health!)</small><br></div><div class="spacer battle-history"><br></div><div class="battle-history"><small>The opposing Zapdos restored a little HP using its Leftovers!</small><br></div><div class="spacer battle-history"><br></div><h2 class="battle-history">Turn 19</h2><div class="spacer battle-history"><br></div><div class="battle-history">The opposing Zapdos used <strong>Roost</strong>!<br></div><div class="battle-history"><small>The opposing Zapdos restored its HP.</small><br></div><div class="spacer battle-history"><br></div><div class="battle-history">Komala used <strong>Sleep Talk</strong>!<br></div><div class="spacer battle-history"><br></div><div class="battle-history">Komala used <strong>Last Resort</strong>!<br></div><div class="battle-history"><small>(The opposing Zapdos lost <abbr title="−193/383">50.4%</abbr> of its health!)</small><br></div><div class="spacer battle-history"><br></div><div class="battle-history"><small>The opposing Zapdos restored a little HP using its Leftovers!</small><br></div><div class="spacer battle-history"><br></div><h2 class="battle-history">Turn 20</h2><div class="chat chatmessage-rvnbaron"><strong style="color:hsl(186,58%,37.23517055355841%)"><small> </small><span class="username" data-name="RvN Baron">RvN Baron</span>:</strong> <em></em></div><div class="spacer battle-history"><br></div><div class="battle-history">The opposing Zapdos used <strong>Roost</strong>!<br></div><div class="battle-history"><small>The opposing Zapdos restored its HP.</small><br></div><div class="spacer battle-history"><br></div><div class="battle-history">Komala used <strong>Sleep Talk</strong>!<br></div><div class="spacer battle-history"><br></div><div class="battle-history">Komala used <strong>Last Resort</strong>!<br></div><div class="battle-history"><small>(The opposing Zapdos lost <abbr title="−186/383">48.6%</abbr> of its health!)</small><br></div><div class="spacer battle-history"><br></div><div class="battle-history"><small>The opposing Zapdos restored a little HP using its Leftovers!</small><br></div><div class="spacer battle-history"><br></div><h2 class="battle-history">Turn 21</h2><div class="spacer battle-history"><br></div><div class="battle-history">Komala, come back!<br></div><div class="battle-history">Go! Pinsir (<strong>Pinsir-Mega</strong>)!<br></div><div class="spacer battle-history"><br></div><div class="battle-history">The opposing Zapdos used <strong>Roost</strong>!<br></div><div class="battle-history"><small>The opposing Zapdos restored its HP.</small><br></div><div class="spacer battle-history"><br></div><h2 class="battle-history">Turn 22</h2><div class="spacer battle-history"><br></div><div class="battle-history">Pinsir, come back!<br></div><div class="battle-history">Go! <strong>Komala</strong>!<br></div><div class="battle-history"><small>[Komala's Comatose]</small><br><small>Komala is drowsing!</small><br></div><div class="spacer battle-history"><br></div><div class="battle-history">The opposing Zapdos used <strong>Thunderbolt</strong>!<br></div><div class="battle-history"><small>(Komala lost <abbr title="−133/300">44.3%</abbr> of its health!)</small><br></div><div class="spacer battle-history"><br></div><h2 class="battle-history">Turn 23</h2><div class="spacer battle-history"><br></div><div class="battle-history">The opposing Zapdos used <strong>Thunderbolt</strong>!<br></div><div class="battle-history"><small>(Komala lost <abbr title="−34/300">11.3%</abbr> of its health!)</small><br></div><div class="spacer battle-history"><br></div><div class="battle-history">Komala fainted!<br></div><div class="spacer battle-history"><br></div><div class="battle-history">Go! Pinsir (<strong>Pinsir-Mega</strong>)!<br></div><div class="spacer battle-history"><br></div><h2 class="battle-history">Turn 24</h2><div class="spacer battle-history"><br></div><div class="battle-history">🐂EdwardEllric🐂 withdrew Zapdos!<br></div><div class="battle-history">🐂EdwardEllric🐂 sent out Landorus (<strong>Landorus-Therian</strong>)!<br></div><div class="battle-history"><small>[The opposing Landorus's Intimidate]</small><br></div><div class="battle-history"><small>Pinsir's Attack fell!</small><br></div><div class="spacer battle-history"><br></div><div class="battle-history">Pinsir used <strong>Swords Dance</strong>!<br></div><div class="battle-history"><small>Pinsir's Attack rose sharply!</small><br></div><div class="spacer battle-history"><br></div><h2 class="battle-history">Turn 25</h2><div class="chat chatmessage-rvnbaron"><strong style="color:hsl(186,58%,37.23517055355841%)"><small> </small><span class="username" data-name="RvN Baron">RvN Baron</span>:</strong> <em>pinshe komala ia tenia la partida ganada </em></div><div class="spacer battle-history"><br></div><div class="battle-history">The opposing Landorus used <strong>Explosion</strong>!<br></div><div class="battle-history"><small>(Pinsir lost <abbr title="−271/271">100%</abbr> of its health!)</small><br></div><div class="spacer battle-history"><br></div><div class="battle-history">The opposing Landorus fainted!<br></div><div class="battle-history">Pinsir fainted!<br></div><div class="spacer battle-history"><br></div><div class="battle-history"><strong>🐂EdwardEllric🐂</strong> won the battle!<br></div></div><div class="inner-preempt"></div></div></div>
</div>
<script>
let daily = Math.floor(Date.now()/1000/60/60/24);document.write('<script src="https://play.pokemonshowdown.com/js/replay-embed.js?version'+daily+'"></'+'script>');
</script>
