<!DOCTYPE html>
<meta charset="utf-8" />
<!-- version 1 -->
<title>OU replay: Exodia PROHIBITED vs. Sekhmet Hack</title>
<style>
html,body {font-family:Verdana, sans-serif;font-size:10pt;margin:0;padding:0;}body{padding:12px 0;} .battle-log {font-family:Verdana, sans-serif;font-size:10pt;} .battle-log-inline {border:1px solid #AAAAAA;background:#EEF2F5;color:black;max-width:640px;margin:0 auto 80px;padding-bottom:5px;} .battle-log .inner {padding:4px 8px 0px 8px;} .battle-log .inner-preempt {padding:0 8px 4px 8px;} .battle-log .inner-after {margin-top:0.5em;} .battle-log h2 {margin:0.5em -8px;padding:4px 8px;border:1px solid #AAAAAA;background:#E0E7EA;border-left:0;border-right:0;font-family:Verdana, sans-serif;font-size:13pt;} .battle-log .chat {vertical-align:middle;padding:3px 0 3px 0;font-size:8pt;} .battle-log .chat strong {color:#40576A;} .battle-log .chat em {padding:1px 4px 1px 3px;color:#000000;font-style:normal;} .chat.mine {background:rgba(0,0,0,0.05);margin-left:-8px;margin-right:-8px;padding-left:8px;padding-right:8px;} .spoiler {color:#BBBBBB;background:#BBBBBB;padding:0px 3px;} .spoiler:hover, .spoiler:active, .spoiler-shown {color:#000000;background:#E2E2E2;padding:0px 3px;} .spoiler a {color:#BBBBBB;} .spoiler:hover a, .spoiler:active a, .spoiler-shown a {color:#2288CC;} .chat code, .chat .spoiler:hover code, .chat .spoiler:active code, .chat .spoiler-shown code {border:1px solid #C0C0C0;background:#EEEEEE;color:black;padding:0 2px;} .chat .spoiler code {border:1px solid #CCCCCC;background:#CCCCCC;color:#CCCCCC;} .battle-log .rated {padding:3px 4px;} .battle-log .rated strong {color:white;background:#89A;padding:1px 4px;border-radius:4px;} .spacer {margin-top:0.5em;} .message-announce {background:#6688AA;color:white;padding:1px 4px 2px;} .message-announce a, .broadcast-green a, .broadcast-blue a, .broadcast-red a {color:#DDEEFF;} .broadcast-green {background-color:#559955;color:white;padding:2px 4px;} .broadcast-blue {background-color:#6688AA;color:white;padding:2px 4px;} .infobox {border:1px solid #6688AA;padding:2px 4px;} .infobox-limited {max-height:200px;overflow:auto;overflow-x:hidden;} .broadcast-red {background-color:#AA5544;color:white;padding:2px 4px;} .message-learn-canlearn {font-weight:bold;color:#228822;text-decoration:underline;} .message-learn-cannotlearn {font-weight:bold;color:#CC2222;text-decoration:underline;} .message-effect-weak {font-weight:bold;color:#CC2222;} .message-effect-resist {font-weight:bold;color:#6688AA;} .message-effect-immune {font-weight:bold;color:#666666;} .message-learn-list {margin-top:0;margin-bottom:0;} .message-throttle-notice, .message-error {color:#992222;} .message-overflow, .chat small.message-overflow {font-size:0pt;} .message-overflow::before {font-size:9pt;content:'...';} .subtle {color:#3A4A66;}
</style>
<div class="wrapper replay-wrapper" style="max-width:1180px;margin:0 auto">
<input type="hidden" name="replayid" value="destiny-ou-526074" />
<div class="battle"></div><div class="battle-log"></div><div class="replay-controls"></div><div class="replay-controls-2"></div>
<h1 style="font-weight:normal;text-align:center"><strong>OU</strong><br /><a href="http://pokemonshowdown.com/users/exodiaprohibited" class="subtle" target="_blank">Exodia PROHIBITED</a> vs. <a href="http://pokemonshowdown.com/users/sekhmethack" class="subtle" target="_blank">Sekhmet Hack</a></h1>
<script type="text/plain" class="battle-log-data">|player|p1|Exodia PROHIBITED|exodiaprohibited-8.gif?8a2f5bc9
|teamsize|p1|6
|player|p2|Sekhmet Hack|sekhmethack-8.gif?6522430f
|teamsize|p2|6
|teamsize|p1|6
|teamsize|p2|6
|gametype|singles
|gen|7
|tier|OU
|rated
|seed|42538,13762,38465,6398
|rule|Cláusula-Mod de Dormir: solo puedes dormir a uno de tus oponentes a la vez.
|rule|Cláusula de Especie: Hasta un Pokémon de cada especie
|rule|Cláusula de Golpe Fulminante: los movimientos fulminantes (OHKO) estan prohibidos
|rule|Cláusula de Veleta: la habilidad Veleta está prohibida
|rule|Cláusula de Movimientos Evasivos: los movimientos de Evasión están prohibidos.
|rule|Cláusula de Batallas Eternas: forzar batallas eternas está prohibido
|clearpoke
|poke|p1|Tapu Bulu|item
|poke|p1|Heatran, F|item
|poke|p1|Kartana|item
|poke|p1|Mawile, F|item
|poke|p1|Landorus-Therian, M|item
|poke|p1|Ditto|item
|poke|p2|Mamoswine, M|item
|poke|p2|Tapu Koko|item
|poke|p2|Heracross, M|item
|poke|p2|Celesteela|item
|poke|p2|Latios, M|item
|poke|p2|Greninja, M|item
|teampreview|undefined
|choice|*|*team 123456
|inactive|Reloj de batalla ENCENDIDO. El jugador inactivo será descalificado (solicitado por Sekhmet Hack).
|choice|*team 321456|*
|choice|team 3, 2, 1, 4, 5, 6|team 1, 2, 3, 4, 5, 6
|
|start
|switch|p1a: Kartana|Kartana|259\/259
|switch|p2a: Mamoswine|Mamoswine, M|361\/361
|turn|1
|choice|*|*switch 4
|choice|*move 1|*
|choice|move leafblade|switch 4
|
|switch|p2a: Celesteela|Celesteela|397\/397
|move|p1a: Kartana|Leaf Blade|p2a: Celesteela
|-resisted|p2a: Celesteela
|-damage|p2a: Celesteela|353\/397
|
|-heal|p2a: Celesteela|377\/397|[from] item: Leftovers
|upkeep
|turn|2
|choice|*|*switch 4
|choice|*move 1|*
|choice|move leafblade|switch 4
|
|switch|p2a: Mamoswine|Mamoswine, M|361\/361
|move|p1a: Kartana|Leaf Blade|p2a: Mamoswine
|-supereffective|p2a: Mamoswine
|-damage|p2a: Mamoswine|0 fnt
|faint|p2a: Mamoswine
|-ability|p1a: Kartana|Beast Boost|boost
|-boost|p1a: Kartana|atk|1
|
|upkeep
|choice|*|*switch 6
|choice||switch 6
|
|switch|p2a: Greninja|Greninja, M|285\/285
|turn|3
|choice|*|*move 2
|choice|*move 1|*
|choice|move leafblade|move darkpulse
|
|move|p1a: Kartana|Leaf Blade|p2a: Greninja
|-supereffective|p2a: Greninja
|-damage|p2a: Greninja|0 fnt
|faint|p2a: Greninja
|-ability|p1a: Kartana|Beast Boost|boost
|-boost|p1a: Kartana|atk|1
|
|upkeep
|choice|*|*switch 4
|choice||switch 4
|
|switch|p2a: Celesteela|Celesteela|377\/397
|turn|4
|choice|*switch 2|*
|choice|*|*switch 3
|choice|switch 2|switch 3
|
|switch|p1a: Heatran|Heatran, F|323\/323
|switch|p2a: Heracross|Heracross, M|341\/341
|
|upkeep
|turn|5
|choice|*|*move 3 mega
|inactive|Exodia PROHIBITED tiene 135 segundos restantes.
|inactive|Exodia PROHIBITED tiene 120 segundos restantes.
|choice|*move 1|*
|choice|move magmastorm|move rockblast mega
|
|-mega|p2a: Heracross|Heracross|Heracronite
|detailschange|p2a: Heracross|Heracross-Mega, M
|move|p1a: Heatran|Magma Storm|p2a: Heracross
|-supereffective|p2a: Heracross
|-damage|p2a: Heracross|0 fnt
|faint|p2a: Heracross
|
|upkeep
|choice|*|*switch 2
|choice||switch 2
|
|switch|p2a: Tapu Koko|Tapu Koko|281\/281
|-fieldstart|move: Electric Terrain|[from] ability: Electric Surge|[of] p2a: Tapu Koko
|turn|6
|choice|*|*move 2
|choice|*move 3|*
|choice|move earthpower|move calmmind
|
|move|p2a: Tapu Koko|Calm Mind|p2a: Tapu Koko
|-boost|p2a: Tapu Koko|spa|1
|-boost|p2a: Tapu Koko|spd|1
|move|p1a: Heatran|Earth Power|p2a: Tapu Koko
|-supereffective|p2a: Tapu Koko
|-damage|p2a: Tapu Koko|109\/281
|
|upkeep
|turn|7
|choice|*switch 5|*
|choice|*|*move 3
|choice|switch 5|move roost
|
|switch|p1a: Landorus|Landorus-Therian, M|319\/319
|-ability|p1a: Landorus|Intimidate|boost
|-unboost|p2a: Tapu Koko|atk|1
|move|p2a: Tapu Koko|Roost|p2a: Tapu Koko
|-heal|p2a: Tapu Koko|250\/281
|
|upkeep
|turn|8
|choice|*|*move 4
|choice|*move 1|*
|choice|move earthquake|move hiddenpower
|
|move|p1a: Landorus|Earthquake|p2a: Tapu Koko
|-supereffective|p2a: Tapu Koko
|-damage|p2a: Tapu Koko|0 fnt
|faint|p2a: Tapu Koko
|
|upkeep
|-message|Sekhmet Hack se rindió.
|
|win|Exodia PROHIBITED
Exodia PROHIBITED ha ganado 8 PokeDolares.
|raw|Puntaje de Exodia PROHIBITED: 1438 &rarr; <strong>1456<\/strong><br \/>(+18 por ganar)
|raw|Puntaje de Sekhmet Hack: 1393 &rarr; <strong>1376<\/strong><br \/>(-17 por perder)
</script>
</div>
<div class="battle-log battle-log-inline"><div class="inner"><div class="battle-options"></div><div class="inner"><div class=""><small>Format:</small> <br><strong>OU</strong></div><div class="rated"><strong>Rated battle</strong></div><div class=""><small><em>Cláusula-Mod de Dormir:</em> solo puedes dormir a uno de tus oponentes a la vez.</small></div><div class=""><small><em>Cláusula de Especie:</em> Hasta un Pokémon de cada especie</small></div><div class=""><small><em>Cláusula de Golpe Fulminante:</em> los movimientos fulminantes (OHKO) estan prohibidos</small></div><div class=""><small><em>Cláusula de Veleta:</em> la habilidad Veleta está prohibida</small></div><div class=""><small><em>Cláusula de Movimientos Evasivos:</em> los movimientos de Evasión están prohibidos.</small></div><div class=""><small><em>Cláusula de Batallas Eternas:</em> forzar batallas eternas está prohibido</small></div><div class="chat battle-history"><strong>Exodia PROHIBITED's team:</strong> <em style="color:#445566;display:block;">Tapu Bulu / Heatran / Kartana / Mawile / Landorus-Therian / Ditto</em></div><div class="chat battle-history"><strong>Sekhmet Hack's team:</strong> <em style="color:#445566;display:block;">Mamoswine / Tapu Koko / Heracross / Celesteela / Latios / Greninja</em></div><div class="chat message-error">Reloj de batalla ENCENDIDO. El jugador inactivo será descalificado (solicitado por Sekhmet Hack).</div><div class="spacer battle-history"><br></div><div class="battle-history">Battle started between Exodia PROHIBITED and Sekhmet Hack!<br></div><div class="spacer battle-history"><br></div><div class="battle-history">Go! <strong>Kartana</strong>!<br></div><div class="spacer battle-history"><br></div><div class="battle-history">Sekhmet Hack sent out <strong>Mamoswine</strong>!<br></div><div class="spacer battle-history"><br></div><h2 class="battle-history">Turn 1</h2><div class="spacer battle-history"><br></div><div class="battle-history">Sekhmet Hack withdrew Mamoswine!<br></div><div class="battle-history">Sekhmet Hack sent out <strong>Celesteela</strong>!<br></div><div class="spacer battle-history"><br></div><div class="battle-history">Kartana used <strong>Leaf Blade</strong>!<br></div><div class="battle-history"><small>It's not very effective...</small><br></div><div class="battle-history"><small>(The opposing Celesteela lost <abbr title="−44/397">11.1%</abbr> of its health!)</small><br></div><div class="spacer battle-history"><br></div><div class="battle-history"><small>The opposing Celesteela restored a little HP using its Leftovers!</small><br></div><div class="spacer battle-history"><br></div><h2 class="battle-history">Turn 2</h2><div class="spacer battle-history"><br></div><div class="battle-history">Sekhmet Hack withdrew Celesteela!<br></div><div class="battle-history">Sekhmet Hack sent out <strong>Mamoswine</strong>!<br></div><div class="spacer battle-history"><br></div><div class="battle-history">Kartana used <strong>Leaf Blade</strong>!<br></div><div class="battle-history"><small>It's super effective!</small><br></div><div class="battle-history"><small>(The opposing Mamoswine lost <abbr title="−361/361">100%</abbr> of its health!)</small><br></div><div class="spacer battle-history"><br></div><div class="battle-history">The opposing Mamoswine fainted!<br></div><div class="battle-history"><small>[Kartana's Beast Boost]</small><br></div><div class="battle-history"><small>Kartana's Attack rose!</small><br></div><div class="spacer battle-history"><br></div><div class="battle-history">Sekhmet Hack sent out <strong>Greninja</strong>!<br></div><div class="spacer battle-history"><br></div><h2 class="battle-history">Turn 3</h2><div class="spacer battle-history"><br></div><div class="battle-history">Kartana used <strong>Leaf Blade</strong>!<br></div><div class="battle-history"><small>It's super effective!</small><br></div><div class="battle-history"><small>(The opposing Greninja lost <abbr title="−285/285">100%</abbr> of its health!)</small><br></div><div class="spacer battle-history"><br></div><div class="battle-history">The opposing Greninja fainted!<br></div><div class="battle-history"><small>[Kartana's Beast Boost]</small><br></div><div class="battle-history"><small>Kartana's Attack rose!</small><br></div><div class="spacer battle-history"><br></div><div class="battle-history">Sekhmet Hack sent out <strong>Celesteela</strong>!<br></div><div class="spacer battle-history"><br></div><h2 class="battle-history">Turn 4</h2><div class="spacer battle-history"><br></div><div class="battle-history">Kartana, come back!<br></div><div class="battle-history">Go! <strong>Heatran</strong>!<br></div><div class="spacer battle-history"><br></div><div class="battle-history">Sekhmet Hack withdrew Celesteela!<br></div><div class="battle-history">Sekhmet Hack sent out <strong>Heracross</strong>!<br></div><div class="spacer battle-history"><br></div><h2 class="battle-history">Turn 5</h2><div class="chat message-error">Exodia PROHIBITED tiene 135 segundos restantes.</div><div class="chat message-error">Exodia PROHIBITED tiene 120 segundos restantes.</div><div class="spacer battle-history"><br></div><div class="battle-history"><small>The opposing Heracross's Heracronite is reacting to the Key Stone!</small><br>The opposing Heracross has Mega Evolved into Mega Heracross!<br></div><div class="spacer battle-history"><br></div><div class="battle-history">Heatran used <strong>Magma Storm</strong>!<br></div><div class="battle-history"><small>It's super effective!</small><br></div><div class="battle-history"><small>(The opposing Heracross lost <abbr title="−341/341">100%</abbr> of its health!)</small><br></div><div class="spacer battle-history"><br></div><div class="battle-history">The opposing Heracross fainted!<br></div><div class="spacer battle-history"><br></div><div class="battle-history">Sekhmet Hack sent out <strong>Tapu Koko</strong>!<br></div><div class="battle-history"><small>[The opposing Tapu Koko's Electric Surge]</small><br><small>An electric current runs across the battlefield!</small><br></div><div class="spacer battle-history"><br></div><h2 class="battle-history">Turn 6</h2><div class="spacer battle-history"><br></div><div class="battle-history">The opposing Tapu Koko used <strong>Calm Mind</strong>!<br></div><div class="battle-history"><small>The opposing Tapu Koko's Special Attack rose!</small><br></div><div class="battle-history"><small>The opposing Tapu Koko's Special Defense rose!</small><br></div><div class="spacer battle-history"><br></div><div class="battle-history">Heatran used <strong>Earth Power</strong>!<br></div><div class="battle-history"><small>It's super effective!</small><br></div><div class="battle-history"><small>(The opposing Tapu Koko lost <abbr title="−172/281">61.2%</abbr> of its health!)</small><br></div><div class="spacer battle-history"><br></div><h2 class="battle-history">Turn 7</h2><div class="spacer battle-history"><br></div><div class="battle-history">Heatran, come back!<br></div><div class="battle-history">Go! Landorus (<strong>Landorus-Therian</strong>)!<br></div><div class="battle-history"><small>[Landorus's Intimidate]</small><br></div><div class="battle-history"><small>The opposing Tapu Koko's Attack fell!</small><br></div><div class="spacer battle-history"><br></div><div class="battle-history">The opposing Tapu Koko used <strong>Roost</strong>!<br></div><div class="battle-history"><small>The opposing Tapu Koko restored its HP.</small><br></div><div class="spacer battle-history"><br></div><h2 class="battle-history">Turn 8</h2><div class="spacer battle-history"><br></div><div class="battle-history">Landorus used <strong>Earthquake</strong>!<br></div><div class="battle-history"><small>It's super effective!</small><br></div><div class="battle-history"><small>(The opposing Tapu Koko lost <abbr title="−250/281">89.0%</abbr> of its health!)</small><br></div><div class="spacer battle-history"><br></div><div class="battle-history">The opposing Tapu Koko fainted!<br></div><div class="spacer battle-history"><br></div><div class="battle-history"><small>Sekhmet Hack se rindió.</small><br></div><div class="spacer battle-history"><br></div><div class="battle-history"><strong>Exodia PROHIBITED</strong> won the battle!<br></div><div class="chat">Exodia PROHIBITED ha ganado 8 PokeDolares.</div><div class="chat">Puntaje de Exodia PROHIBITED: 1438 → <strong>1456</strong><br>(+18 por ganar)</div><div class="chat">Puntaje de Sekhmet Hack: 1393 → <strong>1376</strong><br>(-17 por perder)</div></div><div class="inner-preempt"></div></div></div>
</div>
<script>
let daily = Math.floor(Date.now()/1000/60/60/24);document.write('<script src="https://play.pokemonshowdown.com/js/replay-embed.js?version'+daily+'"></'+'script>');
</script>
