<!DOCTYPE html>
<meta charset="utf-8" />
<!-- version 1 -->
<title>OU replay: magno777 vs. Gеrard Way</title>
<style>
html,body {font-family:Verdana, sans-serif;font-size:10pt;margin:0;padding:0;}body{padding:12px 0;} .battle-log {font-family:Verdana, sans-serif;font-size:10pt;} .battle-log-inline {border:1px solid #AAAAAA;background:#EEF2F5;color:black;max-width:640px;margin:0 auto 80px;padding-bottom:5px;} .battle-log .inner {padding:4px 8px 0px 8px;} .battle-log .inner-preempt {padding:0 8px 4px 8px;} .battle-log .inner-after {margin-top:0.5em;} .battle-log h2 {margin:0.5em -8px;padding:4px 8px;border:1px solid #AAAAAA;background:#E0E7EA;border-left:0;border-right:0;font-family:Verdana, sans-serif;font-size:13pt;} .battle-log .chat {vertical-align:middle;padding:3px 0 3px 0;font-size:8pt;} .battle-log .chat strong {color:#40576A;} .battle-log .chat em {padding:1px 4px 1px 3px;color:#000000;font-style:normal;} .chat.mine {background:rgba(0,0,0,0.05);margin-left:-8px;margin-right:-8px;padding-left:8px;padding-right:8px;} .spoiler {color:#BBBBBB;background:#BBBBBB;padding:0px 3px;} .spoiler:hover, .spoiler:active, .spoiler-shown {color:#000000;background:#E2E2E2;padding:0px 3px;} .spoiler a {color:#BBBBBB;} .spoiler:hover a, .spoiler:active a, .spoiler-shown a {color:#2288CC;} .chat code, .chat .spoiler:hover code, .chat .spoiler:active code, .chat .spoiler-shown code {border:1px solid #C0C0C0;background:#EEEEEE;color:black;padding:0 2px;} .chat .spoiler code {border:1px solid #CCCCCC;background:#CCCCCC;color:#CCCCCC;} .battle-log .rated {padding:3px 4px;} .battle-log .rated strong {color:white;background:#89A;padding:1px 4px;border-radius:4px;} .spacer {margin-top:0.5em;} .message-announce {background:#6688AA;color:white;padding:1px 4px 2px;} .message-announce a, .broadcast-green a, .broadcast-blue a, .broadcast-red a {color:#DDEEFF;} .broadcast-green {background-color:#559955;color:white;padding:2px 4px;} .broadcast-blue {background-color:#6688AA;color:white;padding:2px 4px;} .infobox {border:1px solid #6688AA;padding:2px 4px;} .infobox-limited {max-height:200px;overflow:auto;overflow-x:hidden;} .broadcast-red {background-color:#AA5544;color:white;padding:2px 4px;} .message-learn-canlearn {font-weight:bold;color:#228822;text-decoration:underline;} .message-learn-cannotlearn {font-weight:bold;color:#CC2222;text-decoration:underline;} .message-effect-weak {font-weight:bold;color:#CC2222;} .message-effect-resist {font-weight:bold;color:#6688AA;} .message-effect-immune {font-weight:bold;color:#666666;} .message-learn-list {margin-top:0;margin-bottom:0;} .message-throttle-notice, .message-error {color:#992222;} .message-overflow, .chat small.message-overflow {font-size:0pt;} .message-overflow::before {font-size:9pt;content:'...';} .subtle {color:#3A4A66;}
</style>
<div class="wrapper replay-wrapper" style="max-width:1180px;margin:0 auto">
<input type="hidden" name="replayid" value="destiny-ou-564536" />
<div class="battle"></div><div class="battle-log"></div><div class="replay-controls"></div><div class="replay-controls-2"></div>
<h1 style="font-weight:normal;text-align:center"><strong>OU</strong><br /><a href="http://pokemonshowdown.com/users/magno777" class="subtle" target="_blank">magno777</a> vs. <a href="http://pokemonshowdown.com/users/grardway" class="subtle" target="_blank">Gеrard Way</a></h1>
<script type="text/plain" class="battle-log-data">|unlink|||tour
|player|p1|magno777|3
|teamsize|p1|6
|player|p2|Gеrard Way|grardway-16.gif?4a4c074f
|teamsize|p2|6
|teamsize|p1|6
|teamsize|p2|6
|gametype|singles
|gen|7
|tier|OU
|seed|59868,43882,61100,60021
|rule|Cláusula-Mod de Dormir: solo puedes dormir a uno de tus oponentes a la vez.
|rule|Cláusula de Especie: Hasta un Pokémon de cada especie
|rule|Cláusula de Golpe Fulminante: los movimientos fulminantes (OHKO) estan prohibidos
|rule|Cláusula de Veleta: la habilidad Veleta está prohibida
|rule|Cláusula de Movimientos Evasivos: los movimientos de Evasión están prohibidos.
|rule|Cláusula de Batallas Eternas: forzar batallas eternas está prohibido
|clearpoke
|poke|p1|Venusaur, F|item
|poke|p1|Clefable, M|item
|poke|p1|Landorus-Therian, M|item
|poke|p1|Greninja, M|item
|poke|p1|Zygarde|item
|poke|p1|Celesteela|item
|poke|p2|Bellossom, M|item
|poke|p2|Doublade, M|item
|poke|p2|Latias, F|item
|poke|p2|Toxapex, M|item
|poke|p2|Landorus-Therian, M|item
|poke|p2|Clefable, F|item
|teampreview|undefined
|choice|*team 213456|*
|choice|*|*team 523416
|choice|team 2, 1, 3, 4, 5, 6|team 5, 2, 3, 4, 1, 6
|
|start
|switch|p1a: Clefable|Clefable, M|394\/394
|switch|p2a: Landorus|Landorus-Therian, M|319\/319
|-ability|p2a: Landorus|Intimidate|boost
|-unboost|p1a: Clefable|atk|1
|turn|1
|choice|*|*move 2
|choice|*move 1|*
|choice|move stealthrock|move uturn
|
|move|p2a: Landorus|U-turn|p1a: Clefable
|-resisted|p1a: Clefable
|-damage|p1a: Clefable|355\/394
|choice|*|*switch 2
|choice||switch 2
|
|switch|p2a: Doublade|Doublade, M|321\/321|[from]move: U-turn
|move|p1a: Clefable|Stealth Rock|p2a: Doublade
|-sidestart|p2: Gеrard Way|move: Stealth Rock
|
|-heal|p1a: Clefable|379\/394|[from] item: Leftovers
|upkeep
|turn|2
|choice|*switch 6|*
|choice|*|*move 2
|choice|switch 6|move shadowclaw
|
|switch|p1a: Celesteela|Celesteela|398\/398
|move|p2a: Doublade|Shadow Claw|p1a: Celesteela
|-damage|p1a: Celesteela|328\/398
|
|-heal|p1a: Celesteela|352\/398|[from] item: Leftovers
|upkeep
|turn|3
|choice|*move 3|*
|choice|*|*switch 4
|choice|move leechseed|switch 4
|
|switch|p2a: Toxapex|Toxapex, M|304\/304
|-damage|p2a: Toxapex|266\/304|[from] Stealth Rock
|move|p1a: Celesteela|Leech Seed|p2a: Toxapex|[miss]
|-miss|p1a: Celesteela|p2a: Toxapex
|
|-heal|p1a: Celesteela|376\/398|[from] item: Leftovers
|-heal|p2a: Toxapex|285\/304|[from] item: Black Sludge
|upkeep
|turn|4
|choice|*|*move 1
|choice|*move 3|*
|choice|move leechseed|move scald
|
|move|p1a: Celesteela|Leech Seed|p2a: Toxapex|[miss]
|-miss|p1a: Celesteela|p2a: Toxapex
|move|p2a: Toxapex|Scald|p1a: Celesteela
|-damage|p1a: Celesteela|327\/398
|-status|p1a: Celesteela|brn
|
|-heal|p1a: Celesteela|351\/398 brn|[from] item: Leftovers
|-heal|p2a: Toxapex|304\/304|[from] item: Black Sludge
|-damage|p1a: Celesteela|327\/398 brn|[from] brn
|upkeep
|turn|5
|c|☆magno777|lol
|choice|*move 3|*
|c|☆Gеrard Way|Yo vi que te lo buscabas
|c|☆Gеrard Way|
|choice|*|*switch 6
|choice|move leechseed|switch 6
|
|switch|p2a: Clefable|Clefable, F|394\/394
|move|p1a: Celesteela|Leech Seed|p2a: Clefable
|-start|p2a: Clefable|move: Leech Seed
|
|-heal|p1a: Celesteela|351\/398 brn|[from] item: Leftovers
|-damage|p1a: Celesteela|327\/398 brn|[from] brn
|upkeep
|turn|6
|choice|*|*move 3
|choice|*switch 2|*
|choice|switch 2|move stealthrock
|
|switch|p1a: Venusaur|Venusaur, F|363\/363
|move|p2a: Clefable|Stealth Rock|p1a: Venusaur
|-sidestart|p1: magno777|move: Stealth Rock
|
|upkeep
|turn|7
|choice|*move 2 mega|*
|choice|*move 1 mega|*
|choice|*|*switch 6
|choice|move earthquake mega|switch 6
|
|switch|p2a: Toxapex|Toxapex, M|304\/304
|-damage|p2a: Toxapex|266\/304|[from] Stealth Rock
|-mega|p1a: Venusaur|Venusaur|Venusaurite
|detailschange|p1a: Venusaur|Venusaur-Mega, F
|move|p1a: Venusaur|Earthquake|p2a: Toxapex
|-supereffective|p2a: Toxapex
|-damage|p2a: Toxapex|148\/304
|
|-heal|p2a: Toxapex|167\/304|[from] item: Black Sludge
|upkeep
|turn|8
|choice|*|*move 3
|choice|*move 1|*
|choice|*|*switch 4
|choice|move earthquake|switch 4
|
|switch|p2a: Doublade|Doublade, M|321\/321
|-damage|p2a: Doublade|301\/321|[from] Stealth Rock
|move|p1a: Venusaur|Earthquake|p2a: Doublade
|-supereffective|p2a: Doublade
|-damage|p2a: Doublade|229\/321
|
|upkeep
|turn|9
|choice|*move 3|*
|choice|*|*switch 5
|choice|move hiddenpower|switch 5
|
|switch|p2a: Bellossom|Bellossom, M|353\/353
|-damage|p2a: Bellossom|309\/353|[from] Stealth Rock
|move|p1a: Venusaur|Hidden Power|p2a: Bellossom
|-supereffective|p2a: Bellossom
|-damage|p2a: Bellossom|203\/353
|
|upkeep
|turn|10
|choice|*move 2|*
|choice|*|*switch 4
|choice|*move 3|*
|choice|move hiddenpower|switch 4
|
|switch|p2a: Toxapex|Toxapex, M|268\/304
|-damage|p2a: Toxapex|230\/304|[from] Stealth Rock
|move|p1a: Venusaur|Hidden Power|p2a: Toxapex
|-resisted|p2a: Toxapex
|-damage|p2a: Toxapex|213\/304
|
|-heal|p2a: Toxapex|232\/304|[from] item: Black Sludge
|upkeep
|turn|11
|choice|*|*move 1
|choice|*move 2|*
|choice|move sludgebomb|move scald
|
|move|p1a: Venusaur|Sludge Bomb|p2a: Toxapex
|-resisted|p2a: Toxapex
|-damage|p2a: Toxapex|197\/304
|move|p2a: Toxapex|Scald|p1a: Venusaur
|-resisted|p1a: Venusaur
|-damage|p1a: Venusaur|345\/363
|-status|p1a: Venusaur|brn
|
|-heal|p2a: Toxapex|216\/304|[from] item: Black Sludge
|-damage|p1a: Venusaur|323\/363 brn|[from] brn
|upkeep
|turn|12
|choice|*|*move 3
|c|☆magno777|alv
|choice|*switch 6|*
|choice|switch 6|move recover
|
|switch|p1a: Clefable|Clefable, M|379\/394
|move|p2a: Toxapex|Recover|p2a: Toxapex
|-heal|p2a: Toxapex|304\/304
|
|-heal|p1a: Clefable|394\/394|[from] item: Leftovers
|upkeep
|turn|13
|choice|*move 4|*
|choice|*|*switch 6
|choice|move wish|switch 6
|
|switch|p2a: Clefable|Clefable, F|394\/394
|move|p1a: Clefable|Wish|p1a: Clefable
|
|upkeep
|turn|14
|choice|*|*move 4
|choice|*switch 6|*
|choice|switch 6|move wish
|
|switch|p1a: Venusaur|Venusaur-Mega, F|323\/363 brn
|-damage|p1a: Venusaur|278\/363 brn|[from] Stealth Rock
|move|p2a: Clefable|Wish|p2a: Clefable
|
|-heal|p1a: Venusaur|363\/363 brn|[from] move: Wish|[wisher] Clefable
|-damage|p1a: Venusaur|341\/363 brn|[from] brn
|upkeep
|turn|15
|choice|*|*switch 5
|choice|*move 4|*
|choice|move roar|switch 5
|
|switch|p2a: Doublade|Doublade, M|229\/321
|-damage|p2a: Doublade|209\/321|[from] Stealth Rock
|move|p1a: Venusaur|Roar|p2a: Doublade
|drag|p2a: Landorus|Landorus-Therian, M|319\/319
|-damage|p2a: Landorus|280\/319|[from] Stealth Rock
|-ability|p2a: Landorus|Intimidate|boost
|-unboost|p1a: Venusaur|atk|1
|
|-heal|p2a: Landorus|319\/319|[from] move: Wish|[wisher] Clefable
|-damage|p1a: Venusaur|319\/363 brn|[from] brn
|upkeep
|turn|16
|choice|*move 2|*
|choice|*|*move 2
|choice|move sludgebomb|move uturn
|
|move|p2a: Landorus|U-turn|p1a: Venusaur
|-damage|p1a: Venusaur|247\/363 brn
|choice|*|*switch 6
|choice||switch 6
|
|switch|p2a: Toxapex|Toxapex, M|304\/304|[from]move: U-turn
|-damage|p2a: Toxapex|266\/304|[from] Stealth Rock
|move|p1a: Venusaur|Sludge Bomb|p2a: Toxapex
|-resisted|p2a: Toxapex
|-damage|p2a: Toxapex|233\/304
|
|-heal|p2a: Toxapex|252\/304|[from] item: Black Sludge
|-damage|p1a: Venusaur|225\/363 brn|[from] brn
|upkeep
|turn|17
|choice|*|*move 1
|choice|*switch 6|*
|choice|switch 6|move scald
|
|switch|p1a: Clefable|Clefable, M|394\/394
|move|p2a: Toxapex|Scald|p1a: Clefable
|-damage|p1a: Clefable|337\/394
|
|-heal|p1a: Clefable|361\/394|[from] item: Leftovers
|-heal|p2a: Toxapex|271\/304|[from] item: Black Sludge
|upkeep
|turn|18
|choice|*|*switch 4
|choice|*|*switch 4
|c|☆magno777|no quemo ala primera
|choice|*move 4|*
|choice|move wish|switch 4
|
|switch|p2a: Bellossom|Bellossom, M|203\/353
|-damage|p2a: Bellossom|159\/353|[from] Stealth Rock
|move|p1a: Clefable|Wish|p1a: Clefable
|
|-heal|p1a: Clefable|385\/394|[from] item: Leftovers
|upkeep
|turn|19
|choice|*|*switch 2
|choice|*|*move 2
|choice|*switch 6|*
|choice|*|*move 2
|choice|switch 6|move quiverdance
|
|switch|p1a: Venusaur|Venusaur-Mega, F|225\/363 brn
|-damage|p1a: Venusaur|180\/363 brn|[from] Stealth Rock
|move|p2a: Bellossom|Quiver Dance|p2a: Bellossom
|-boost|p2a: Bellossom|spa|1
|-boost|p2a: Bellossom|spd|1
|-boost|p2a: Bellossom|spe|1
|
|-heal|p1a: Venusaur|363\/363 brn|[from] move: Wish|[wisher] Clefable
|-damage|p1a: Venusaur|341\/363 brn|[from] brn
|upkeep
|turn|20
|choice|*move 4|*
|choice|*|*move 1
|choice|move roar|move strengthsap
|
|move|p2a: Bellossom|Strength Sap|p1a: Venusaur
|-unboost|p1a: Venusaur|atk|1
|-heal|p2a: Bellossom|353\/353
|move|p1a: Venusaur|Roar|p2a: Bellossom
|drag|p2a: Doublade|Doublade, M|209\/321
|-damage|p2a: Doublade|189\/321|[from] Stealth Rock
|
|-damage|p1a: Venusaur|319\/363 brn|[from] brn
|upkeep
|turn|21
|choice|*|*switch 5
|choice|*move 3|*
|choice|move hiddenpower|switch 5
|
|switch|p2a: Clefable|Clefable, F|394\/394
|move|p1a: Venusaur|Hidden Power|p2a: Clefable
|-damage|p2a: Clefable|330\/394
|
|-heal|p2a: Clefable|354\/394|[from] item: Leftovers
|-damage|p1a: Venusaur|297\/363 brn|[from] brn
|upkeep
|turn|22
|choice|*|*move 4
|choice|*move 2|*
|choice|*|*move 4
|choice|move sludgebomb|move wish
|
|move|p1a: Venusaur|Sludge Bomb|p2a: Clefable
|-supereffective|p2a: Clefable
|-damage|p2a: Clefable|60\/394
|move|p2a: Clefable|Wish|p2a: Clefable
|
|-heal|p2a: Clefable|84\/394|[from] item: Leftovers
|-damage|p1a: Venusaur|275\/363 brn|[from] brn
|upkeep
|turn|23
|choice|*|*switch 5
|choice|*|*switch 5
|choice|*move 4|*
|choice|move roar|switch 5
|
|switch|p2a: Doublade|Doublade, M|189\/321
|-damage|p2a: Doublade|169\/321|[from] Stealth Rock
|move|p1a: Venusaur|Roar|p2a: Doublade
|drag|p2a: Bellossom|Bellossom, M|353\/353
|-damage|p2a: Bellossom|309\/353|[from] Stealth Rock
|
|-heal|p2a: Bellossom|353\/353|[from] move: Wish|[wisher] Clefable
|-damage|p1a: Venusaur|253\/363 brn|[from] brn
|upkeep
|turn|24
|choice|*|*move 2
|choice|*move 2|*
|choice|*|*switch 4
|choice|move sludgebomb|switch 4
|
|switch|p2a: Toxapex|Toxapex, M|304\/304
|-damage|p2a: Toxapex|266\/304|[from] Stealth Rock
|move|p1a: Venusaur|Sludge Bomb|p2a: Toxapex
|-resisted|p2a: Toxapex
|-damage|p2a: Toxapex|233\/304
|
|-heal|p2a: Toxapex|252\/304|[from] item: Black Sludge
|-damage|p1a: Venusaur|231\/363 brn|[from] brn
|upkeep
|turn|25
|choice|*|*move 1
|choice|*switch 6|*
|choice|switch 6|move scald
|
|switch|p1a: Clefable|Clefable, M|385\/394
|move|p2a: Toxapex|Scald|p1a: Clefable
|-damage|p1a: Clefable|318\/394
|
|-heal|p1a: Clefable|342\/394|[from] item: Leftovers
|-heal|p2a: Toxapex|271\/304|[from] item: Black Sludge
|upkeep
|turn|26
|choice|*|*switch 4
|choice|*move 4|*
|choice|*|*switch 4
|choice|move wish|switch 4
|
|switch|p2a: Bellossom|Bellossom, M|353\/353
|-damage|p2a: Bellossom|309\/353|[from] Stealth Rock
|move|p1a: Clefable|Wish|p1a: Clefable
|
|-heal|p1a: Clefable|366\/394|[from] item: Leftovers
|upkeep
|turn|27
|choice|*|*move 2
|choice|*switch 6|*
|choice|*|*switch 3
|choice|switch 6|switch 3
|
|switch|p2a: Latias|Latias, F|364\/364
|-damage|p2a: Latias|319\/364|[from] Stealth Rock
|switch|p1a: Venusaur|Venusaur-Mega, F|231\/363 brn
|-damage|p1a: Venusaur|186\/363 brn|[from] Stealth Rock
|
|-heal|p1a: Venusaur|363\/363 brn|[from] move: Wish|[wisher] Clefable
|-damage|p1a: Venusaur|341\/363 brn|[from] brn
|upkeep
|turn|28
|choice|*|*move 1 mega
|choice|*switch 6|*
|choice|switch 6|move icebeam mega
|
|switch|p1a: Clefable|Clefable, M|366\/394
|-mega|p2a: Latias|Latias|Latiasite
|detailschange|p2a: Latias|Latias-Mega, F
|move|p2a: Latias|Ice Beam|p1a: Clefable
|-damage|p1a: Clefable|255\/394
|
|-heal|p1a: Clefable|279\/394|[from] item: Leftovers
|upkeep
|turn|29
|choice|*move 2|*
|choice|*|*switch 2
|choice|move moonblast|switch 2
|
|switch|p2a: Doublade|Doublade, M|169\/321
|-damage|p2a: Doublade|149\/321|[from] Stealth Rock
|move|p1a: Clefable|Moonblast|p2a: Doublade
|-resisted|p2a: Doublade
|-damage|p2a: Doublade|111\/321
|
|-heal|p1a: Clefable|303\/394|[from] item: Leftovers
|upkeep
|turn|30
|choice|*|*move 1
|choice|*switch 5|*
|choice|switch 5|move swordsdance
|
|switch|p1a: Zygarde|Zygarde|357\/357
|-damage|p1a: Zygarde|335\/357|[from] Stealth Rock
|-ability|p1a: Zygarde|Aura Break
|move|p2a: Doublade|Swords Dance|p2a: Doublade
|-boost|p2a: Doublade|atk|2
|
|-heal|p1a: Zygarde|357\/357|[from] item: Leftovers
|upkeep
|turn|31
|choice|*|*switch 6
|choice|*move 2|*
|choice|move thousandarrows|switch 6
|
|switch|p2a: Landorus|Landorus-Therian, M|319\/319
|-damage|p2a: Landorus|280\/319|[from] Stealth Rock
|-ability|p2a: Landorus|Intimidate|boost
|-unboost|p1a: Zygarde|atk|1
|move|p1a: Zygarde|Thousand Arrows|p2a: Landorus
|-damage|p2a: Landorus|189\/319
|-start|p2a: Landorus|Smack Down
|
|upkeep
|turn|32
|choice|*|*move 2
|choice|*switch 3|*
|choice|switch 3|move uturn
|
|switch|p1a: Landorus|Landorus-Therian, M|349\/349
|-damage|p1a: Landorus|306\/349|[from] Stealth Rock
|-ability|p1a: Landorus|Intimidate|boost
|-unboost|p2a: Landorus|atk|1
|move|p2a: Landorus|U-turn|p1a: Landorus
|-resisted|p1a: Landorus
|-damage|p1a: Landorus|279\/349
|choice|*|*switch 2
|choice||switch 2
|
|switch|p2a: Latias|Latias-Mega, F|319\/364|[from]move: U-turn
|-damage|p2a: Latias|274\/364|[from] Stealth Rock
|
|upkeep
|turn|33
|choice|*|*move 4
|choice|*move 3|*
|choice|move uturn|move roost
|
|move|p1a: Landorus|U-turn|p2a: Latias
|-supereffective|p2a: Latias
|-damage|p2a: Latias|128\/364
|choice|*switch 5|*
|choice|switch 5|
|
|switch|p1a: Clefable|Clefable, M|303\/394|[from]move: U-turn
|move|p2a: Latias|Roost|p2a: Latias
|-heal|p2a: Latias|310\/364
|
|-heal|p1a: Clefable|327\/394|[from] item: Leftovers
|upkeep
|turn|34
|choice|*|*switch 3
|choice|*|*switch 3
|choice|*move 4|*
|choice|move wish|switch 3
|
|switch|p2a: Bellossom|Bellossom, M|309\/353
|-damage|p2a: Bellossom|265\/353|[from] Stealth Rock
|move|p1a: Clefable|Wish|p1a: Clefable
|
|-heal|p1a: Clefable|351\/394|[from] item: Leftovers
|upkeep
|turn|35
|choice|*|*move 2
|choice|*switch 2|*
|choice|switch 2|move quiverdance
|
|switch|p1a: Celesteela|Celesteela|327\/398 brn
|-damage|p1a: Celesteela|278\/398 brn|[from] Stealth Rock
|move|p2a: Bellossom|Quiver Dance|p2a: Bellossom
|-boost|p2a: Bellossom|spa|1
|-boost|p2a: Bellossom|spd|1
|-boost|p2a: Bellossom|spe|1
|
|-heal|p1a: Celesteela|398\/398 brn|[from] move: Wish|[wisher] Clefable
|-damage|p1a: Celesteela|374\/398 brn|[from] brn
|upkeep
|turn|36
|choice|*|*move 2
|choice|*move 2|*
|choice|move flamethrower|move quiverdance
|
|move|p2a: Bellossom|Quiver Dance|p2a: Bellossom
|-boost|p2a: Bellossom|spa|1
|-boost|p2a: Bellossom|spd|1
|-boost|p2a: Bellossom|spe|1
|move|p1a: Celesteela|Flamethrower|p2a: Bellossom
|-supereffective|p2a: Bellossom
|-damage|p2a: Bellossom|191\/353
|
|-heal|p1a: Celesteela|398\/398 brn|[from] item: Leftovers
|-damage|p1a: Celesteela|374\/398 brn|[from] brn
|upkeep
|turn|37
|choice|*move 2|*
|choice|*|*move 2
|choice|move flamethrower|move quiverdance
|
|move|p2a: Bellossom|Quiver Dance|p2a: Bellossom
|-boost|p2a: Bellossom|spa|1
|-boost|p2a: Bellossom|spd|1
|-boost|p2a: Bellossom|spe|1
|move|p1a: Celesteela|Flamethrower|p2a: Bellossom
|-supereffective|p2a: Bellossom
|-damage|p2a: Bellossom|125\/353
|
|-heal|p1a: Celesteela|398\/398 brn|[from] item: Leftovers
|-damage|p1a: Celesteela|374\/398 brn|[from] brn
|upkeep
|turn|38
|choice|*|*move 1
|choice|*switch 6|*
|choice|switch 6|move strengthsap
|
|switch|p1a: Venusaur|Venusaur-Mega, F|341\/363 brn
|-damage|p1a: Venusaur|296\/363 brn|[from] Stealth Rock
|move|p2a: Bellossom|Strength Sap|p1a: Venusaur
|-unboost|p1a: Venusaur|atk|1
|-heal|p2a: Bellossom|353\/353
|
|-damage|p1a: Venusaur|274\/363 brn|[from] brn
|upkeep
|turn|39
|choice|*|*move 4
|choice|*move 4|*
|choice|move roar|move hiddenpower
|
|move|p2a: Bellossom|Hidden Power|p1a: Venusaur
|-damage|p1a: Venusaur|199\/363 brn
|move|p1a: Venusaur|Roar|p2a: Bellossom
|drag|p2a: Toxapex|Toxapex, M|304\/304
|-damage|p2a: Toxapex|266\/304|[from] Stealth Rock
|
|-heal|p2a: Toxapex|285\/304|[from] item: Black Sludge
|-damage|p1a: Venusaur|177\/363 brn|[from] brn
|upkeep
|turn|40
|choice|*|*switch 4
|choice|*switch 2|*
|choice|switch 2|switch 4
|
|switch|p1a: Clefable|Clefable, M|351\/394
|switch|p2a: Bellossom|Bellossom, M|353\/353
|-damage|p2a: Bellossom|309\/353|[from] Stealth Rock
|
|-heal|p1a: Clefable|375\/394|[from] item: Leftovers
|upkeep
|turn|41
|choice|*|*move 2
|choice|*move 4|*
|choice|move wish|move quiverdance
|
|move|p2a: Bellossom|Quiver Dance|p2a: Bellossom
|-boost|p2a: Bellossom|spa|1
|-boost|p2a: Bellossom|spd|1
|-boost|p2a: Bellossom|spe|1
|move|p1a: Clefable|Wish|p1a: Clefable
|
|-heal|p1a: Clefable|394\/394|[from] item: Leftovers
|upkeep
|turn|42
|choice|*|*move 4
|choice|*switch 2|*
|choice|switch 2|move hiddenpower
|
|switch|p1a: Venusaur|Venusaur-Mega, F|177\/363 brn
|-damage|p1a: Venusaur|132\/363 brn|[from] Stealth Rock
|move|p2a: Bellossom|Hidden Power|p1a: Venusaur
|-damage|p1a: Venusaur|83\/363 brn
|
|-heal|p1a: Venusaur|280\/363 brn|[from] move: Wish|[wisher] Clefable
|-damage|p1a: Venusaur|258\/363 brn|[from] brn
|upkeep
|turn|43
|choice|*|*move 4
|choice|*move 4|*
|choice|move roar|move hiddenpower
|
|move|p2a: Bellossom|Hidden Power|p1a: Venusaur
|-damage|p1a: Venusaur|208\/363 brn
|move|p1a: Venusaur|Roar|p2a: Bellossom
|drag|p2a: Latias|Latias-Mega, F|310\/364
|-damage|p2a: Latias|265\/364|[from] Stealth Rock
|
|-damage|p1a: Venusaur|186\/363 brn|[from] brn
|upkeep
|turn|44
|choice|*|*switch 3
|choice|*|*move 1
|choice|*switch 2|*
|choice|switch 2|move icebeam
|
|switch|p1a: Clefable|Clefable, M|394\/394
|move|p2a: Latias|Ice Beam|p1a: Clefable
|-crit|p1a: Clefable
|-damage|p1a: Clefable|245\/394
|
|-heal|p1a: Clefable|269\/394|[from] item: Leftovers
|upkeep
|turn|45
|choice|*move 3|*
|choice|*|*switch 4
|choice|move softboiled|switch 4
|
|switch|p2a: Toxapex|Toxapex, M|304\/304
|-damage|p2a: Toxapex|266\/304|[from] Stealth Rock
|move|p1a: Clefable|Soft-Boiled|p1a: Clefable
|-heal|p1a: Clefable|394\/394
|
|-heal|p2a: Toxapex|285\/304|[from] item: Black Sludge
|upkeep
|turn|46
|choice|*|*move 1
|choice|*move 4|*
|choice|move wish|move scald
|
|move|p1a: Clefable|Wish|p1a: Clefable
|move|p2a: Toxapex|Scald|p1a: Clefable
|-damage|p1a: Clefable|330\/394
|-status|p1a: Clefable|brn
|
|-heal|p1a: Clefable|354\/394 brn|[from] item: Leftovers
|-heal|p2a: Toxapex|304\/304|[from] item: Black Sludge
|upkeep
|turn|47
|choice|*|*move 1
|choice|*switch 2|*
|choice|switch 2|move scald
|
|switch|p1a: Venusaur|Venusaur-Mega, F|186\/363 brn
|-damage|p1a: Venusaur|141\/363 brn|[from] Stealth Rock
|move|p2a: Toxapex|Scald|p1a: Venusaur
|-resisted|p1a: Venusaur
|-damage|p1a: Venusaur|124\/363 brn
|
|-heal|p1a: Venusaur|321\/363 brn|[from] move: Wish|[wisher] Clefable
|-damage|p1a: Venusaur|299\/363 brn|[from] brn
|upkeep
|turn|48
|choice|*|*move 2
|choice|*switch 2|*
|choice|switch 2|move haze
|
|switch|p1a: Clefable|Clefable, M|354\/394 brn
|move|p2a: Toxapex|Haze|p2a: Toxapex
|-clearallboost
|
|-heal|p1a: Clefable|378\/394 brn|[from] item: Leftovers
|upkeep
|turn|49
|choice|*|*move 2
|choice|*|*move 1
|choice|*move 2|*
|choice|move moonblast|move scald
|
|move|p1a: Clefable|Moonblast|p2a: Toxapex
|-resisted|p2a: Toxapex
|-damage|p2a: Toxapex|274\/304
|move|p2a: Toxapex|Scald|p1a: Clefable
|-damage|p1a: Clefable|314\/394 brn
|
|-heal|p1a: Clefable|338\/394 brn|[from] item: Leftovers
|-heal|p2a: Toxapex|293\/304|[from] item: Black Sludge
|upkeep
|turn|50
|choice|*|*move 2
|choice|*move 2|*
|choice|move moonblast|move haze
|
|move|p1a: Clefable|Moonblast|p2a: Toxapex
|-resisted|p2a: Toxapex
|-damage|p2a: Toxapex|265\/304
|move|p2a: Toxapex|Haze|p2a: Toxapex
|-clearallboost
|
|-heal|p1a: Clefable|362\/394 brn|[from] item: Leftovers
|-heal|p2a: Toxapex|284\/304|[from] item: Black Sludge
|upkeep
|turn|51
|choice|*move 1|*
|choice|*|*move 2
|choice|move stealthrock|move haze
|
|move|p1a: Clefable|Stealth Rock|p2a: Toxapex
|-fail|p1a: Clefable
|move|p2a: Toxapex|Haze|p2a: Toxapex
|-clearallboost
|
|-heal|p1a: Clefable|386\/394 brn|[from] item: Leftovers
|-heal|p2a: Toxapex|303\/304|[from] item: Black Sludge
|upkeep
|turn|52
|choice|*|*move 2
|choice|*switch 6|*
|choice|switch 6|move haze
|
|switch|p1a: Celesteela|Celesteela|374\/398 brn
|-damage|p1a: Celesteela|325\/398 brn|[from] Stealth Rock
|move|p2a: Toxapex|Haze|p2a: Toxapex
|-clearallboost
|
|-heal|p1a: Celesteela|349\/398 brn|[from] item: Leftovers
|-heal|p2a: Toxapex|304\/304|[from] item: Black Sludge
|-damage|p1a: Celesteela|325\/398 brn|[from] brn
|upkeep
|turn|53
|choice|*|*switch 5
|choice|*move 2|*
|choice|move flamethrower|switch 5
|
|switch|p2a: Clefable|Clefable, F|84\/394
|move|p1a: Celesteela|Flamethrower|p2a: Clefable
|-damage|p2a: Clefable|3\/394
|
|-heal|p2a: Clefable|27\/394|[from] item: Leftovers
|-heal|p1a: Celesteela|349\/398 brn|[from] item: Leftovers
|-damage|p1a: Celesteela|325\/398 brn|[from] brn
|upkeep
|turn|54
|choice|*|*move 2
|choice|*move 1|*
|choice|move heavyslam|move softboiled
|
|move|p2a: Clefable|Soft-Boiled|p2a: Clefable
|-heal|p2a: Clefable|224\/394
|move|p1a: Celesteela|Heavy Slam|p2a: Clefable
|-supereffective|p2a: Clefable
|-damage|p2a: Clefable|106\/394
|
|-heal|p2a: Clefable|130\/394|[from] item: Leftovers
|-heal|p1a: Celesteela|349\/398 brn|[from] item: Leftovers
|-damage|p1a: Celesteela|325\/398 brn|[from] brn
|upkeep
|turn|55
|choice|*|*move 2
|choice|*switch 2|*
|choice|switch 2|move softboiled
|
|switch|p1a: Venusaur|Venusaur-Mega, F|299\/363 brn
|-damage|p1a: Venusaur|254\/363 brn|[from] Stealth Rock
|move|p2a: Clefable|Soft-Boiled|p2a: Clefable
|-heal|p2a: Clefable|327\/394
|
|-heal|p2a: Clefable|351\/394|[from] item: Leftovers
|-damage|p1a: Venusaur|232\/363 brn|[from] brn
|upkeep
|turn|56
|choice|*move 2|*
|choice|*|*switch 4
|choice|move sludgebomb|switch 4
|
|switch|p2a: Latias|Latias-Mega, F|265\/364
|-damage|p2a: Latias|220\/364|[from] Stealth Rock
|move|p1a: Venusaur|Sludge Bomb|p2a: Latias
|-damage|p2a: Latias|129\/364
|
|-damage|p1a: Venusaur|210\/363 brn|[from] brn
|upkeep
|turn|57
|choice|*|*move 4
|choice|*switch 6|*
|choice|switch 6|move roost
|
|switch|p1a: Clefable|Clefable, M|386\/394 brn
|move|p2a: Latias|Roost|p2a: Latias
|-heal|p2a: Latias|311\/364
|
|-heal|p1a: Clefable|394\/394 brn|[from] item: Leftovers
|upkeep
|turn|58
|choice|*|*switch 5
|choice|*move 4|*
|choice|move wish|switch 5
|
|switch|p2a: Toxapex|Toxapex, M|304\/304
|-damage|p2a: Toxapex|266\/304|[from] Stealth Rock
|move|p1a: Clefable|Wish|p1a: Clefable
|
|-heal|p2a: Toxapex|285\/304|[from] item: Black Sludge
|upkeep
|turn|59
|choice|*switch 6|*
|choice|*|*switch 4
|choice|switch 6|switch 4
|
|switch|p1a: Venusaur|Venusaur-Mega, F|210\/363 brn
|-damage|p1a: Venusaur|165\/363 brn|[from] Stealth Rock
|switch|p2a: Clefable|Clefable, F|351\/394
|
|-heal|p1a: Venusaur|362\/363 brn|[from] move: Wish|[wisher] Clefable
|-heal|p2a: Clefable|375\/394|[from] item: Leftovers
|-damage|p1a: Venusaur|340\/363 brn|[from] brn
|upkeep
|turn|60
|choice|*|*switch 4
|choice|*move 4|*
|choice|move roar|switch 4
|
|switch|p2a: Toxapex|Toxapex, M|304\/304
|-damage|p2a: Toxapex|266\/304|[from] Stealth Rock
|move|p1a: Venusaur|Roar|p2a: Toxapex
|drag|p2a: Latias|Latias-Mega, F|311\/364
|-damage|p2a: Latias|266\/364|[from] Stealth Rock
|
|-damage|p1a: Venusaur|318\/363 brn|[from] brn
|upkeep
|turn|61
|choice|*|*move 1
|choice|*switch 6|*
|choice|switch 6|move icebeam
|
|switch|p1a: Clefable|Clefable, M|394\/394 brn
|move|p2a: Latias|Ice Beam|p1a: Clefable
|-damage|p1a: Clefable|289\/394 brn
|
|-heal|p1a: Clefable|313\/394 brn|[from] item: Leftovers
|upkeep
|turn|62
|choice|*|*switch 4
|choice|*switch 3|*
|choice|switch 3|switch 4
|
|switch|p2a: Clefable|Clefable, F|375\/394
|switch|p1a: Zygarde|Zygarde|357\/357
|-damage|p1a: Zygarde|335\/357|[from] Stealth Rock
|-ability|p1a: Zygarde|Aura Break
|
|-heal|p1a: Zygarde|357\/357|[from] item: Leftovers
|-heal|p2a: Clefable|394\/394|[from] item: Leftovers
|upkeep
|turn|63
|choice|*|*move 4
|choice|*switch 3|*
|choice|switch 3|move wish
|
|switch|p1a: Clefable|Clefable, M|313\/394 brn
|move|p2a: Clefable|Wish|p2a: Clefable
|
|-heal|p1a: Clefable|337\/394 brn|[from] item: Leftovers
|upkeep
|turn|64
|choice|*|*switch 6
|choice|*move 2|*
|choice|move moonblast|switch 6
|
|switch|p2a: Doublade|Doublade, M|111\/321
|-damage|p2a: Doublade|91\/321|[from] Stealth Rock
|move|p1a: Clefable|Moonblast|p2a: Doublade
|-resisted|p2a: Doublade
|-crit|p2a: Doublade
|-damage|p2a: Doublade|35\/321
|
|-heal|p2a: Doublade|232\/321|[from] move: Wish|[wisher] Clefable
|-heal|p1a: Clefable|361\/394 brn|[from] item: Leftovers
|upkeep
|turn|65
|choice|*|*move 2
|choice|*switch 3|*
|choice|switch 3|move shadowclaw
|
|switch|p1a: Zygarde|Zygarde|357\/357
|-damage|p1a: Zygarde|335\/357|[from] Stealth Rock
|-ability|p1a: Zygarde|Aura Break
|move|p2a: Doublade|Shadow Claw|p1a: Zygarde
|-damage|p1a: Zygarde|251\/357
|
|-heal|p1a: Zygarde|273\/357|[from] item: Leftovers
|upkeep
|turn|66
|choice|*|*switch 6
|choice|*move 3|*
|choice|move toxic|switch 6
|
|switch|p2a: Clefable|Clefable, F|394\/394
|move|p1a: Zygarde|Toxic|p2a: Clefable|[miss]
|-miss|p1a: Zygarde|p2a: Clefable
|
|-heal|p1a: Zygarde|295\/357|[from] item: Leftovers
|upkeep
|turn|67
|choice|*|*move 1
|choice|*switch 6|*
|choice|switch 6|move moonblast
|
|switch|p1a: Venusaur|Venusaur-Mega, F|318\/363 brn
|-damage|p1a: Venusaur|273\/363 brn|[from] Stealth Rock
|move|p2a: Clefable|Moonblast|p1a: Venusaur
|-resisted|p1a: Venusaur
|-damage|p1a: Venusaur|239\/363 brn
|
|-damage|p1a: Venusaur|217\/363 brn|[from] brn
|upkeep
|turn|68
|choice|*|*switch 5
|choice|*move 3|*
|choice|move hiddenpower|switch 5
|
|switch|p2a: Toxapex|Toxapex, M|304\/304
|-damage|p2a: Toxapex|266\/304|[from] Stealth Rock
|move|p1a: Venusaur|Hidden Power|p2a: Toxapex
|-resisted|p2a: Toxapex
|-damage|p2a: Toxapex|251\/304
|
|-heal|p2a: Toxapex|270\/304|[from] item: Black Sludge
|-damage|p1a: Venusaur|195\/363 brn|[from] brn
|upkeep
|turn|69
|choice|*|*move 4
|choice|*switch 3|*
|choice|switch 3|move toxic
|
|switch|p1a: Clefable|Clefable, M|361\/394 brn
|move|p2a: Toxapex|Toxic|p1a: Clefable
|-fail|p1a: Clefable
|
|-heal|p1a: Clefable|385\/394 brn|[from] item: Leftovers
|-heal|p2a: Toxapex|289\/304|[from] item: Black Sludge
|upkeep
|turn|70
|choice|*move 4|*
|choice|*|*move 4
|choice|move wish|move toxic
|
|move|p1a: Clefable|Wish|p1a: Clefable
|move|p2a: Toxapex|Toxic|p1a: Clefable
|-fail|p1a: Clefable
|
|-heal|p1a: Clefable|394\/394 brn|[from] item: Leftovers
|-heal|p2a: Toxapex|304\/304|[from] item: Black Sludge
|upkeep
|turn|71
|choice|*|*move 2
|choice|*switch 3|*
|choice|switch 3|move haze
|
|switch|p1a: Venusaur|Venusaur-Mega, F|195\/363 brn
|-damage|p1a: Venusaur|150\/363 brn|[from] Stealth Rock
|move|p2a: Toxapex|Haze|p2a: Toxapex
|-clearallboost
|
|-heal|p1a: Venusaur|347\/363 brn|[from] move: Wish|[wisher] Clefable
|-damage|p1a: Venusaur|325\/363 brn|[from] brn
|upkeep
|turn|72
|choice|*|*move 2
|choice|*switch 3|*
|choice|switch 3|move haze
|
|switch|p1a: Clefable|Clefable, M|394\/394 brn
|move|p2a: Toxapex|Haze|p2a: Toxapex
|-clearallboost
|
|upkeep
|turn|73
|choice|*|*move 2
|choice|*move 1|*
|choice|move stealthrock|move haze
|
|move|p1a: Clefable|Stealth Rock|p2a: Toxapex
|-fail|p1a: Clefable
|move|p2a: Toxapex|Haze|p2a: Toxapex
|-clearallboost
|
|upkeep
|turn|74
|choice|*|*move 2
|choice|*switch 6|*
|choice|switch 6|move haze
|
|switch|p1a: Zygarde|Zygarde|295\/357
|-damage|p1a: Zygarde|273\/357|[from] Stealth Rock
|-ability|p1a: Zygarde|Aura Break
|move|p2a: Toxapex|Haze|p2a: Toxapex
|-clearallboost
|
|-heal|p1a: Zygarde|295\/357|[from] item: Leftovers
|upkeep
|turn|75
|choice|*|*switch 5
|choice|*move 4|*
|choice|move substitute|switch 5
|
|switch|p2a: Clefable|Clefable, F|394\/394
|move|p1a: Zygarde|Substitute|p1a: Zygarde
|-start|p1a: Zygarde|Substitute
|-damage|p1a: Zygarde|206\/357
|
|-heal|p1a: Zygarde|228\/357|[from] item: Leftovers
|upkeep
|turn|76
|choice|*|*move 1
|choice|*move 2|*
|choice|move thousandarrows|move moonblast
|
|move|p1a: Zygarde|Thousand Arrows|p2a: Clefable
|-damage|p2a: Clefable|258\/394
|move|p2a: Clefable|Moonblast|p1a: Zygarde
|-supereffective|p1a: Zygarde
|-end|p1a: Zygarde|Substitute
|
|-heal|p1a: Zygarde|250\/357|[from] item: Leftovers
|-heal|p2a: Clefable|282\/394|[from] item: Leftovers
|upkeep
|turn|77
|choice|*|*move 2
|choice|*switch 6|*
|choice|switch 6|move softboiled
|
|switch|p1a: Clefable|Clefable, M|394\/394 brn
|move|p2a: Clefable|Soft-Boiled|p2a: Clefable
|-heal|p2a: Clefable|394\/394
|
|upkeep
|turn|78
|choice|*|*move 4
|choice|*move 2|*
|choice|move moonblast|move wish
|
|move|p1a: Clefable|Moonblast|p2a: Clefable
|-damage|p2a: Clefable|285\/394
|move|p2a: Clefable|Wish|p2a: Clefable
|
|-heal|p2a: Clefable|309\/394|[from] item: Leftovers
|upkeep
|turn|79
|choice|*|*switch 6
|choice|*switch 6|*
|choice|switch 6|switch 6
|
|switch|p2a: Doublade|Doublade, M|232\/321
|-damage|p2a: Doublade|212\/321|[from] Stealth Rock
|switch|p1a: Zygarde|Zygarde|250\/357
|-damage|p1a: Zygarde|228\/357|[from] Stealth Rock
|-ability|p1a: Zygarde|Aura Break
|
|-heal|p2a: Doublade|321\/321|[from] move: Wish|[wisher] Clefable
|-heal|p1a: Zygarde|250\/357|[from] item: Leftovers
|upkeep
|turn|80
|choice|*|*switch 4
|choice|*move 2|*
|choice|move thousandarrows|switch 4
|
|switch|p2a: Latias|Latias-Mega, F|266\/364
|-damage|p2a: Latias|221\/364|[from] Stealth Rock
|move|p1a: Zygarde|Thousand Arrows|p2a: Latias
|-damage|p2a: Latias|88\/364
|-start|p2a: Latias|Smack Down
|
|-heal|p1a: Zygarde|272\/357|[from] item: Leftovers
|upkeep
|turn|81
|choice|*|*move 4
|choice|*switch 6|*
|choice|switch 6|move roost
|
|switch|p1a: Clefable|Clefable, M|394\/394 brn
|move|p2a: Latias|Roost|p2a: Latias
|-heal|p2a: Latias|270\/364
|
|upkeep
|turn|82
|choice|*|*switch 4
|choice|*switch 6|*
|choice|switch 6|switch 4
|
|switch|p2a: Doublade|Doublade, M|321\/321
|-damage|p2a: Doublade|301\/321|[from] Stealth Rock
|switch|p1a: Zygarde|Zygarde|272\/357
|-damage|p1a: Zygarde|250\/357|[from] Stealth Rock
|-ability|p1a: Zygarde|Aura Break
|
|-heal|p1a: Zygarde|272\/357|[from] item: Leftovers
|upkeep
|turn|83
|choice|*move 1|*
|choice|*move 2|*
|choice|*move 4|*
|choice|*|*switch 6
|choice|move substitute|switch 6
|
|switch|p2a: Clefable|Clefable, F|309\/394
|move|p1a: Zygarde|Substitute|p1a: Zygarde
|-start|p1a: Zygarde|Substitute
|-damage|p1a: Zygarde|183\/357
|
|-heal|p1a: Zygarde|205\/357|[from] item: Leftovers
|-heal|p2a: Clefable|333\/394|[from] item: Leftovers
|upkeep
|turn|84
|choice|*|*move 1
|choice|*move 2|*
|choice|move thousandarrows|move moonblast
|
|move|p1a: Zygarde|Thousand Arrows|p2a: Clefable
|-damage|p2a: Clefable|201\/394
|move|p2a: Clefable|Moonblast|p1a: Zygarde
|-supereffective|p1a: Zygarde
|-end|p1a: Zygarde|Substitute
|
|-heal|p1a: Zygarde|227\/357|[from] item: Leftovers
|-heal|p2a: Clefable|225\/394|[from] item: Leftovers
|upkeep
|turn|85
|choice|*|*move 2
|choice|*move 2|*
|choice|move thousandarrows|move softboiled
|
|move|p1a: Zygarde|Thousand Arrows|p2a: Clefable
|-damage|p2a: Clefable|95\/394
|move|p2a: Clefable|Soft-Boiled|p2a: Clefable
|-heal|p2a: Clefable|292\/394
|
|-heal|p1a: Zygarde|249\/357|[from] item: Leftovers
|-heal|p2a: Clefable|316\/394|[from] item: Leftovers
|upkeep
|turn|86
|choice|*|*move 1
|choice|*switch 6|*
|choice|switch 6|move moonblast
|
|switch|p1a: Clefable|Clefable, M|394\/394 brn
|move|p2a: Clefable|Moonblast|p1a: Clefable
|-damage|p1a: Clefable|285\/394 brn
|-unboost|p1a: Clefable|spa|1
|
|-heal|p2a: Clefable|340\/394|[from] item: Leftovers
|-heal|p1a: Clefable|309\/394 brn|[from] item: Leftovers
|upkeep
|turn|87
|choice|*|*move 4
|choice|*switch 3|*
|choice|switch 3|move wish
|
|switch|p1a: Venusaur|Venusaur-Mega, F|325\/363 brn
|-damage|p1a: Venusaur|280\/363 brn|[from] Stealth Rock
|move|p2a: Clefable|Wish|p2a: Clefable
|
|-heal|p2a: Clefable|364\/394|[from] item: Leftovers
|-damage|p1a: Venusaur|258\/363 brn|[from] brn
|upkeep
|turn|88
|choice|*|*switch 6
|choice|*move 4|*
|choice|move roar|switch 6
|
|switch|p2a: Doublade|Doublade, M|301\/321
|-damage|p2a: Doublade|281\/321|[from] Stealth Rock
|move|p1a: Venusaur|Roar|p2a: Doublade
|drag|p2a: Latias|Latias-Mega, F|270\/364
|-damage|p2a: Latias|225\/364|[from] Stealth Rock
|
|-heal|p2a: Latias|364\/364|[from] move: Wish|[wisher] Clefable
|-damage|p1a: Venusaur|236\/363 brn|[from] brn
|upkeep
|turn|89
|choice|*|*move 1
|choice|*switch 3|*
|choice|switch 3|move icebeam
|
|switch|p1a: Clefable|Clefable, M|309\/394 brn
|move|p2a: Latias|Ice Beam|p1a: Clefable
|-damage|p1a: Clefable|213\/394 brn
|
|-heal|p1a: Clefable|237\/394 brn|[from] item: Leftovers
|upkeep
|turn|90
|choice|*move 3|*
|choice|*|*switch 3
|choice|move softboiled|switch 3
|
|switch|p2a: Bellossom|Bellossom, M|309\/353
|-damage|p2a: Bellossom|265\/353|[from] Stealth Rock
|move|p1a: Clefable|Soft-Boiled|p1a: Clefable
|-heal|p1a: Clefable|394\/394 brn
|
|upkeep
|turn|91
|choice|*|*move 2
|choice|*move 4|*
|choice|move wish|move quiverdance
|
|move|p2a: Bellossom|Quiver Dance|p2a: Bellossom
|-boost|p2a: Bellossom|spa|1
|-boost|p2a: Bellossom|spd|1
|-boost|p2a: Bellossom|spe|1
|move|p1a: Clefable|Wish|p1a: Clefable
|
|upkeep
|turn|92
|choice|*|*move 1
|choice|*switch 3|*
|choice|switch 3|move strengthsap
|
|switch|p1a: Venusaur|Venusaur-Mega, F|236\/363 brn
|-damage|p1a: Venusaur|191\/363 brn|[from] Stealth Rock
|move|p2a: Bellossom|Strength Sap|p1a: Venusaur
|-unboost|p1a: Venusaur|atk|1
|-heal|p2a: Bellossom|353\/353
|
|-heal|p1a: Venusaur|363\/363 brn|[from] move: Wish|[wisher] Clefable
|-damage|p1a: Venusaur|341\/363 brn|[from] brn
|upkeep
|turn|93
|choice|*|*move 4
|choice|*|*switch 5
|choice|*move 4|*
|choice|move roar|switch 5
|
|switch|p2a: Toxapex|Toxapex, M|304\/304
|-damage|p2a: Toxapex|266\/304|[from] Stealth Rock
|move|p1a: Venusaur|Roar|p2a: Toxapex
|drag|p2a: Latias|Latias-Mega, F|364\/364
|-damage|p2a: Latias|319\/364|[from] Stealth Rock
|
|-damage|p1a: Venusaur|319\/363 brn|[from] brn
|upkeep
|turn|94
|choice|*|*move 1
|choice|*move 2|*
|choice|move sludgebomb|move icebeam
|
|move|p2a: Latias|Ice Beam|p1a: Venusaur
|-supereffective|p1a: Venusaur
|-damage|p1a: Venusaur|263\/363 brn
|move|p1a: Venusaur|Sludge Bomb|p2a: Latias
|-damage|p2a: Latias|231\/364
|
|-damage|p1a: Venusaur|241\/363 brn|[from] brn
|upkeep
|turn|95
|choice|*move 2|*
|choice|*|*move 4
|choice|move sludgebomb|move roost
|
|move|p2a: Latias|Roost|p2a: Latias
|-heal|p2a: Latias|364\/364
|move|p1a: Venusaur|Sludge Bomb|p2a: Latias
|-crit|p2a: Latias
|-damage|p2a: Latias|238\/364
|-status|p2a: Latias|psn
|
|-damage|p2a: Latias|193\/364 psn|[from] psn
|-damage|p1a: Venusaur|219\/363 brn|[from] brn
|upkeep
|turn|96
|choice|*|*move 1
|choice|*|*move 4
|choice|*switch 3|*
|choice|switch 3|move roost
|
|switch|p1a: Clefable|Clefable, M|394\/394 brn
|move|p2a: Latias|Roost|p2a: Latias
|-heal|p2a: Latias|364\/364 psn
|
|-damage|p2a: Latias|319\/364 psn|[from] psn
|upkeep
|turn|97
|choice|*|*switch 5
|choice|*move 2|*
|choice|move moonblast|switch 5
|
|switch|p2a: Bellossom|Bellossom, M|353\/353
|-damage|p2a: Bellossom|309\/353|[from] Stealth Rock
|move|p1a: Clefable|Moonblast|p2a: Bellossom
|-damage|p2a: Bellossom|197\/353
|-unboost|p2a: Bellossom|spa|1
|
|upkeep
|turn|98
|choice|*|*move 1
|choice|*move 2|*
|choice|move moonblast|move strengthsap
|
|move|p2a: Bellossom|Strength Sap|p1a: Clefable
|-unboost|p1a: Clefable|atk|1
|-heal|p2a: Bellossom|327\/353
|move|p1a: Clefable|Moonblast|p2a: Bellossom
|-damage|p2a: Bellossom|216\/353
|
|upkeep
|turn|99
|choice|*|*move 2
|choice|*move 2|*
|choice|move moonblast|move quiverdance
|
|move|p2a: Bellossom|Quiver Dance|p2a: Bellossom
|-boost|p2a: Bellossom|spa|1
|-boost|p2a: Bellossom|spd|1
|-boost|p2a: Bellossom|spe|1
|move|p1a: Clefable|Moonblast|p2a: Bellossom
|-damage|p2a: Bellossom|141\/353
|
|upkeep
|turn|100
|choice|*|*move 1
|choice|*move 2|*
|choice|move moonblast|move strengthsap
|
|move|p2a: Bellossom|Strength Sap|p1a: Clefable
|-unboost|p1a: Clefable|atk|1
|-heal|p2a: Bellossom|227\/353
|move|p1a: Clefable|Moonblast|p2a: Bellossom
|-damage|p2a: Bellossom|161\/353
|
|upkeep
|turn|101
|choice|*|*move 2
|choice|*move 2|*
|choice|move moonblast|move quiverdance
|
|move|p2a: Bellossom|Quiver Dance|p2a: Bellossom
|-boost|p2a: Bellossom|spa|1
|-boost|p2a: Bellossom|spd|1
|-boost|p2a: Bellossom|spe|1
|move|p1a: Clefable|Moonblast|p2a: Bellossom
|-damage|p2a: Bellossom|103\/353
|
|upkeep
|turn|102
|choice|*|*move 3
|choice|*|*move 1
|choice|*move 2|*
|choice|move moonblast|move strengthsap
|
|move|p2a: Bellossom|Strength Sap|p1a: Clefable
|-unboost|p1a: Clefable|atk|1
|-heal|p2a: Bellossom|168\/353
|move|p1a: Clefable|Moonblast|p2a: Bellossom
|-damage|p2a: Bellossom|117\/353
|
|upkeep
|turn|103
|choice|*|*move 3
|choice|*move 2|*
|choice|move moonblast|move gigadrain
|
|move|p2a: Bellossom|Giga Drain|p1a: Clefable
|-damage|p1a: Clefable|262\/394 brn
|-heal|p2a: Bellossom|183\/353|[from] drain|[of] p1a: Clefable
|move|p1a: Clefable|Moonblast|p2a: Bellossom
|-damage|p2a: Bellossom|126\/353
|-unboost|p2a: Bellossom|spa|1
|
|-heal|p1a: Clefable|286\/394 brn|[from] item: Leftovers
|upkeep
|turn|104
|choice|*|*move 2
|choice|*move 4|*
|choice|move wish|move quiverdance
|
|move|p2a: Bellossom|Quiver Dance|p2a: Bellossom
|-boost|p2a: Bellossom|spa|1
|-boost|p2a: Bellossom|spd|1
|-boost|p2a: Bellossom|spe|1
|move|p1a: Clefable|Wish|p1a: Clefable
|
|-heal|p1a: Clefable|310\/394 brn|[from] item: Leftovers
|upkeep
|turn|105
|choice|*|*move 1
|choice|*move 2|*
|choice|move moonblast|move strengthsap
|
|move|p2a: Bellossom|Strength Sap|p1a: Clefable
|-unboost|p1a: Clefable|atk|1
|-heal|p2a: Bellossom|178\/353
|move|p1a: Clefable|Moonblast|p2a: Bellossom
|-damage|p2a: Bellossom|132\/353
|-unboost|p2a: Bellossom|spa|1
|
|-heal|p1a: Clefable|394\/394 brn|[from] move: Wish|[wisher] Clefable
|upkeep
|turn|106
|choice|*|*move 2
|choice|*move 1|*
|choice|move stealthrock|move quiverdance
|
|move|p2a: Bellossom|Quiver Dance|p2a: Bellossom
|-boost|p2a: Bellossom|spa|1
|-boost|p2a: Bellossom|spd|1
|-boost|p2a: Bellossom|spe|1
|move|p1a: Clefable|Stealth Rock|p2a: Bellossom
|-fail|p1a: Clefable
|
|upkeep
|turn|107
|choice|*move 4|*
|choice|*|*move 3
|choice|move wish|move gigadrain
|
|move|p2a: Bellossom|Giga Drain|p1a: Clefable
|-damage|p1a: Clefable|262\/394 brn
|-heal|p2a: Bellossom|198\/353|[from] drain|[of] p1a: Clefable
|move|p1a: Clefable|Wish|p1a: Clefable
|
|-heal|p1a: Clefable|286\/394 brn|[from] item: Leftovers
|upkeep
|turn|108
|choice|*|*move 3
|choice|*|*move 1
|choice|*switch 3|*
|choice|switch 3|move strengthsap
|
|switch|p1a: Venusaur|Venusaur-Mega, F|219\/363 brn
|-damage|p1a: Venusaur|174\/363 brn|[from] Stealth Rock
|move|p2a: Bellossom|Strength Sap|p1a: Venusaur
|-unboost|p1a: Venusaur|atk|1
|-heal|p2a: Bellossom|353\/353
|
|-heal|p1a: Venusaur|363\/363 brn|[from] move: Wish|[wisher] Clefable
|-damage|p1a: Venusaur|341\/363 brn|[from] brn
|upkeep
|turn|109
|choice|*|*move 4
|choice|*|*move 4
|choice|*move 4|*
|choice|move roar|move hiddenpower
|
|move|p2a: Bellossom|Hidden Power|p1a: Venusaur
|-damage|p1a: Venusaur|298\/363 brn
|move|p1a: Venusaur|Roar|p2a: Bellossom
|drag|p2a: Clefable|Clefable, F|364\/394
|
|-heal|p2a: Clefable|388\/394|[from] item: Leftovers
|-damage|p1a: Venusaur|276\/363 brn|[from] brn
|upkeep
|turn|110
|choice|*|*switch 3
|choice|*move 4|*
|choice|move roar|switch 3
|
|switch|p2a: Toxapex|Toxapex, M|304\/304
|-damage|p2a: Toxapex|266\/304|[from] Stealth Rock
|move|p1a: Venusaur|Roar|p2a: Toxapex
|drag|p2a: Bellossom|Bellossom, M|353\/353
|-damage|p2a: Bellossom|309\/353|[from] Stealth Rock
|
|-damage|p1a: Venusaur|254\/363 brn|[from] brn
|upkeep
|turn|111
|choice|*move 2|*
|choice|*|*switch 6
|choice|move sludgebomb|switch 6
|
|switch|p2a: Toxapex|Toxapex, M|304\/304
|-damage|p2a: Toxapex|266\/304|[from] Stealth Rock
|move|p1a: Venusaur|Sludge Bomb|p2a: Toxapex
|-resisted|p2a: Toxapex
|-damage|p2a: Toxapex|228\/304
|
|-heal|p2a: Toxapex|247\/304|[from] item: Black Sludge
|-damage|p1a: Venusaur|232\/363 brn|[from] brn
|upkeep
|turn|112
|choice|*|*move 1
|choice|*switch 3|*
|choice|switch 3|move scald
|
|switch|p1a: Clefable|Clefable, M|286\/394 brn
|move|p2a: Toxapex|Scald|p1a: Clefable
|-damage|p1a: Clefable|222\/394 brn
|
|-heal|p1a: Clefable|246\/394 brn|[from] item: Leftovers
|-heal|p2a: Toxapex|266\/304|[from] item: Black Sludge
|upkeep
|turn|113
|choice|*move 2|*
|choice|*move 3|*
|c|†Narcombiano|viper, sucia
|c|†Narcombiano|tire ff
|c|†Narcombiano|que no está en war
|c|†Narcombiano|a.e
|c|☆Gеrard Way|Mámelo lek a.a
|c|@Dee✿Bee|No te rindas, aún puedes c:
|c|☆Gеrard Way|Por qué debería ser yo quien tire ff?
|c|☆Gеrard Way|xd
|c|☆Gеrard Way|Si gano ya
|c|☆Gеrard Way|Lmao
|c|†Narcombiano|porque al otro no lo conozco
|choice|*|*move 2
|choice|move softboiled|move haze
|
|move|p1a: Clefable|Soft-Boiled|p1a: Clefable
|-heal|p1a: Clefable|394\/394 brn
|move|p2a: Toxapex|Haze|p2a: Toxapex
|-clearallboost
|
|-heal|p2a: Toxapex|285\/304|[from] item: Black Sludge
|upkeep
|turn|114
|c|†Narcombiano|jeje
|choice|*move 1|*
|c|☆Gеrard Way|Pásele sus fotos por pm
|c|☆Gеrard Way|Y así da ff
|choice|*|*move 2
|choice|move stealthrock|move haze
|
|move|p1a: Clefable|Stealth Rock|p2a: Toxapex
|-fail|p1a: Clefable
|move|p2a: Toxapex|Haze|p2a: Toxapex
|-clearallboost
|
|-heal|p2a: Toxapex|304\/304|[from] item: Black Sludge
|upkeep
|turn|115
|choice|*|*move 2
|c|†Narcombiano|no que luego me acosa
|c|†Narcombiano|:T
|c|†Narcombiano|paso
|c|☆Gеrard Way|Esa es la idea
|c|☆Gеrard Way|jeje
|c|†Narcombiano|mámelo
|c|†Narcombiano|pásele sus nudes pues
|choice|*switch 2|*
|choice|switch 2|move haze
|
|switch|p1a: Celesteela|Celesteela|325\/398 brn
|-damage|p1a: Celesteela|276\/398 brn|[from] Stealth Rock
|move|p2a: Toxapex|Haze|p2a: Toxapex
|-clearallboost
|
|-heal|p1a: Celesteela|300\/398 brn|[from] item: Leftovers
|-damage|p1a: Celesteela|276\/398 brn|[from] brn
|upkeep
|turn|116
|c|†Narcombiano|esas que le pasó a zeto
|choice|*move 2|*
|c|†Narcombiano|uwu
|c|☆Gеrard Way|jajajajajajaja
|c|☆Gеrard Way|Le puedo pasar
|c|☆Gеrard Way|Fotos de ojo
|choice|*|*switch 6
|choice|move flamethrower|switch 6
|
|switch|p2a: Bellossom|Bellossom, M|309\/353
|-damage|p2a: Bellossom|265\/353|[from] Stealth Rock
|move|p1a: Celesteela|Flamethrower|p2a: Bellossom
|-supereffective|p2a: Bellossom
|-damage|p2a: Bellossom|119\/353
|
|-heal|p1a: Celesteela|300\/398 brn|[from] item: Leftovers
|-damage|p1a: Celesteela|276\/398 brn|[from] brn
|upkeep
|turn|117
|c|†Narcombiano|ojo te pasó nudes?
|c|†Narcombiano|:o
|choice|*move 2|*
|c|☆Gеrard Way|Me envió links que ni me atreví a abrir xd
|choice|*|*move 1
|choice|move flamethrower|move strengthsap
|
|move|p2a: Bellossom|Strength Sap|p1a: Celesteela
|-unboost|p1a: Celesteela|atk|1
|-heal|p2a: Bellossom|353\/353
|move|p1a: Celesteela|Flamethrower|p2a: Bellossom
|-supereffective|p2a: Bellossom
|-damage|p2a: Bellossom|215\/353
|
|-heal|p1a: Celesteela|300\/398 brn|[from] item: Leftovers
|-damage|p1a: Celesteela|276\/398 brn|[from] brn
|upkeep
|turn|118
|c|†Narcombiano|jajajajajajaja
|choice|*|*move 2
|choice|*move 2|*
|choice|move flamethrower|move quiverdance
|
|move|p2a: Bellossom|Quiver Dance|p2a: Bellossom
|-boost|p2a: Bellossom|spa|1
|-boost|p2a: Bellossom|spd|1
|-boost|p2a: Bellossom|spe|1
|move|p1a: Celesteela|Flamethrower|p2a: Bellossom
|-supereffective|p2a: Bellossom
|-damage|p2a: Bellossom|117\/353
|
|-heal|p1a: Celesteela|300\/398 brn|[from] item: Leftovers
|-damage|p1a: Celesteela|276\/398 brn|[from] brn
|upkeep
|turn|119
|c|†Narcombiano|seguro era su buen pene colombiano
|choice|*move 2|*
|choice|*switch 3|*
|c|☆Gеrard Way|jajajajajaja
|c|☆Gеrard Way|Viniendo de él
|c|☆Gеrard Way|No me sorprendería
|choice|*|*move 2
|choice|switch 3|move quiverdance
|
|switch|p1a: Venusaur|Venusaur-Mega, F|232\/363 brn
|-damage|p1a: Venusaur|187\/363 brn|[from] Stealth Rock
|move|p2a: Bellossom|Quiver Dance|p2a: Bellossom
|-boost|p2a: Bellossom|spa|1
|-boost|p2a: Bellossom|spd|1
|-boost|p2a: Bellossom|spe|1
|
|-damage|p1a: Venusaur|165\/363 brn|[from] brn
|upkeep
|turn|120
|c|†Narcombiano|o el paquete de un maniquí
|choice|*|*move 1
|choice|*move 4|*
|choice|move roar|move strengthsap
|
|move|p2a: Bellossom|Strength Sap|p1a: Venusaur
|-unboost|p1a: Venusaur|atk|1
|-heal|p2a: Bellossom|353\/353
|move|p1a: Venusaur|Roar|p2a: Bellossom
|drag|p2a: Clefable|Clefable, F|388\/394
|
|-heal|p2a: Clefable|394\/394|[from] item: Leftovers
|-damage|p1a: Venusaur|143\/363 brn|[from] brn
|upkeep
|turn|121
|c|☆Gеrard Way|JAJAJAJAJAJA
|choice|*switch 2|*
|c|☆Gеrard Way|Lo triste es que ojo insiste de que fue cierto
|c|☆Gеrard Way|Qué trauma
|choice|*|*switch 6
|choice|switch 2|switch 6
|
|switch|p1a: Clefable|Clefable, M|394\/394 brn
|switch|p2a: Toxapex|Toxapex, M|304\/304
|-damage|p2a: Toxapex|266\/304|[from] Stealth Rock
|
|-heal|p2a: Toxapex|285\/304|[from] item: Black Sludge
|upkeep
|turn|122
|c|†Narcombiano|jajajajajaja, altos fetiches
|choice|*move 4|*
|choice|*|*switch 4
|choice|move wish|switch 4
|
|switch|p2a: Doublade|Doublade, M|281\/321
|-damage|p2a: Doublade|261\/321|[from] Stealth Rock
|move|p1a: Clefable|Wish|p1a: Clefable
|
|upkeep
|turn|123
|choice|*|*move 2
|choice|*switch 2|*
|choice|switch 2|move shadowclaw
|
|switch|p1a: Venusaur|Venusaur-Mega, F|143\/363 brn
|-damage|p1a: Venusaur|98\/363 brn|[from] Stealth Rock
|move|p2a: Doublade|Shadow Claw|p1a: Venusaur
|-damage|p1a: Venusaur|19\/363 brn
|
|-heal|p1a: Venusaur|216\/363 brn|[from] move: Wish|[wisher] Clefable
|-damage|p1a: Venusaur|194\/363 brn|[from] brn
|upkeep
|turn|124
|c|☆Gеrard Way|Puta madre
|c|☆Gеrard Way|Ahí era crit
|choice|*switch 5|*
|c|☆Gеrard Way|Ahora esto durará
|c|☆Gеrard Way|50 turnos más
|c|☆Gеrard Way|:T
|c|†Narcombiano|eres un dolor de huevos
|c|†Narcombiano|desgraciado
|choice|*|*move 1
|choice|switch 5|move swordsdance
|
|switch|p1a: Landorus|Landorus-Therian, M|279\/349
|-damage|p1a: Landorus|236\/349|[from] Stealth Rock
|-ability|p1a: Landorus|Intimidate|boost
|-unboost|p2a: Doublade|atk|1
|move|p2a: Doublade|Swords Dance|p2a: Doublade
|-boost|p2a: Doublade|atk|2
|
|upkeep
|turn|125
|c|☆magno777|me da sueño
|choice|*|*switch 6
|choice|*move 4|*
|choice|*|*move 2
|choice|move defog|move shadowclaw
|
|move|p1a: Landorus|Defog|p2a: Doublade
|-unboost|p2a: Doublade|evasion|1
|-sideend|p2: Gеrard Way|Stealth Rock|[from] move: Defog|[of] p2a: Doublade
|-sideend|p1: magno777|Stealth Rock|[from] move: Defog|[of] p1a: Landorus
|move|p2a: Doublade|Shadow Claw|p1a: Landorus
|-damage|p1a: Landorus|104\/349
|
|upkeep
|turn|126
|choice|*|*move 2
|choice|*switch 3|*
|choice|switch 3|move shadowclaw
|
|switch|p1a: Celesteela|Celesteela|276\/398 brn
|move|p2a: Doublade|Shadow Claw|p1a: Celesteela
|-damage|p1a: Celesteela|180\/398 brn
|
|-heal|p1a: Celesteela|204\/398 brn|[from] item: Leftovers
|-damage|p1a: Celesteela|180\/398 brn|[from] brn
|upkeep
|turn|127
|choice|*|*switch 6
|choice|*move 2|*
|choice|move flamethrower|switch 6
|
|switch|p2a: Clefable|Clefable, F|394\/394
|move|p1a: Celesteela|Flamethrower|p2a: Clefable
|-damage|p2a: Clefable|312\/394
|
|-heal|p2a: Clefable|336\/394|[from] item: Leftovers
|-heal|p1a: Celesteela|204\/398 brn|[from] item: Leftovers
|-damage|p1a: Celesteela|180\/398 brn|[from] brn
|upkeep
|turn|128
|choice|*switch 2|*
|choice|*|*move 3
|choice|switch 2|move stealthrock
|
|switch|p1a: Clefable|Clefable, M|394\/394 brn
|move|p2a: Clefable|Stealth Rock|p1a: Clefable
|-sidestart|p1: magno777|move: Stealth Rock
|
|-heal|p2a: Clefable|360\/394|[from] item: Leftovers
|upkeep
|turn|129
|choice|*|*switch 6
|choice|*move 1|*
|choice|move stealthrock|switch 6
|
|switch|p2a: Doublade|Doublade, M|261\/321
|move|p1a: Clefable|Stealth Rock|p2a: Doublade
|-sidestart|p2: Gеrard Way|move: Stealth Rock
|
|upkeep
|turn|130
|choice|*|*move 1
|choice|*switch 6|*
|choice|switch 6|move swordsdance
|
|switch|p1a: Zygarde|Zygarde|249\/357
|-damage|p1a: Zygarde|227\/357|[from] Stealth Rock
|-ability|p1a: Zygarde|Aura Break
|move|p2a: Doublade|Swords Dance|p2a: Doublade
|-boost|p2a: Doublade|atk|2
|
|-heal|p1a: Zygarde|249\/357|[from] item: Leftovers
|upkeep
|turn|131
|choice|*|*move 2
|choice|*move 2|*
|choice|move thousandarrows|move shadowclaw
|
|move|p1a: Zygarde|Thousand Arrows|p2a: Doublade
|-supereffective|p2a: Doublade
|-damage|p2a: Doublade|115\/321
|move|p2a: Doublade|Shadow Claw|p1a: Zygarde
|-damage|p1a: Zygarde|101\/357
|
|-heal|p1a: Zygarde|123\/357|[from] item: Leftovers
|upkeep
|turn|132
|choice|*|*switch 6
|choice|*move 2|*
|choice|move thousandarrows|switch 6
|
|switch|p2a: Clefable|Clefable, F|360\/394
|move|p1a: Zygarde|Thousand Arrows|p2a: Clefable
|-damage|p2a: Clefable|224\/394
|
|-heal|p1a: Zygarde|145\/357|[from] item: Leftovers
|-heal|p2a: Clefable|248\/394|[from] item: Leftovers
|upkeep
|turn|133
|choice|*|*move 4
|choice|*move 2|*
|choice|*|*move 2
|choice|move thousandarrows|move softboiled
|
|move|p1a: Zygarde|Thousand Arrows|p2a: Clefable
|-damage|p2a: Clefable|115\/394
|move|p2a: Clefable|Soft-Boiled|p2a: Clefable
|-heal|p2a: Clefable|312\/394
|
|-heal|p1a: Zygarde|167\/357|[from] item: Leftovers
|-heal|p2a: Clefable|336\/394|[from] item: Leftovers
|upkeep
|turn|134
|choice|*|*move 1
|choice|*switch 6|*
|choice|switch 6|move moonblast
|
|switch|p1a: Clefable|Clefable, M|394\/394 brn
|move|p2a: Clefable|Moonblast|p1a: Clefable
|-damage|p1a: Clefable|268\/394 brn
|
|-heal|p2a: Clefable|360\/394|[from] item: Leftovers
|-heal|p1a: Clefable|292\/394 brn|[from] item: Leftovers
|upkeep
|turn|135
|choice|*|*move 4
|choice|*move 4|*
|choice|move wish|move wish
|
|move|p1a: Clefable|Wish|p1a: Clefable
|move|p2a: Clefable|Wish|p2a: Clefable
|
|-heal|p2a: Clefable|384\/394|[from] item: Leftovers
|-heal|p1a: Clefable|316\/394 brn|[from] item: Leftovers
|upkeep
|turn|136
|choice|*|*switch 6
|choice|*switch 6|*
|choice|switch 6|switch 6
|
|switch|p1a: Zygarde|Zygarde|167\/357
|-damage|p1a: Zygarde|145\/357|[from] Stealth Rock
|-ability|p1a: Zygarde|Aura Break
|switch|p2a: Doublade|Doublade, M|115\/321
|-damage|p2a: Doublade|95\/321|[from] Stealth Rock
|
|-heal|p2a: Doublade|292\/321|[from] move: Wish|[wisher] Clefable
|-heal|p1a: Zygarde|342\/357|[from] move: Wish|[wisher] Clefable
|-heal|p1a: Zygarde|357\/357|[from] item: Leftovers
|upkeep
|turn|137
|choice|*|*switch 6
|choice|*move 2|*
|choice|move thousandarrows|switch 6
|
|switch|p2a: Clefable|Clefable, F|384\/394
|move|p1a: Zygarde|Thousand Arrows|p2a: Clefable
|-damage|p2a: Clefable|248\/394
|
|-heal|p2a: Clefable|272\/394|[from] item: Leftovers
|upkeep
|turn|138
|choice|*|*move 1
|choice|*|*move 2
|choice|*move 2|*
|choice|move thousandarrows|move softboiled
|
|move|p1a: Zygarde|Thousand Arrows|p2a: Clefable
|-crit|p2a: Clefable
|-damage|p2a: Clefable|64\/394
|move|p2a: Clefable|Soft-Boiled|p2a: Clefable
|-heal|p2a: Clefable|261\/394
|
|-heal|p2a: Clefable|285\/394|[from] item: Leftovers
|upkeep
|turn|139
|choice|*move 2|*
|choice|*switch 6|*
|c|☆Gеrard Way|Puta madre, iba a meter moon
|c|☆Gеrard Way|Casi pierdo jajajajajaja
|choice|*|*move 2
|choice|switch 6|move softboiled
|
|switch|p1a: Clefable|Clefable, M|316\/394 brn
|move|p2a: Clefable|Soft-Boiled|p2a: Clefable
|-heal|p2a: Clefable|394\/394
|
|-heal|p1a: Clefable|340\/394 brn|[from] item: Leftovers
|upkeep
|turn|140
|choice|*|*switch 6
|choice|*move 4|*
|choice|move wish|switch 6
|
|switch|p2a: Doublade|Doublade, M|292\/321
|-damage|p2a: Doublade|272\/321|[from] Stealth Rock
|move|p1a: Clefable|Wish|p1a: Clefable
|
|-heal|p1a: Clefable|364\/394 brn|[from] item: Leftovers
|upkeep
|turn|141
|choice|*|*move 1
|choice|*switch 3|*
|choice|switch 3|move swordsdance
|
|switch|p1a: Landorus|Landorus-Therian, M|104\/349
|-damage|p1a: Landorus|61\/349|[from] Stealth Rock
|-ability|p1a: Landorus|Intimidate|boost
|-unboost|p2a: Doublade|atk|1
|move|p2a: Doublade|Swords Dance|p2a: Doublade
|-boost|p2a: Doublade|atk|2
|
|-heal|p1a: Landorus|258\/349|[from] move: Wish|[wisher] Clefable
|upkeep
|turn|142
|choice|*|*move 2
|choice|*move 1|*
|choice|move earthquake|move shadowclaw
|
|move|p1a: Landorus|Earthquake|p2a: Doublade
|-supereffective|p2a: Doublade
|-damage|p2a: Doublade|104\/321
|move|p2a: Doublade|Shadow Claw|p1a: Landorus
|-damage|p1a: Landorus|126\/349
|
|upkeep
|turn|143
|c|†Narcombiano|
|choice|*move 1|*
|choice|*|*switch 2
|choice|move earthquake|switch 2
|
|switch|p2a: Landorus|Landorus-Therian, M|189\/319
|-damage|p2a: Landorus|150\/319|[from] Stealth Rock
|-ability|p2a: Landorus|Intimidate|boost
|-unboost|p1a: Landorus|atk|1
|move|p1a: Landorus|Earthquake|p2a: Landorus
|-immune|p2a: Landorus|[msg]
|
|upkeep
|turn|144
|choice|*|*move 2
|choice|*switch 3|*
|choice|switch 3|move uturn
|
|switch|p1a: Clefable|Clefable, M|364\/394 brn
|move|p2a: Landorus|U-turn|p1a: Clefable
|-resisted|p1a: Clefable
|-damage|p1a: Clefable|322\/394 brn
|choice|*|*switch 6
|choice||switch 6
|
|switch|p2a: Clefable|Clefable, F|394\/394|[from]move: U-turn
|
|-heal|p1a: Clefable|346\/394 brn|[from] item: Leftovers
|upkeep
|turn|145
|choice|*|*move 4
|choice|*move 4|*
|choice|move wish|move wish
|
|move|p2a: Clefable|Wish|p2a: Clefable
|move|p1a: Clefable|Wish|p1a: Clefable
|
|-heal|p1a: Clefable|370\/394 brn|[from] item: Leftovers
|upkeep
|turn|146
|choice|*switch 3|*
|choice|*|*switch 2
|choice|switch 3|switch 2
|
|switch|p1a: Landorus|Landorus-Therian, M|126\/349
|-damage|p1a: Landorus|83\/349|[from] Stealth Rock
|-ability|p1a: Landorus|Intimidate|boost
|-unboost|p2a: Clefable|atk|1
|switch|p2a: Doublade|Doublade, M|104\/321
|-damage|p2a: Doublade|84\/321|[from] Stealth Rock
|
|-heal|p1a: Landorus|280\/349|[from] move: Wish|[wisher] Clefable
|-heal|p2a: Doublade|281\/321|[from] move: Wish|[wisher] Clefable
|upkeep
|turn|147
|choice|*|*switch 6
|choice|*|*switch 6
|choice|*move 2|*
|choice|move hiddenpower|switch 6
|
|switch|p2a: Landorus|Landorus-Therian, M|150\/319
|-damage|p2a: Landorus|111\/319|[from] Stealth Rock
|-ability|p2a: Landorus|Intimidate|boost
|-unboost|p1a: Landorus|atk|1
|move|p1a: Landorus|Hidden Power|p2a: Landorus
|-supereffective|p2a: Landorus
|-crit|p2a: Landorus
|-damage|p2a: Landorus|0 fnt
|faint|p2a: Landorus
|
|upkeep
|choice|*|*switch 2
|choice||switch 2
|
|switch|p2a: Clefable|Clefable, F|394\/394
|turn|148
|choice|*|*move 1
|choice|*switch 3|*
|choice|switch 3|move moonblast
|
|switch|p1a: Clefable|Clefable, M|370\/394 brn
|move|p2a: Clefable|Moonblast|p1a: Clefable
|-damage|p1a: Clefable|261\/394 brn
|-unboost|p1a: Clefable|spa|1
|
|-heal|p1a: Clefable|285\/394 brn|[from] item: Leftovers
|upkeep
|turn|149
|choice|*|*switch 6
|choice|*move 3|*
|choice|move softboiled|switch 6
|
|switch|p2a: Doublade|Doublade, M|281\/321
|-damage|p2a: Doublade|261\/321|[from] Stealth Rock
|move|p1a: Clefable|Soft-Boiled|p1a: Clefable
|-heal|p1a: Clefable|394\/394 brn
|
|upkeep
|turn|150
|choice|*|*move 1
|choice|*|*move 2
|choice|*switch 6|*
|choice|switch 6|move shadowclaw
|
|switch|p1a: Zygarde|Zygarde|357\/357
|-damage|p1a: Zygarde|335\/357|[from] Stealth Rock
|-ability|p1a: Zygarde|Aura Break
|move|p2a: Doublade|Shadow Claw|p1a: Zygarde
|-crit|p1a: Zygarde
|-damage|p1a: Zygarde|226\/357
|
|-heal|p1a: Zygarde|248\/357|[from] item: Leftovers
|upkeep
|turn|151
|choice|*|*switch 6
|choice|*move 2|*
|choice|move thousandarrows|switch 6
|
|switch|p2a: Clefable|Clefable, F|394\/394
|move|p1a: Zygarde|Thousand Arrows|p2a: Clefable
|-damage|p2a: Clefable|255\/394
|
|-heal|p1a: Zygarde|270\/357|[from] item: Leftovers
|-heal|p2a: Clefable|279\/394|[from] item: Leftovers
|upkeep
|turn|152
|choice|*|*move 1
|choice|*switch 6|*
|choice|switch 6|move moonblast
|
|switch|p1a: Clefable|Clefable, M|394\/394 brn
|move|p2a: Clefable|Moonblast|p1a: Clefable
|-damage|p1a: Clefable|271\/394 brn
|
|-heal|p1a: Clefable|295\/394 brn|[from] item: Leftovers
|-heal|p2a: Clefable|303\/394|[from] item: Leftovers
|upkeep
|turn|153
|choice|*move 2|*
|choice|*|*switch 6
|choice|move moonblast|switch 6
|
|switch|p2a: Doublade|Doublade, M|261\/321
|-damage|p2a: Doublade|241\/321|[from] Stealth Rock
|move|p1a: Clefable|Moonblast|p2a: Doublade
|-resisted|p2a: Doublade
|-crit|p2a: Doublade
|-damage|p2a: Doublade|187\/321
|
|-heal|p1a: Clefable|319\/394 brn|[from] item: Leftovers
|upkeep
|turn|154
|choice|*|*move 2
|choice|*switch 6|*
|choice|switch 6|move shadowclaw
|
|switch|p1a: Zygarde|Zygarde|270\/357
|-damage|p1a: Zygarde|248\/357|[from] Stealth Rock
|-ability|p1a: Zygarde|Aura Break
|move|p2a: Doublade|Shadow Claw|p1a: Zygarde
|-damage|p1a: Zygarde|169\/357
|
|-heal|p1a: Zygarde|191\/357|[from] item: Leftovers
|upkeep
|turn|155
|choice|*|*switch 5
|choice|*move 2|*
|choice|*|*switch 6
|choice|move thousandarrows|switch 6
|
|switch|p2a: Clefable|Clefable, F|303\/394
|move|p1a: Zygarde|Thousand Arrows|p2a: Clefable
|-damage|p2a: Clefable|170\/394
|
|-heal|p1a: Zygarde|213\/357|[from] item: Leftovers
|-heal|p2a: Clefable|194\/394|[from] item: Leftovers
|upkeep
|turn|156
|choice|*|*move 2
|choice|*switch 6|*
|choice|switch 6|move softboiled
|
|switch|p1a: Clefable|Clefable, M|319\/394 brn
|move|p2a: Clefable|Soft-Boiled|p2a: Clefable
|-heal|p2a: Clefable|391\/394
|
|-heal|p2a: Clefable|394\/394|[from] item: Leftovers
|-heal|p1a: Clefable|343\/394 brn|[from] item: Leftovers
|upkeep
|turn|157
|choice|*|*move 4
|choice|*move 2|*
|choice|move moonblast|move wish
|
|move|p1a: Clefable|Moonblast|p2a: Clefable
|-damage|p2a: Clefable|276\/394
|move|p2a: Clefable|Wish|p2a: Clefable
|
|-heal|p2a: Clefable|300\/394|[from] item: Leftovers
|-heal|p1a: Clefable|367\/394 brn|[from] item: Leftovers
|upkeep
|turn|158
|choice|*|*switch 6
|choice|*switch 6|*
|choice|switch 6|switch 6
|
|switch|p1a: Zygarde|Zygarde|213\/357
|-damage|p1a: Zygarde|191\/357|[from] Stealth Rock
|-ability|p1a: Zygarde|Aura Break
|switch|p2a: Doublade|Doublade, M|187\/321
|-damage|p2a: Doublade|167\/321|[from] Stealth Rock
|
|-heal|p2a: Doublade|321\/321|[from] move: Wish|[wisher] Clefable
|-heal|p1a: Zygarde|213\/357|[from] item: Leftovers
|upkeep
|turn|159
|choice|*|*switch 6
|choice|*|*switch 3
|choice|*move 1|*
|choice|move dragondance|switch 3
|
|switch|p2a: Bellossom|Bellossom, M|353\/353
|-damage|p2a: Bellossom|309\/353|[from] Stealth Rock
|move|p1a: Zygarde|Dragon Dance|p1a: Zygarde
|-boost|p1a: Zygarde|atk|1
|-boost|p1a: Zygarde|spe|1
|
|-heal|p1a: Zygarde|235\/357|[from] item: Leftovers
|upkeep
|turn|160
|choice|*|*move 1
|choice|*move 1|*
|choice|move dragondance|move strengthsap
|
|move|p1a: Zygarde|Dragon Dance|p1a: Zygarde
|-boost|p1a: Zygarde|atk|1
|-boost|p1a: Zygarde|spe|1
|move|p2a: Bellossom|Strength Sap|p1a: Zygarde
|-unboost|p1a: Zygarde|atk|1
|-heal|p2a: Bellossom|353\/353
|
|-heal|p1a: Zygarde|257\/357|[from] item: Leftovers
|upkeep
|turn|161
|choice|*|*move 2
|choice|*move 4|*
|choice|move substitute|move quiverdance
|
|move|p1a: Zygarde|Substitute|p1a: Zygarde
|-start|p1a: Zygarde|Substitute
|-damage|p1a: Zygarde|168\/357
|move|p2a: Bellossom|Quiver Dance|p2a: Bellossom
|-boost|p2a: Bellossom|spa|1
|-boost|p2a: Bellossom|spd|1
|-boost|p2a: Bellossom|spe|1
|
|-heal|p1a: Zygarde|190\/357|[from] item: Leftovers
|upkeep
|turn|162
|choice|*|*move 2
|choice|*move 2|*
|choice|move thousandarrows|move quiverdance
|
|move|p1a: Zygarde|Thousand Arrows|p2a: Bellossom
|-resisted|p2a: Bellossom
|-damage|p2a: Bellossom|231\/353
|move|p2a: Bellossom|Quiver Dance|p2a: Bellossom
|-boost|p2a: Bellossom|spa|1
|-boost|p2a: Bellossom|spd|1
|-boost|p2a: Bellossom|spe|1
|
|-heal|p1a: Zygarde|212\/357|[from] item: Leftovers
|upkeep
|turn|163
|choice|*|*move 3
|choice|*move 1|*
|choice|move dragondance|move gigadrain
|
|move|p1a: Zygarde|Dragon Dance|p1a: Zygarde
|-boost|p1a: Zygarde|atk|1
|-boost|p1a: Zygarde|spe|1
|move|p2a: Bellossom|Giga Drain|p1a: Zygarde
|-crit|p1a: Zygarde
|-end|p1a: Zygarde|Substitute
|-heal|p2a: Bellossom|276\/353|[from] drain|[of] p1a: Zygarde
|
|-heal|p1a: Zygarde|234\/357|[from] item: Leftovers
|upkeep
|turn|164
|choice|*|*move 3
|choice|*move 2|*
|choice|move thousandarrows|move gigadrain
|
|move|p1a: Zygarde|Thousand Arrows|p2a: Bellossom
|-resisted|p2a: Bellossom
|-crit|p2a: Bellossom
|-damage|p2a: Bellossom|48\/353
|move|p2a: Bellossom|Giga Drain|p1a: Zygarde
|-damage|p1a: Zygarde|57\/357
|-heal|p2a: Bellossom|137\/353|[from] drain|[of] p1a: Zygarde
|
|-heal|p1a: Zygarde|79\/357|[from] item: Leftovers
|upkeep
|turn|165
|choice|*move 2|*
|choice|*|*move 3
|choice|move thousandarrows|move gigadrain
|
|move|p1a: Zygarde|Thousand Arrows|p2a: Bellossom
|-resisted|p2a: Bellossom
|-damage|p2a: Bellossom|0 fnt
|faint|p2a: Bellossom
|
|-heal|p1a: Zygarde|101\/357|[from] item: Leftovers
|upkeep
|c|☆Gеrard Way|No jodas
|c|☆Gеrard Way|jajajajajaja
|choice|*|*switch 6
|choice||switch 6
|
|switch|p2a: Clefable|Clefable, F|300\/394
|turn|166
|choice|*|*move 1
|choice|*move 2|*
|choice|move thousandarrows|move moonblast
|
|move|p1a: Zygarde|Thousand Arrows|p2a: Clefable
|-damage|p2a: Clefable|33\/394
|move|p2a: Clefable|Moonblast|p1a: Zygarde
|-supereffective|p1a: Zygarde
|-damage|p1a: Zygarde|0 fnt
|faint|p1a: Zygarde
|
|-heal|p2a: Clefable|57\/394|[from] item: Leftovers
|upkeep
|choice|*switch 4|*
|choice|switch 4|
|
|switch|p1a: Greninja|Greninja, M|285\/285
|-damage|p1a: Greninja|250\/285|[from] Stealth Rock
|turn|167
|choice|*|*switch 4
|choice|*move 1|*
|choice|move icebeam|switch 4
|
|switch|p2a: Toxapex|Toxapex, M|304\/304
|-damage|p2a: Toxapex|266\/304|[from] Stealth Rock
|move|p1a: Greninja|Ice Beam|p2a: Toxapex
|-resisted|p2a: Toxapex
|-damage|p2a: Toxapex|241\/304
|
|-heal|p2a: Toxapex|260\/304|[from] item: Black Sludge
|upkeep
|turn|168
|choice|*|*move 1
|choice|*switch 6|*
|choice|switch 6|move scald
|
|switch|p1a: Clefable|Clefable, M|367\/394 brn
|move|p2a: Toxapex|Scald|p1a: Clefable
|-damage|p1a: Clefable|304\/394 brn
|
|-heal|p1a: Clefable|328\/394 brn|[from] item: Leftovers
|-heal|p2a: Toxapex|279\/304|[from] item: Black Sludge
|upkeep
|turn|169
|choice|*|*move 2
|choice|*move 4|*
|choice|move wish|move haze
|
|move|p1a: Clefable|Wish|p1a: Clefable
|move|p2a: Toxapex|Haze|p2a: Toxapex
|-clearallboost
|
|-heal|p1a: Clefable|352\/394 brn|[from] item: Leftovers
|-heal|p2a: Toxapex|298\/304|[from] item: Black Sludge
|upkeep
|turn|170
|choice|*|*move 1
|choice|*switch 2|*
|choice|switch 2|move scald
|
|switch|p1a: Celesteela|Celesteela|180\/398 brn
|-damage|p1a: Celesteela|131\/398 brn|[from] Stealth Rock
|move|p2a: Toxapex|Scald|p1a: Celesteela
|-damage|p1a: Celesteela|77\/398 brn
|
|-heal|p1a: Celesteela|274\/398 brn|[from] move: Wish|[wisher] Clefable
|-heal|p1a: Celesteela|298\/398 brn|[from] item: Leftovers
|-heal|p2a: Toxapex|304\/304|[from] item: Black Sludge
|-damage|p1a: Celesteela|274\/398 brn|[from] brn
|upkeep
|turn|171
|choice|*|*switch 5
|choice|*|*switch 5
|choice|*move 1|*
|choice|move heavyslam|switch 5
|
|switch|p2a: Latias|Latias-Mega, F|319\/364 psn
|-damage|p2a: Latias|274\/364 psn|[from] Stealth Rock
|move|p1a: Celesteela|Heavy Slam|p2a: Latias
|-damage|p2a: Latias|216\/364 psn
|
|-heal|p1a: Celesteela|298\/398 brn|[from] item: Leftovers
|-damage|p2a: Latias|171\/364 psn|[from] psn
|-damage|p1a: Celesteela|274\/398 brn|[from] brn
|upkeep
|turn|172
|choice|*|*switch 4
|choice|*move 3|*
|choice|move leechseed|switch 4
|
|switch|p2a: Clefable|Clefable, F|57\/394
|move|p1a: Celesteela|Leech Seed|p2a: Clefable
|-start|p2a: Clefable|move: Leech Seed
|
|-heal|p2a: Clefable|81\/394|[from] item: Leftovers
|-heal|p1a: Celesteela|298\/398 brn|[from] item: Leftovers
|-damage|p1a: Celesteela|274\/398 brn|[from] brn
|upkeep
|turn|173
|choice|*|*move 2
|choice|*switch 6|*
|choice|switch 6|move softboiled
|
|switch|p1a: Greninja|Greninja, M|250\/285
|-damage|p1a: Greninja|215\/285|[from] Stealth Rock
|move|p2a: Clefable|Soft-Boiled|p2a: Clefable
|-heal|p2a: Clefable|278\/394
|
|-heal|p2a: Clefable|302\/394|[from] item: Leftovers
|upkeep
|turn|174
|c|☆Gеrard Way|Cuándo le das a la x?
|c|☆Gеrard Way|:T
|choice|*|*switch 5
|choice|*move 2|*
|choice|move hydropump|switch 5
|
|switch|p2a: Toxapex|Toxapex, M|304\/304
|-damage|p2a: Toxapex|266\/304|[from] Stealth Rock
|move|p1a: Greninja|Hydro Pump|p2a: Toxapex
|-resisted|p2a: Toxapex
|-crit|p2a: Toxapex
|-damage|p2a: Toxapex|196\/304
|
|-heal|p2a: Toxapex|215\/304|[from] item: Black Sludge
|upkeep
|turn|175
|choice|*|*move 4
|choice|*switch 2|*
|choice|switch 2|move toxic
|
|switch|p1a: Clefable|Clefable, M|352\/394 brn
|move|p2a: Toxapex|Toxic|p1a: Clefable
|-fail|p1a: Clefable
|
|-heal|p1a: Clefable|376\/394 brn|[from] item: Leftovers
|-heal|p2a: Toxapex|234\/304|[from] item: Black Sludge
|upkeep
|turn|176
|choice|*|*switch 3
|choice|*move 2|*
|choice|move moonblast|switch 3
|
|switch|p2a: Doublade|Doublade, M|321\/321
|-damage|p2a: Doublade|301\/321|[from] Stealth Rock
|move|p1a: Clefable|Moonblast|p2a: Doublade
|-resisted|p2a: Doublade
|-damage|p2a: Doublade|265\/321
|-unboost|p2a: Doublade|spa|1
|
|-heal|p1a: Clefable|394\/394 brn|[from] item: Leftovers
|upkeep
|turn|177
|choice|*|*move 1
|choice|*switch 6|*
|choice|switch 6|move swordsdance
|
|switch|p1a: Celesteela|Celesteela|274\/398 brn
|-damage|p1a: Celesteela|225\/398 brn|[from] Stealth Rock
|move|p2a: Doublade|Swords Dance|p2a: Doublade
|-boost|p2a: Doublade|atk|2
|
|-heal|p1a: Celesteela|249\/398 brn|[from] item: Leftovers
|-damage|p1a: Celesteela|225\/398 brn|[from] brn
|upkeep
|turn|178
|choice|*|*move 2
|choice|*move 2|*
|choice|move flamethrower|move shadowclaw
|
|move|p1a: Celesteela|Flamethrower|p2a: Doublade
|-supereffective|p2a: Doublade
|-crit|p2a: Doublade
|-damage|p2a: Doublade|101\/321
|move|p2a: Doublade|Shadow Claw|p1a: Celesteela
|-damage|p1a: Celesteela|78\/398 brn
|
|-heal|p1a: Celesteela|102\/398 brn|[from] item: Leftovers
|-damage|p1a: Celesteela|78\/398 brn|[from] brn
|upkeep
|turn|179
|choice|*|*switch 5
|choice|*move 3|*
|choice|move leechseed|switch 5
|
|switch|p2a: Clefable|Clefable, F|302\/394
|move|p1a: Celesteela|Leech Seed|p2a: Clefable
|-start|p2a: Clefable|move: Leech Seed
|
|-heal|p2a: Clefable|326\/394|[from] item: Leftovers
|-heal|p1a: Celesteela|102\/398 brn|[from] item: Leftovers
|-damage|p1a: Celesteela|78\/398 brn|[from] brn
|upkeep
|turn|180
|choice|*|*move 1
|choice|*switch 5|*
|choice|switch 5|move moonblast
|
|switch|p1a: Venusaur|Venusaur-Mega, F|194\/363 brn
|-damage|p1a: Venusaur|149\/363 brn|[from] Stealth Rock
|move|p2a: Clefable|Moonblast|p1a: Venusaur
|-resisted|p1a: Venusaur
|-damage|p1a: Venusaur|117\/363 brn
|-unboost|p1a: Venusaur|spa|1
|
|-heal|p2a: Clefable|350\/394|[from] item: Leftovers
|-damage|p1a: Venusaur|95\/363 brn|[from] brn
|upkeep
|turn|181
|choice|*|*switch 3
|choice|*move 4|*
|choice|move roar|switch 3
|
|switch|p2a: Toxapex|Toxapex, M|304\/304
|-damage|p2a: Toxapex|266\/304|[from] Stealth Rock
|move|p1a: Venusaur|Roar|p2a: Toxapex
|drag|p2a: Doublade|Doublade, M|101\/321
|-damage|p2a: Doublade|81\/321|[from] Stealth Rock
|
|-damage|p1a: Venusaur|73\/363 brn|[from] brn
|upkeep
|turn|182
|choice|*move 4|*
|choice|*|*switch 5
|choice|move roar|switch 5
|
|switch|p2a: Toxapex|Toxapex, M|304\/304
|-damage|p2a: Toxapex|266\/304|[from] Stealth Rock
|move|p1a: Venusaur|Roar|p2a: Toxapex
|drag|p2a: Doublade|Doublade, M|81\/321
|-damage|p2a: Doublade|61\/321|[from] Stealth Rock
|
|-damage|p1a: Venusaur|51\/363 brn|[from] brn
|upkeep
|turn|183
|choice|*|*move 4
|choice|*move 4|*
|choice|move roar|move shadowsneak
|
|move|p2a: Doublade|Shadow Sneak|p1a: Venusaur
|-damage|p1a: Venusaur|9\/363 brn
|move|p1a: Venusaur|Roar|p2a: Doublade
|drag|p2a: Toxapex|Toxapex, M|304\/304
|-damage|p2a: Toxapex|266\/304|[from] Stealth Rock
|
|-heal|p2a: Toxapex|285\/304|[from] item: Black Sludge
|-damage|p1a: Venusaur|0 fnt|[from] brn
|upkeep
|faint|p1a: Venusaur
|choice|*switch 3|*
|choice|switch 3|
|
|switch|p1a: Landorus|Landorus-Therian, M|280\/349
|-damage|p1a: Landorus|237\/349|[from] Stealth Rock
|-ability|p1a: Landorus|Intimidate|boost
|-unboost|p2a: Toxapex|atk|1
|turn|184
|choice|*|*move 1
|choice|*move 3|*
|choice|move uturn|move scald
|
|move|p1a: Landorus|U-turn|p2a: Toxapex
|-resisted|p2a: Toxapex
|-damage|p2a: Toxapex|258\/304
|choice|*switch 6|*
|choice|switch 6|
|
|switch|p1a: Clefable|Clefable, M|394\/394 brn|[from]move: U-turn
|move|p2a: Toxapex|Scald|p1a: Clefable
|-damage|p1a: Clefable|334\/394 brn
|
|-heal|p1a: Clefable|358\/394 brn|[from] item: Leftovers
|-heal|p2a: Toxapex|277\/304|[from] item: Black Sludge
|upkeep
|turn|185
|choice|*|*move 2
|choice|*move 2|*
|choice|move moonblast|move haze
|
|move|p1a: Clefable|Moonblast|p2a: Toxapex
|-resisted|p2a: Toxapex
|-damage|p2a: Toxapex|247\/304
|move|p2a: Toxapex|Haze|p2a: Toxapex
|-clearallboost
|
|-heal|p1a: Clefable|382\/394 brn|[from] item: Leftovers
|-heal|p2a: Toxapex|266\/304|[from] item: Black Sludge
|upkeep
|turn|186
|choice|*switch 6|*
|choice|*|*move 2
|choice|switch 6|move haze
|
|switch|p1a: Landorus|Landorus-Therian, M|237\/349
|-damage|p1a: Landorus|194\/349|[from] Stealth Rock
|-ability|p1a: Landorus|Intimidate|boost
|-unboost|p2a: Toxapex|atk|1
|move|p2a: Toxapex|Haze|p2a: Toxapex
|-clearallboost
|
|-heal|p2a: Toxapex|285\/304|[from] item: Black Sludge
|upkeep
|turn|187
|choice|*|*move 1
|choice|*|*move 1
|choice|*move 1|*
|choice|move earthquake|move scald
|
|move|p1a: Landorus|Earthquake|p2a: Toxapex
|-supereffective|p2a: Toxapex
|-damage|p2a: Toxapex|33\/304
|move|p2a: Toxapex|Scald|p1a: Landorus
|-supereffective|p1a: Landorus
|-damage|p1a: Landorus|54\/349
|
|-heal|p2a: Toxapex|52\/304|[from] item: Black Sludge
|upkeep
|turn|188
|choice|*|*switch 4
|choice|*switch 6|*
|choice|switch 6|switch 4
|
|switch|p1a: Clefable|Clefable, M|382\/394 brn
|switch|p2a: Latias|Latias-Mega, F|171\/364 psn
|-damage|p2a: Latias|126\/364 psn|[from] Stealth Rock
|
|-heal|p1a: Clefable|394\/394 brn|[from] item: Leftovers
|-damage|p2a: Latias|81\/364 psn|[from] psn
|upkeep
|turn|189
|choice|*|*switch 4
|choice|*move 2|*
|choice|move moonblast|switch 4
|
|switch|p2a: Toxapex|Toxapex, M|153\/304
|-damage|p2a: Toxapex|115\/304|[from] Stealth Rock
|move|p1a: Clefable|Moonblast|p2a: Toxapex
|-resisted|p2a: Toxapex
|-damage|p2a: Toxapex|83\/304
|-unboost|p2a: Toxapex|spa|1
|
|-heal|p2a: Toxapex|102\/304|[from] item: Black Sludge
|upkeep
|turn|190
|choice|*|*move 3
|choice|*switch 5|*
|choice|switch 5|move recover
|
|switch|p1a: Celesteela|Celesteela|78\/398 brn
|-damage|p1a: Celesteela|29\/398 brn|[from] Stealth Rock
|move|p2a: Toxapex|Recover|p2a: Toxapex
|-heal|p2a: Toxapex|254\/304
|
|-heal|p1a: Celesteela|53\/398 brn|[from] item: Leftovers
|-heal|p2a: Toxapex|273\/304|[from] item: Black Sludge
|-damage|p1a: Celesteela|29\/398 brn|[from] brn
|upkeep
|turn|191
|choice|*|*switch 3
|choice|*move 3|*
|choice|move leechseed|switch 3
|
|switch|p2a: Clefable|Clefable, F|350\/394
|move|p1a: Celesteela|Leech Seed|p2a: Clefable
|-start|p2a: Clefable|move: Leech Seed
|
|-heal|p2a: Clefable|374\/394|[from] item: Leftovers
|-heal|p1a: Celesteela|53\/398 brn|[from] item: Leftovers
|-damage|p1a: Celesteela|29\/398 brn|[from] brn
|upkeep
|turn|192
|choice|*|*move 1
|choice|*switch 5|*
|choice|switch 5|move moonblast
|
|switch|p1a: Clefable|Clefable, M|394\/394 brn
|move|p2a: Clefable|Moonblast|p1a: Clefable
|-crit|p1a: Clefable
|-damage|p1a: Clefable|231\/394 brn
|
|-heal|p2a: Clefable|394\/394|[from] item: Leftovers
|-heal|p1a: Clefable|255\/394 brn|[from] item: Leftovers
|upkeep
|turn|193
|choice|*|*move 4
|choice|*|*move 4
|choice|*move 3|*
|choice|move softboiled|move wish
|
|move|p2a: Clefable|Wish|p2a: Clefable
|move|p1a: Clefable|Soft-Boiled|p1a: Clefable
|-heal|p1a: Clefable|394\/394 brn
|
|upkeep
|turn|194
|choice|*|*move 1
|choice|*switch 6|*
|choice|switch 6|move moonblast
|
|switch|p1a: Landorus|Landorus-Therian, M|54\/349
|-damage|p1a: Landorus|11\/349|[from] Stealth Rock
|-ability|p1a: Landorus|Intimidate|boost
|-unboost|p2a: Clefable|atk|1
|move|p2a: Clefable|Moonblast|p1a: Landorus
|-damage|p1a: Landorus|0 fnt
|faint|p1a: Landorus
|
|upkeep
|choice|*switch 6|*
|choice|switch 6|
|
|switch|p1a: Clefable|Clefable, M|394\/394 brn
|turn|195
|choice|*move 2|*
|choice|*|*switch 3
|choice|move moonblast|switch 3
|
|switch|p2a: Toxapex|Toxapex, M|304\/304
|-damage|p2a: Toxapex|266\/304|[from] Stealth Rock
|move|p1a: Clefable|Moonblast|p2a: Toxapex
|-resisted|p2a: Toxapex
|-damage|p2a: Toxapex|233\/304
|
|-heal|p2a: Toxapex|252\/304|[from] item: Black Sludge
|upkeep
|turn|196
|choice|*|*move 2
|choice|*switch 2|*
|choice|switch 2|move haze
|
|switch|p1a: Greninja|Greninja, M|215\/285
|-damage|p1a: Greninja|180\/285|[from] Stealth Rock
|move|p2a: Toxapex|Haze|p2a: Toxapex
|-clearallboost
|
|-heal|p2a: Toxapex|271\/304|[from] item: Black Sludge
|upkeep
|turn|197
|choice|*|*move 4
|choice|*switch 2|*
|choice|switch 2|move toxic
|
|switch|p1a: Clefable|Clefable, M|394\/394 brn
|move|p2a: Toxapex|Toxic|p1a: Clefable
|-fail|p1a: Clefable
|
|-heal|p2a: Toxapex|290\/304|[from] item: Black Sludge
|upkeep
|turn|198
|choice|*|*move 4
|-message|magno777 se rindió.
|
|win|Gеrard Way
|c|☆Gеrard Way|Apenas da ff
|c|☆Gеrard Way|Lmao
</script>
</div>
<div class="battle-log battle-log-inline"><div class="inner"><div class="battle-options"></div><div class="inner"><div class=""><small>Format:</small> <br><strong>OU</strong></div><div class=""><small><em>Cláusula-Mod de Dormir:</em> solo puedes dormir a uno de tus oponentes a la vez.</small></div><div class=""><small><em>Cláusula de Especie:</em> Hasta un Pokémon de cada especie</small></div><div class=""><small><em>Cláusula de Golpe Fulminante:</em> los movimientos fulminantes (OHKO) estan prohibidos</small></div><div class=""><small><em>Cláusula de Veleta:</em> la habilidad Veleta está prohibida</small></div><div class=""><small><em>Cláusula de Movimientos Evasivos:</em> los movimientos de Evasión están prohibidos.</small></div><div class=""><small><em>Cláusula de Batallas Eternas:</em> forzar batallas eternas está prohibido</small></div><div class="chat battle-history"><strong>magno777's team:</strong> <em style="color:#445566;display:block;">Venusaur / Clefable / Landorus-Therian / Greninja / Zygarde / Celesteela</em></div><div class="chat battle-history"><strong>Gеrard Way's team:</strong> <em style="color:#445566;display:block;">Bellossom / Doublade / Latias / Toxapex / Landorus-Therian / Clefable</em></div><div class="spacer battle-history"><br></div><div class="battle-history">Battle started between magno777 and Gеrard Way!<br></div><div class="spacer battle-history"><br></div><div class="battle-history">Go! <strong>Clefable</strong>!<br></div><div class="spacer battle-history"><br></div><div class="battle-history">Gеrard Way sent out Landorus (<strong>Landorus-Therian</strong>)!<br></div><div class="battle-history"><small>[The opposing Landorus's Intimidate]</small><br></div><div class="battle-history"><small>Clefable's Attack fell!</small><br></div><div class="spacer battle-history"><br></div><h2 class="battle-history">Turn 1</h2><div class="spacer battle-history"><br></div><div class="battle-history">The opposing Landorus used <strong>U-turn</strong>!<br></div><div class="battle-history"><small>It's not very effective...</small><br></div><div class="battle-history"><small>(Clefable lost <abbr title="−39/394">9.9%</abbr> of its health!)</small><br></div><div class="spacer battle-history"><br></div><div class="battle-history">The opposing Landorus went back to Gеrard Way!<br></div><div class="battle-history">Gеrard Way sent out <strong>Doublade</strong>!<br></div><div class="spacer battle-history"><br></div><div class="battle-history">Clefable used <strong>Stealth Rock</strong>!<br></div><div class="battle-history"><small>Pointed stones float in the air around the opposing team!</small><br></div><div class="spacer battle-history"><br></div><div class="battle-history"><small>Clefable restored a little HP using its Leftovers!</small><br></div><div class="spacer battle-history"><br></div><h2 class="battle-history">Turn 2</h2><div class="spacer battle-history"><br></div><div class="battle-history">Clefable, come back!<br></div><div class="battle-history">Go! <strong>Celesteela</strong>!<br></div><div class="spacer battle-history"><br></div><div class="battle-history">The opposing Doublade used <strong>Shadow Claw</strong>!<br></div><div class="battle-history"><small>(Celesteela lost <abbr title="−70/398">17.6%</abbr> of its health!)</small><br></div><div class="spacer battle-history"><br></div><div class="battle-history"><small>Celesteela restored a little HP using its Leftovers!</small><br></div><div class="spacer battle-history"><br></div><h2 class="battle-history">Turn 3</h2><div class="spacer battle-history"><br></div><div class="battle-history">Gеrard Way withdrew Doublade!<br></div><div class="battle-history">Gеrard Way sent out <strong>Toxapex</strong>!<br></div><div class="battle-history"><small>Pointed stones dug into the opposing Toxapex!</small><br></div><div class="spacer battle-history"><br></div><div class="battle-history">Celesteela used <strong>Leech Seed</strong>!<br></div><div class="battle-history"><small>The opposing Toxapex avoided the attack!</small><br></div><div class="spacer battle-history"><br></div><div class="battle-history"><small>Celesteela restored a little HP using its Leftovers!</small><br></div><div class="battle-history"><small>The opposing Toxapex restored a little HP using its Black Sludge!</small><br></div><div class="spacer battle-history"><br></div><h2 class="battle-history">Turn 4</h2><div class="spacer battle-history"><br></div><div class="battle-history">Celesteela used <strong>Leech Seed</strong>!<br></div><div class="battle-history"><small>The opposing Toxapex avoided the attack!</small><br></div><div class="spacer battle-history"><br></div><div class="battle-history">The opposing Toxapex used <strong>Scald</strong>!<br></div><div class="battle-history"><small>(Celesteela lost <abbr title="−49/398">12.3%</abbr> of its health!)</small><br></div><div class="battle-history"><small>Celesteela was burned!</small><br></div><div class="spacer battle-history"><br></div><div class="battle-history"><small>Celesteela restored a little HP using its Leftovers!</small><br></div><div class="battle-history"><small>The opposing Toxapex restored a little HP using its Black Sludge!</small><br></div><div class="battle-history"><small>Celesteela was hurt by its burn!</small><br></div><div class="spacer battle-history"><br></div><h2 class="battle-history">Turn 5</h2><div class="chat chatmessage-magno777"><strong style="color:hsl(331,82%,47%)"><small>☆</small><span class="username" data-name="magno777">magno777</span>:</strong> <em>lol</em></div><div class="chat chatmessage-grardway"><strong style="color:hsl(23,56%,44%)"><small>☆</small><span class="username" data-name="Gеrard Way">Gеrard Way</span>:</strong> <em>Yo vi que te lo buscabas</em></div><div class="chat chatmessage-grardway"><strong style="color:hsl(23,56%,44%)"><small>☆</small><span class="username" data-name="Gеrard Way">Gеrard Way</span>:</strong> <em></em></div><div class="spacer battle-history"><br></div><div class="battle-history">Gеrard Way withdrew Toxapex!<br></div><div class="battle-history">Gеrard Way sent out <strong>Clefable</strong>!<br></div><div class="spacer battle-history"><br></div><div class="battle-history">Celesteela used <strong>Leech Seed</strong>!<br></div><div class="battle-history"><small>The opposing Clefable was seeded!</small><br></div><div class="spacer battle-history"><br></div><div class="battle-history"><small>Celesteela restored a little HP using its Leftovers!</small><br></div><div class="battle-history"><small>Celesteela was hurt by its burn!</small><br></div><div class="spacer battle-history"><br></div><h2 class="battle-history">Turn 6</h2><div class="spacer battle-history"><br></div><div class="battle-history">Celesteela, come back!<br></div><div class="battle-history">Go! <strong>Venusaur</strong>!<br></div><div class="spacer battle-history"><br></div><div class="battle-history">The opposing Clefable used <strong>Stealth Rock</strong>!<br></div><div class="battle-history"><small>Pointed stones float in the air around your team!</small><br></div><div class="spacer battle-history"><br></div><h2 class="battle-history">Turn 7</h2><div class="spacer battle-history"><br></div><div class="battle-history">Gеrard Way withdrew Clefable!<br></div><div class="battle-history">Gеrard Way sent out <strong>Toxapex</strong>!<br></div><div class="battle-history"><small>Pointed stones dug into the opposing Toxapex!</small><br></div><div class="spacer battle-history"><br></div><div class="battle-history"><small>Venusaur's Venusaurite is reacting to the Key Stone!</small><br>Venusaur has Mega Evolved into Mega Venusaur!<br></div><div class="spacer battle-history"><br></div><div class="battle-history">Venusaur used <strong>Earthquake</strong>!<br></div><div class="battle-history"><small>It's super effective!</small><br></div><div class="battle-history"><small>(The opposing Toxapex lost <abbr title="−118/304">38.8%</abbr> of its health!)</small><br></div><div class="spacer battle-history"><br></div><div class="battle-history"><small>The opposing Toxapex restored a little HP using its Black Sludge!</small><br></div><div class="spacer battle-history"><br></div><h2 class="battle-history">Turn 8</h2><div class="spacer battle-history"><br></div><div class="battle-history">Gеrard Way withdrew Toxapex!<br></div><div class="battle-history">Gеrard Way sent out <strong>Doublade</strong>!<br></div><div class="battle-history"><small>Pointed stones dug into the opposing Doublade!</small><br></div><div class="spacer battle-history"><br></div><div class="battle-history">Venusaur used <strong>Earthquake</strong>!<br></div><div class="battle-history"><small>It's super effective!</small><br></div><div class="battle-history"><small>(The opposing Doublade lost <abbr title="−72/321">22.4%</abbr> of its health!)</small><br></div><div class="spacer battle-history"><br></div><h2 class="battle-history">Turn 9</h2><div class="spacer battle-history"><br></div><div class="battle-history">Gеrard Way withdrew Doublade!<br></div><div class="battle-history">Gеrard Way sent out <strong>Bellossom</strong>!<br></div><div class="battle-history"><small>Pointed stones dug into the opposing Bellossom!</small><br></div><div class="spacer battle-history"><br></div><div class="battle-history">Venusaur used <strong>Hidden Power</strong>!<br></div><div class="battle-history"><small>It's super effective!</small><br></div><div class="battle-history"><small>(The opposing Bellossom lost <abbr title="−106/353">30.0%</abbr> of its health!)</small><br></div><div class="spacer battle-history"><br></div><h2 class="battle-history">Turn 10</h2><div class="spacer battle-history"><br></div><div class="battle-history">Gеrard Way withdrew Bellossom!<br></div><div class="battle-history">Gеrard Way sent out <strong>Toxapex</strong>!<br></div><div class="battle-history"><small>Pointed stones dug into the opposing Toxapex!</small><br></div><div class="spacer battle-history"><br></div><div class="battle-history">Venusaur used <strong>Hidden Power</strong>!<br></div><div class="battle-history"><small>It's not very effective...</small><br></div><div class="battle-history"><small>(The opposing Toxapex lost <abbr title="−17/304">5.6%</abbr> of its health!)</small><br></div><div class="spacer battle-history"><br></div><div class="battle-history"><small>The opposing Toxapex restored a little HP using its Black Sludge!</small><br></div><div class="spacer battle-history"><br></div><h2 class="battle-history">Turn 11</h2><div class="spacer battle-history"><br></div><div class="battle-history">Venusaur used <strong>Sludge Bomb</strong>!<br></div><div class="battle-history"><small>It's not very effective...</small><br></div><div class="battle-history"><small>(The opposing Toxapex lost <abbr title="−35/304">11.5%</abbr> of its health!)</small><br></div><div class="spacer battle-history"><br></div><div class="battle-history">The opposing Toxapex used <strong>Scald</strong>!<br></div><div class="battle-history"><small>It's not very effective...</small><br></div><div class="battle-history"><small>(Venusaur lost <abbr title="−18/363">5.0%</abbr> of its health!)</small><br></div><div class="battle-history"><small>Venusaur was burned!</small><br></div><div class="spacer battle-history"><br></div><div class="battle-history"><small>The opposing Toxapex restored a little HP using its Black Sludge!</small><br></div><div class="battle-history"><small>Venusaur was hurt by its burn!</small><br></div><div class="spacer battle-history"><br></div><h2 class="battle-history">Turn 12</h2><div class="chat chatmessage-magno777"><strong style="color:hsl(331,82%,47%)"><small>☆</small><span class="username" data-name="magno777">magno777</span>:</strong> <em>alv</em></div><div class="spacer battle-history"><br></div><div class="battle-history">Venusaur, come back!<br></div><div class="battle-history">Go! <strong>Clefable</strong>!<br></div><div class="spacer battle-history"><br></div><div class="battle-history">The opposing Toxapex used <strong>Recover</strong>!<br></div><div class="battle-history"><small>The opposing Toxapex restored its HP.</small><br></div><div class="spacer battle-history"><br></div><div class="battle-history"><small>Clefable restored a little HP using its Leftovers!</small><br></div><div class="spacer battle-history"><br></div><h2 class="battle-history">Turn 13</h2><div class="spacer battle-history"><br></div><div class="battle-history">Gеrard Way withdrew Toxapex!<br></div><div class="battle-history">Gеrard Way sent out <strong>Clefable</strong>!<br></div><div class="spacer battle-history"><br></div><div class="battle-history">Clefable used <strong>Wish</strong>!<br></div><div class="spacer battle-history"><br></div><h2 class="battle-history">Turn 14</h2><div class="spacer battle-history"><br></div><div class="battle-history">Clefable, come back!<br></div><div class="battle-history">Go! Venusaur (<strong>Venusaur-Mega</strong>)!<br></div><div class="battle-history"><small>Pointed stones dug into Venusaur!</small><br></div><div class="spacer battle-history"><br></div><div class="battle-history">The opposing Clefable used <strong>Wish</strong>!<br></div><div class="spacer battle-history"><br></div><div class="battle-history"><small>Clefable's wish came true!</small><br></div><div class="battle-history"><small>Venusaur was hurt by its burn!</small><br></div><div class="spacer battle-history"><br></div><h2 class="battle-history">Turn 15</h2><div class="spacer battle-history"><br></div><div class="battle-history">Gеrard Way withdrew Clefable!<br></div><div class="battle-history">Gеrard Way sent out <strong>Doublade</strong>!<br></div><div class="battle-history"><small>Pointed stones dug into the opposing Doublade!</small><br></div><div class="spacer battle-history"><br></div><div class="battle-history">Venusaur used <strong>Roar</strong>!<br></div><div class="spacer battle-history"><br></div><div class="battle-history">Landorus (<strong>Landorus-Therian</strong>) was dragged out!<br></div><div class="battle-history"><small>Pointed stones dug into the opposing Landorus!</small><br></div><div class="battle-history"><small>[The opposing Landorus's Intimidate]</small><br></div><div class="battle-history"><small>Venusaur's Attack fell!</small><br></div><div class="spacer battle-history"><br></div><div class="battle-history"><small>Clefable's wish came true!</small><br></div><div class="battle-history"><small>Venusaur was hurt by its burn!</small><br></div><div class="spacer battle-history"><br></div><h2 class="battle-history">Turn 16</h2><div class="spacer battle-history"><br></div><div class="battle-history">The opposing Landorus used <strong>U-turn</strong>!<br></div><div class="battle-history"><small>(Venusaur lost <abbr title="−72/363">19.8%</abbr> of its health!)</small><br></div><div class="spacer battle-history"><br></div><div class="battle-history">The opposing Landorus went back to Gеrard Way!<br></div><div class="battle-history">Gеrard Way sent out <strong>Toxapex</strong>!<br></div><div class="battle-history"><small>Pointed stones dug into the opposing Toxapex!</small><br></div><div class="spacer battle-history"><br></div><div class="battle-history">Venusaur used <strong>Sludge Bomb</strong>!<br></div><div class="battle-history"><small>It's not very effective...</small><br></div><div class="battle-history"><small>(The opposing Toxapex lost <abbr title="−33/304">10.9%</abbr> of its health!)</small><br></div><div class="spacer battle-history"><br></div><div class="battle-history"><small>The opposing Toxapex restored a little HP using its Black Sludge!</small><br></div><div class="battle-history"><small>Venusaur was hurt by its burn!</small><br></div><div class="spacer battle-history"><br></div><h2 class="battle-history">Turn 17</h2><div class="spacer battle-history"><br></div><div class="battle-history">Venusaur, come back!<br></div><div class="battle-history">Go! <strong>Clefable</strong>!<br></div><div class="spacer battle-history"><br></div><div class="battle-history">The opposing Toxapex used <strong>Scald</strong>!<br></div><div class="battle-history"><small>(Clefable lost <abbr title="−57/394">14.5%</abbr> of its health!)</small><br></div><div class="spacer battle-history"><br></div><div class="battle-history"><small>Clefable restored a little HP using its Leftovers!</small><br></div><div class="battle-history"><small>The opposing Toxapex restored a little HP using its Black Sludge!</small><br></div><div class="spacer battle-history"><br></div><h2 class="battle-history">Turn 18</h2><div class="chat chatmessage-magno777"><strong style="color:hsl(331,82%,47%)"><small>☆</small><span class="username" data-name="magno777">magno777</span>:</strong> <em>no quemo ala primera</em></div><div class="spacer battle-history"><br></div><div class="battle-history">Gеrard Way withdrew Toxapex!<br></div><div class="battle-history">Gеrard Way sent out <strong>Bellossom</strong>!<br></div><div class="battle-history"><small>Pointed stones dug into the opposing Bellossom!</small><br></div><div class="spacer battle-history"><br></div><div class="battle-history">Clefable used <strong>Wish</strong>!<br></div><div class="spacer battle-history"><br></div><div class="battle-history"><small>Clefable restored a little HP using its Leftovers!</small><br></div><div class="spacer battle-history"><br></div><h2 class="battle-history">Turn 19</h2><div class="spacer battle-history"><br></div><div class="battle-history">Clefable, come back!<br></div><div class="battle-history">Go! Venusaur (<strong>Venusaur-Mega</strong>)!<br></div><div class="battle-history"><small>Pointed stones dug into Venusaur!</small><br></div><div class="spacer battle-history"><br></div><div class="battle-history">The opposing Bellossom used <strong>Quiver Dance</strong>!<br></div><div class="battle-history"><small>The opposing Bellossom's Special Attack rose!</small><br></div><div class="battle-history"><small>The opposing Bellossom's Special Defense rose!</small><br></div><div class="battle-history"><small>The opposing Bellossom's Speed rose!</small><br></div><div class="spacer battle-history"><br></div><div class="battle-history"><small>Clefable's wish came true!</small><br></div><div class="battle-history"><small>Venusaur was hurt by its burn!</small><br></div><div class="spacer battle-history"><br></div><h2 class="battle-history">Turn 20</h2><div class="spacer battle-history"><br></div><div class="battle-history">The opposing Bellossom used <strong>Strength Sap</strong>!<br></div><div class="battle-history"><small>Venusaur's Attack fell!</small><br></div><div class="battle-history"><small>The opposing Bellossom restored its HP.</small><br></div><div class="spacer battle-history"><br></div><div class="battle-history">Venusaur used <strong>Roar</strong>!<br></div><div class="spacer battle-history"><br></div><div class="battle-history"><strong>Doublade</strong> was dragged out!<br></div><div class="battle-history"><small>Pointed stones dug into the opposing Doublade!</small><br></div><div class="spacer battle-history"><br></div><div class="battle-history"><small>Venusaur was hurt by its burn!</small><br></div><div class="spacer battle-history"><br></div><h2 class="battle-history">Turn 21</h2><div class="spacer battle-history"><br></div><div class="battle-history">Gеrard Way withdrew Doublade!<br></div><div class="battle-history">Gеrard Way sent out <strong>Clefable</strong>!<br></div><div class="spacer battle-history"><br></div><div class="battle-history">Venusaur used <strong>Hidden Power</strong>!<br></div><div class="battle-history"><small>(The opposing Clefable lost <abbr title="−64/394">16.2%</abbr> of its health!)</small><br></div><div class="spacer battle-history"><br></div><div class="battle-history"><small>The opposing Clefable restored a little HP using its Leftovers!</small><br></div><div class="battle-history"><small>Venusaur was hurt by its burn!</small><br></div><div class="spacer battle-history"><br></div><h2 class="battle-history">Turn 22</h2><div class="spacer battle-history"><br></div><div class="battle-history">Venusaur used <strong>Sludge Bomb</strong>!<br></div><div class="battle-history"><small>It's super effective!</small><br></div><div class="battle-history"><small>(The opposing Clefable lost <abbr title="−294/394">74.6%</abbr> of its health!)</small><br></div><div class="spacer battle-history"><br></div><div class="battle-history">The opposing Clefable used <strong>Wish</strong>!<br></div><div class="spacer battle-history"><br></div><div class="battle-history"><small>The opposing Clefable restored a little HP using its Leftovers!</small><br></div><div class="battle-history"><small>Venusaur was hurt by its burn!</small><br></div><div class="spacer battle-history"><br></div><h2 class="battle-history">Turn 23</h2><div class="spacer battle-history"><br></div><div class="battle-history">Gеrard Way withdrew Clefable!<br></div><div class="battle-history">Gеrard Way sent out <strong>Doublade</strong>!<br></div><div class="battle-history"><small>Pointed stones dug into the opposing Doublade!</small><br></div><div class="spacer battle-history"><br></div><div class="battle-history">Venusaur used <strong>Roar</strong>!<br></div><div class="spacer battle-history"><br></div><div class="battle-history"><strong>Bellossom</strong> was dragged out!<br></div><div class="battle-history"><small>Pointed stones dug into the opposing Bellossom!</small><br></div><div class="spacer battle-history"><br></div><div class="battle-history"><small>Clefable's wish came true!</small><br></div><div class="battle-history"><small>Venusaur was hurt by its burn!</small><br></div><div class="spacer battle-history"><br></div><h2 class="battle-history">Turn 24</h2><div class="spacer battle-history"><br></div><div class="battle-history">Gеrard Way withdrew Bellossom!<br></div><div class="battle-history">Gеrard Way sent out <strong>Toxapex</strong>!<br></div><div class="battle-history"><small>Pointed stones dug into the opposing Toxapex!</small><br></div><div class="spacer battle-history"><br></div><div class="battle-history">Venusaur used <strong>Sludge Bomb</strong>!<br></div><div class="battle-history"><small>It's not very effective...</small><br></div><div class="battle-history"><small>(The opposing Toxapex lost <abbr title="−33/304">10.9%</abbr> of its health!)</small><br></div><div class="spacer battle-history"><br></div><div class="battle-history"><small>The opposing Toxapex restored a little HP using its Black Sludge!</small><br></div><div class="battle-history"><small>Venusaur was hurt by its burn!</small><br></div><div class="spacer battle-history"><br></div><h2 class="battle-history">Turn 25</h2><div class="spacer battle-history"><br></div><div class="battle-history">Venusaur, come back!<br></div><div class="battle-history">Go! <strong>Clefable</strong>!<br></div><div class="spacer battle-history"><br></div><div class="battle-history">The opposing Toxapex used <strong>Scald</strong>!<br></div><div class="battle-history"><small>(Clefable lost <abbr title="−67/394">17.0%</abbr> of its health!)</small><br></div><div class="spacer battle-history"><br></div><div class="battle-history"><small>Clefable restored a little HP using its Leftovers!</small><br></div><div class="battle-history"><small>The opposing Toxapex restored a little HP using its Black Sludge!</small><br></div><div class="spacer battle-history"><br></div><h2 class="battle-history">Turn 26</h2><div class="spacer battle-history"><br></div><div class="battle-history">Gеrard Way withdrew Toxapex!<br></div><div class="battle-history">Gеrard Way sent out <strong>Bellossom</strong>!<br></div><div class="battle-history"><small>Pointed stones dug into the opposing Bellossom!</small><br></div><div class="spacer battle-history"><br></div><div class="battle-history">Clefable used <strong>Wish</strong>!<br></div><div class="spacer battle-history"><br></div><div class="battle-history"><small>Clefable restored a little HP using its Leftovers!</small><br></div><div class="spacer battle-history"><br></div><h2 class="battle-history">Turn 27</h2><div class="spacer battle-history"><br></div><div class="battle-history">Gеrard Way withdrew Bellossom!<br></div><div class="battle-history">Gеrard Way sent out <strong>Latias</strong>!<br></div><div class="battle-history"><small>Pointed stones dug into the opposing Latias!</small><br></div><div class="spacer battle-history"><br></div><div class="battle-history">Clefable, come back!<br></div><div class="battle-history">Go! Venusaur (<strong>Venusaur-Mega</strong>)!<br></div><div class="battle-history"><small>Pointed stones dug into Venusaur!</small><br></div><div class="spacer battle-history"><br></div><div class="battle-history"><small>Clefable's wish came true!</small><br></div><div class="battle-history"><small>Venusaur was hurt by its burn!</small><br></div><div class="spacer battle-history"><br></div><h2 class="battle-history">Turn 28</h2><div class="spacer battle-history"><br></div><div class="battle-history">Venusaur, come back!<br></div><div class="battle-history">Go! <strong>Clefable</strong>!<br></div><div class="spacer battle-history"><br></div><div class="battle-history"><small>The opposing Latias's Latiasite is reacting to the Key Stone!</small><br>The opposing Latias has Mega Evolved into Mega Latias!<br></div><div class="spacer battle-history"><br></div><div class="battle-history">The opposing Latias used <strong>Ice Beam</strong>!<br></div><div class="battle-history"><small>(Clefable lost <abbr title="−111/394">28.2%</abbr> of its health!)</small><br></div><div class="spacer battle-history"><br></div><div class="battle-history"><small>Clefable restored a little HP using its Leftovers!</small><br></div><div class="spacer battle-history"><br></div><h2 class="battle-history">Turn 29</h2><div class="spacer battle-history"><br></div><div class="battle-history">Gеrard Way withdrew Latias!<br></div><div class="battle-history">Gеrard Way sent out <strong>Doublade</strong>!<br></div><div class="battle-history"><small>Pointed stones dug into the opposing Doublade!</small><br></div><div class="spacer battle-history"><br></div><div class="battle-history">Clefable used <strong>Moonblast</strong>!<br></div><div class="battle-history"><small>It's not very effective...</small><br></div><div class="battle-history"><small>(The opposing Doublade lost <abbr title="−38/321">11.8%</abbr> of its health!)</small><br></div><div class="spacer battle-history"><br></div><div class="battle-history"><small>Clefable restored a little HP using its Leftovers!</small><br></div><div class="spacer battle-history"><br></div><h2 class="battle-history">Turn 30</h2><div class="spacer battle-history"><br></div><div class="battle-history">Clefable, come back!<br></div><div class="battle-history">Go! <strong>Zygarde</strong>!<br></div><div class="battle-history"><small>Pointed stones dug into Zygarde!</small><br></div><div class="battle-history"><small>[Zygarde's Aura Break]</small><br><small>Zygarde reversed all other Pokémon's auras!</small><br></div><div class="spacer battle-history"><br></div><div class="battle-history">The opposing Doublade used <strong>Swords Dance</strong>!<br></div><div class="battle-history"><small>The opposing Doublade's Attack rose sharply!</small><br></div><div class="spacer battle-history"><br></div><div class="battle-history"><small>Zygarde restored a little HP using its Leftovers!</small><br></div><div class="spacer battle-history"><br></div><h2 class="battle-history">Turn 31</h2><div class="spacer battle-history"><br></div><div class="battle-history">Gеrard Way withdrew Doublade!<br></div><div class="battle-history">Gеrard Way sent out Landorus (<strong>Landorus-Therian</strong>)!<br></div><div class="battle-history"><small>Pointed stones dug into the opposing Landorus!</small><br></div><div class="battle-history"><small>[The opposing Landorus's Intimidate]</small><br></div><div class="battle-history"><small>Zygarde's Attack fell!</small><br></div><div class="spacer battle-history"><br></div><div class="battle-history">Zygarde used <strong>Thousand Arrows</strong>!<br></div><div class="battle-history"><small>(The opposing Landorus lost <abbr title="−91/319">28.5%</abbr> of its health!)</small><br></div><div class="battle-history"><small>The opposing Landorus fell straight down!</small><br></div><div class="spacer battle-history"><br></div><h2 class="battle-history">Turn 32</h2><div class="spacer battle-history"><br></div><div class="battle-history">Zygarde, come back!<br></div><div class="battle-history">Go! Landorus (<strong>Landorus-Therian</strong>)!<br></div><div class="battle-history"><small>Pointed stones dug into Landorus!</small><br></div><div class="battle-history"><small>[Landorus's Intimidate]</small><br></div><div class="battle-history"><small>The opposing Landorus's Attack fell!</small><br></div><div class="spacer battle-history"><br></div><div class="battle-history">The opposing Landorus used <strong>U-turn</strong>!<br></div><div class="battle-history"><small>It's not very effective...</small><br></div><div class="battle-history"><small>(Landorus lost <abbr title="−27/349">7.7%</abbr> of its health!)</small><br></div><div class="spacer battle-history"><br></div><div class="battle-history">The opposing Landorus went back to Gеrard Way!<br></div><div class="battle-history">Gеrard Way sent out Latias (<strong>Latias-Mega</strong>)!<br></div><div class="battle-history"><small>Pointed stones dug into the opposing Latias!</small><br></div><div class="spacer battle-history"><br></div><h2 class="battle-history">Turn 33</h2><div class="spacer battle-history"><br></div><div class="battle-history">Landorus used <strong>U-turn</strong>!<br></div><div class="battle-history"><small>It's super effective!</small><br></div><div class="battle-history"><small>(The opposing Latias lost <abbr title="−146/364">40.1%</abbr> of its health!)</small><br></div><div class="spacer battle-history"><br></div><div class="battle-history">Landorus went back to magno777!<br></div><div class="battle-history">Go! <strong>Clefable</strong>!<br></div><div class="spacer battle-history"><br></div><div class="battle-history">The opposing Latias used <strong>Roost</strong>!<br></div><div class="battle-history"><small>The opposing Latias restored its HP.</small><br></div><div class="spacer battle-history"><br></div><div class="battle-history"><small>Clefable restored a little HP using its Leftovers!</small><br></div><div class="spacer battle-history"><br></div><h2 class="battle-history">Turn 34</h2><div class="spacer battle-history"><br></div><div class="battle-history">Gеrard Way withdrew Latias!<br></div><div class="battle-history">Gеrard Way sent out <strong>Bellossom</strong>!<br></div><div class="battle-history"><small>Pointed stones dug into the opposing Bellossom!</small><br></div><div class="spacer battle-history"><br></div><div class="battle-history">Clefable used <strong>Wish</strong>!<br></div><div class="spacer battle-history"><br></div><div class="battle-history"><small>Clefable restored a little HP using its Leftovers!</small><br></div><div class="spacer battle-history"><br></div><h2 class="battle-history">Turn 35</h2><div class="spacer battle-history"><br></div><div class="battle-history">Clefable, come back!<br></div><div class="battle-history">Go! <strong>Celesteela</strong>!<br></div><div class="battle-history"><small>Pointed stones dug into Celesteela!</small><br></div><div class="spacer battle-history"><br></div><div class="battle-history">The opposing Bellossom used <strong>Quiver Dance</strong>!<br></div><div class="battle-history"><small>The opposing Bellossom's Special Attack rose!</small><br></div><div class="battle-history"><small>The opposing Bellossom's Special Defense rose!</small><br></div><div class="battle-history"><small>The opposing Bellossom's Speed rose!</small><br></div><div class="spacer battle-history"><br></div><div class="battle-history"><small>Clefable's wish came true!</small><br></div><div class="battle-history"><small>Celesteela was hurt by its burn!</small><br></div><div class="spacer battle-history"><br></div><h2 class="battle-history">Turn 36</h2><div class="spacer battle-history"><br></div><div class="battle-history">The opposing Bellossom used <strong>Quiver Dance</strong>!<br></div><div class="battle-history"><small>The opposing Bellossom's Special Attack rose!</small><br></div><div class="battle-history"><small>The opposing Bellossom's Special Defense rose!</small><br></div><div class="battle-history"><small>The opposing Bellossom's Speed rose!</small><br></div><div class="spacer battle-history"><br></div><div class="battle-history">Celesteela used <strong>Flamethrower</strong>!<br></div><div class="battle-history"><small>It's super effective!</small><br></div><div class="battle-history"><small>(The opposing Bellossom lost <abbr title="−74/353">21.0%</abbr> of its health!)</small><br></div><div class="spacer battle-history"><br></div><div class="battle-history"><small>Celesteela restored a little HP using its Leftovers!</small><br></div><div class="battle-history"><small>Celesteela was hurt by its burn!</small><br></div><div class="spacer battle-history"><br></div><h2 class="battle-history">Turn 37</h2><div class="spacer battle-history"><br></div><div class="battle-history">The opposing Bellossom used <strong>Quiver Dance</strong>!<br></div><div class="battle-history"><small>The opposing Bellossom's Special Attack rose!</small><br></div><div class="battle-history"><small>The opposing Bellossom's Special Defense rose!</small><br></div><div class="battle-history"><small>The opposing Bellossom's Speed rose!</small><br></div><div class="spacer battle-history"><br></div><div class="battle-history">Celesteela used <strong>Flamethrower</strong>!<br></div><div class="battle-history"><small>It's super effective!</small><br></div><div class="battle-history"><small>(The opposing Bellossom lost <abbr title="−66/353">18.7%</abbr> of its health!)</small><br></div><div class="spacer battle-history"><br></div><div class="battle-history"><small>Celesteela restored a little HP using its Leftovers!</small><br></div><div class="battle-history"><small>Celesteela was hurt by its burn!</small><br></div><div class="spacer battle-history"><br></div><h2 class="battle-history">Turn 38</h2><div class="spacer battle-history"><br></div><div class="battle-history">Celesteela, come back!<br></div><div class="battle-history">Go! Venusaur (<strong>Venusaur-Mega</strong>)!<br></div><div class="battle-history"><small>Pointed stones dug into Venusaur!</small><br></div><div class="spacer battle-history"><br></div><div class="battle-history">The opposing Bellossom used <strong>Strength Sap</strong>!<br></div><div class="battle-history"><small>Venusaur's Attack fell!</small><br></div><div class="battle-history"><small>The opposing Bellossom restored its HP.</small><br></div><div class="spacer battle-history"><br></div><div class="battle-history"><small>Venusaur was hurt by its burn!</small><br></div><div class="spacer battle-history"><br></div><h2 class="battle-history">Turn 39</h2><div class="spacer battle-history"><br></div><div class="battle-history">The opposing Bellossom used <strong>Hidden Power</strong>!<br></div><div class="battle-history"><small>(Venusaur lost <abbr title="−75/363">20.7%</abbr> of its health!)</small><br></div><div class="spacer battle-history"><br></div><div class="battle-history">Venusaur used <strong>Roar</strong>!<br></div><div class="spacer battle-history"><br></div><div class="battle-history"><strong>Toxapex</strong> was dragged out!<br></div><div class="battle-history"><small>Pointed stones dug into the opposing Toxapex!</small><br></div><div class="spacer battle-history"><br></div><div class="battle-history"><small>The opposing Toxapex restored a little HP using its Black Sludge!</small><br></div><div class="battle-history"><small>Venusaur was hurt by its burn!</small><br></div><div class="spacer battle-history"><br></div><h2 class="battle-history">Turn 40</h2><div class="spacer battle-history"><br></div><div class="battle-history">Venusaur, come back!<br></div><div class="battle-history">Go! <strong>Clefable</strong>!<br></div><div class="spacer battle-history"><br></div><div class="battle-history">Gеrard Way withdrew Toxapex!<br></div><div class="battle-history">Gеrard Way sent out <strong>Bellossom</strong>!<br></div><div class="battle-history"><small>Pointed stones dug into the opposing Bellossom!</small><br></div><div class="spacer battle-history"><br></div><div class="battle-history"><small>Clefable restored a little HP using its Leftovers!</small><br></div><div class="spacer battle-history"><br></div><h2 class="battle-history">Turn 41</h2><div class="spacer battle-history"><br></div><div class="battle-history">The opposing Bellossom used <strong>Quiver Dance</strong>!<br></div><div class="battle-history"><small>The opposing Bellossom's Special Attack rose!</small><br></div><div class="battle-history"><small>The opposing Bellossom's Special Defense rose!</small><br></div><div class="battle-history"><small>The opposing Bellossom's Speed rose!</small><br></div><div class="spacer battle-history"><br></div><div class="battle-history">Clefable used <strong>Wish</strong>!<br></div><div class="spacer battle-history"><br></div><div class="battle-history"><small>Clefable restored a little HP using its Leftovers!</small><br></div><div class="spacer battle-history"><br></div><h2 class="battle-history">Turn 42</h2><div class="spacer battle-history"><br></div><div class="battle-history">Clefable, come back!<br></div><div class="battle-history">Go! Venusaur (<strong>Venusaur-Mega</strong>)!<br></div><div class="battle-history"><small>Pointed stones dug into Venusaur!</small><br></div><div class="spacer battle-history"><br></div><div class="battle-history">The opposing Bellossom used <strong>Hidden Power</strong>!<br></div><div class="battle-history"><small>(Venusaur lost <abbr title="−49/363">13.5%</abbr> of its health!)</small><br></div><div class="spacer battle-history"><br></div><div class="battle-history"><small>Clefable's wish came true!</small><br></div><div class="battle-history"><small>Venusaur was hurt by its burn!</small><br></div><div class="spacer battle-history"><br></div><h2 class="battle-history">Turn 43</h2><div class="spacer battle-history"><br></div><div class="battle-history">The opposing Bellossom used <strong>Hidden Power</strong>!<br></div><div class="battle-history"><small>(Venusaur lost <abbr title="−50/363">13.8%</abbr> of its health!)</small><br></div><div class="spacer battle-history"><br></div><div class="battle-history">Venusaur used <strong>Roar</strong>!<br></div><div class="spacer battle-history"><br></div><div class="battle-history">Latias (<strong>Latias-Mega</strong>) was dragged out!<br></div><div class="battle-history"><small>Pointed stones dug into the opposing Latias!</small><br></div><div class="spacer battle-history"><br></div><div class="battle-history"><small>Venusaur was hurt by its burn!</small><br></div><div class="spacer battle-history"><br></div><h2 class="battle-history">Turn 44</h2><div class="spacer battle-history"><br></div><div class="battle-history">Venusaur, come back!<br></div><div class="battle-history">Go! <strong>Clefable</strong>!<br></div><div class="spacer battle-history"><br></div><div class="battle-history">The opposing Latias used <strong>Ice Beam</strong>!<br></div><div class="battle-history"><small>A critical hit!</small><br></div><div class="battle-history"><small>(Clefable lost <abbr title="−149/394">37.8%</abbr> of its health!)</small><br></div><div class="spacer battle-history"><br></div><div class="battle-history"><small>Clefable restored a little HP using its Leftovers!</small><br></div><div class="spacer battle-history"><br></div><h2 class="battle-history">Turn 45</h2><div class="spacer battle-history"><br></div><div class="battle-history">Gеrard Way withdrew Latias!<br></div><div class="battle-history">Gеrard Way sent out <strong>Toxapex</strong>!<br></div><div class="battle-history"><small>Pointed stones dug into the opposing Toxapex!</small><br></div><div class="spacer battle-history"><br></div><div class="battle-history">Clefable used <strong>Soft-Boiled</strong>!<br></div><div class="battle-history"><small>Clefable restored its HP.</small><br></div><div class="spacer battle-history"><br></div><div class="battle-history"><small>The opposing Toxapex restored a little HP using its Black Sludge!</small><br></div><div class="spacer battle-history"><br></div><h2 class="battle-history">Turn 46</h2><div class="spacer battle-history"><br></div><div class="battle-history">Clefable used <strong>Wish</strong>!<br></div><div class="spacer battle-history"><br></div><div class="battle-history">The opposing Toxapex used <strong>Scald</strong>!<br></div><div class="battle-history"><small>(Clefable lost <abbr title="−64/394">16.2%</abbr> of its health!)</small><br></div><div class="battle-history"><small>Clefable was burned!</small><br></div><div class="spacer battle-history"><br></div><div class="battle-history"><small>Clefable restored a little HP using its Leftovers!</small><br></div><div class="battle-history"><small>The opposing Toxapex restored a little HP using its Black Sludge!</small><br></div><div class="spacer battle-history"><br></div><h2 class="battle-history">Turn 47</h2><div class="spacer battle-history"><br></div><div class="battle-history">Clefable, come back!<br></div><div class="battle-history">Go! Venusaur (<strong>Venusaur-Mega</strong>)!<br></div><div class="battle-history"><small>Pointed stones dug into Venusaur!</small><br></div><div class="spacer battle-history"><br></div><div class="battle-history">The opposing Toxapex used <strong>Scald</strong>!<br></div><div class="battle-history"><small>It's not very effective...</small><br></div><div class="battle-history"><small>(Venusaur lost <abbr title="−17/363">4.7%</abbr> of its health!)</small><br></div><div class="spacer battle-history"><br></div><div class="battle-history"><small>Clefable's wish came true!</small><br></div><div class="battle-history"><small>Venusaur was hurt by its burn!</small><br></div><div class="spacer battle-history"><br></div><h2 class="battle-history">Turn 48</h2><div class="spacer battle-history"><br></div><div class="battle-history">Venusaur, come back!<br></div><div class="battle-history">Go! <strong>Clefable</strong>!<br></div><div class="spacer battle-history"><br></div><div class="battle-history">The opposing Toxapex used <strong>Haze</strong>!<br></div><div class="battle-history"><small>All stat changes were eliminated!</small><br></div><div class="spacer battle-history"><br></div><div class="battle-history"><small>Clefable restored a little HP using its Leftovers!</small><br></div><div class="spacer battle-history"><br></div><h2 class="battle-history">Turn 49</h2><div class="spacer battle-history"><br></div><div class="battle-history">Clefable used <strong>Moonblast</strong>!<br></div><div class="battle-history"><small>It's not very effective...</small><br></div><div class="battle-history"><small>(The opposing Toxapex lost <abbr title="−30/304">9.9%</abbr> of its health!)</small><br></div><div class="spacer battle-history"><br></div><div class="battle-history">The opposing Toxapex used <strong>Scald</strong>!<br></div><div class="battle-history"><small>(Clefable lost <abbr title="−64/394">16.2%</abbr> of its health!)</small><br></div><div class="spacer battle-history"><br></div><div class="battle-history"><small>Clefable restored a little HP using its Leftovers!</small><br></div><div class="battle-history"><small>The opposing Toxapex restored a little HP using its Black Sludge!</small><br></div><div class="spacer battle-history"><br></div><h2 class="battle-history">Turn 50</h2><div class="spacer battle-history"><br></div><div class="battle-history">Clefable used <strong>Moonblast</strong>!<br></div><div class="battle-history"><small>It's not very effective...</small><br></div><div class="battle-history"><small>(The opposing Toxapex lost <abbr title="−28/304">9.2%</abbr> of its health!)</small><br></div><div class="spacer battle-history"><br></div><div class="battle-history">The opposing Toxapex used <strong>Haze</strong>!<br></div><div class="battle-history"><small>All stat changes were eliminated!</small><br></div><div class="spacer battle-history"><br></div><div class="battle-history"><small>Clefable restored a little HP using its Leftovers!</small><br></div><div class="battle-history"><small>The opposing Toxapex restored a little HP using its Black Sludge!</small><br></div><div class="spacer battle-history"><br></div><h2 class="battle-history">Turn 51</h2><div class="spacer battle-history"><br></div><div class="battle-history">Clefable used <strong>Stealth Rock</strong>!<br></div><div class="battle-history"><small>But it failed!</small><br></div><div class="spacer battle-history"><br></div><div class="battle-history">The opposing Toxapex used <strong>Haze</strong>!<br></div><div class="battle-history"><small>All stat changes were eliminated!</small><br></div><div class="spacer battle-history"><br></div><div class="battle-history"><small>Clefable restored a little HP using its Leftovers!</small><br></div><div class="battle-history"><small>The opposing Toxapex restored a little HP using its Black Sludge!</small><br></div><div class="spacer battle-history"><br></div><h2 class="battle-history">Turn 52</h2><div class="spacer battle-history"><br></div><div class="battle-history">Clefable, come back!<br></div><div class="battle-history">Go! <strong>Celesteela</strong>!<br></div><div class="battle-history"><small>Pointed stones dug into Celesteela!</small><br></div><div class="spacer battle-history"><br></div><div class="battle-history">The opposing Toxapex used <strong>Haze</strong>!<br></div><div class="battle-history"><small>All stat changes were eliminated!</small><br></div><div class="spacer battle-history"><br></div><div class="battle-history"><small>Celesteela restored a little HP using its Leftovers!</small><br></div><div class="battle-history"><small>The opposing Toxapex restored a little HP using its Black Sludge!</small><br></div><div class="battle-history"><small>Celesteela was hurt by its burn!</small><br></div><div class="spacer battle-history"><br></div><h2 class="battle-history">Turn 53</h2><div class="spacer battle-history"><br></div><div class="battle-history">Gеrard Way withdrew Toxapex!<br></div><div class="battle-history">Gеrard Way sent out <strong>Clefable</strong>!<br></div><div class="spacer battle-history"><br></div><div class="battle-history">Celesteela used <strong>Flamethrower</strong>!<br></div><div class="battle-history"><small>(The opposing Clefable lost <abbr title="−81/394">20.6%</abbr> of its health!)</small><br></div><div class="spacer battle-history"><br></div><div class="battle-history"><small>The opposing Clefable restored a little HP using its Leftovers!</small><br></div><div class="battle-history"><small>Celesteela restored a little HP using its Leftovers!</small><br></div><div class="battle-history"><small>Celesteela was hurt by its burn!</small><br></div><div class="spacer battle-history"><br></div><h2 class="battle-history">Turn 54</h2><div class="spacer battle-history"><br></div><div class="battle-history">The opposing Clefable used <strong>Soft-Boiled</strong>!<br></div><div class="battle-history"><small>The opposing Clefable restored its HP.</small><br></div><div class="spacer battle-history"><br></div><div class="battle-history">Celesteela used <strong>Heavy Slam</strong>!<br></div><div class="battle-history"><small>It's super effective!</small><br></div><div class="battle-history"><small>(The opposing Clefable lost <abbr title="−118/394">29.9%</abbr> of its health!)</small><br></div><div class="spacer battle-history"><br></div><div class="battle-history"><small>The opposing Clefable restored a little HP using its Leftovers!</small><br></div><div class="battle-history"><small>Celesteela restored a little HP using its Leftovers!</small><br></div><div class="battle-history"><small>Celesteela was hurt by its burn!</small><br></div><div class="spacer battle-history"><br></div><h2 class="battle-history">Turn 55</h2><div class="spacer battle-history"><br></div><div class="battle-history">Celesteela, come back!<br></div><div class="battle-history">Go! Venusaur (<strong>Venusaur-Mega</strong>)!<br></div><div class="battle-history"><small>Pointed stones dug into Venusaur!</small><br></div><div class="spacer battle-history"><br></div><div class="battle-history">The opposing Clefable used <strong>Soft-Boiled</strong>!<br></div><div class="battle-history"><small>The opposing Clefable restored its HP.</small><br></div><div class="spacer battle-history"><br></div><div class="battle-history"><small>The opposing Clefable restored a little HP using its Leftovers!</small><br></div><div class="battle-history"><small>Venusaur was hurt by its burn!</small><br></div><div class="spacer battle-history"><br></div><h2 class="battle-history">Turn 56</h2><div class="spacer battle-history"><br></div><div class="battle-history">Gеrard Way withdrew Clefable!<br></div><div class="battle-history">Gеrard Way sent out Latias (<strong>Latias-Mega</strong>)!<br></div><div class="battle-history"><small>Pointed stones dug into the opposing Latias!</small><br></div><div class="spacer battle-history"><br></div><div class="battle-history">Venusaur used <strong>Sludge Bomb</strong>!<br></div><div class="battle-history"><small>(The opposing Latias lost <abbr title="−91/364">25%</abbr> of its health!)</small><br></div><div class="spacer battle-history"><br></div><div class="battle-history"><small>Venusaur was hurt by its burn!</small><br></div><div class="spacer battle-history"><br></div><h2 class="battle-history">Turn 57</h2><div class="spacer battle-history"><br></div><div class="battle-history">Venusaur, come back!<br></div><div class="battle-history">Go! <strong>Clefable</strong>!<br></div><div class="spacer battle-history"><br></div><div class="battle-history">The opposing Latias used <strong>Roost</strong>!<br></div><div class="battle-history"><small>The opposing Latias restored its HP.</small><br></div><div class="spacer battle-history"><br></div><div class="battle-history"><small>Clefable restored a little HP using its Leftovers!</small><br></div><div class="spacer battle-history"><br></div><h2 class="battle-history">Turn 58</h2><div class="spacer battle-history"><br></div><div class="battle-history">Gеrard Way withdrew Latias!<br></div><div class="battle-history">Gеrard Way sent out <strong>Toxapex</strong>!<br></div><div class="battle-history"><small>Pointed stones dug into the opposing Toxapex!</small><br></div><div class="spacer battle-history"><br></div><div class="battle-history">Clefable used <strong>Wish</strong>!<br></div><div class="spacer battle-history"><br></div><div class="battle-history"><small>The opposing Toxapex restored a little HP using its Black Sludge!</small><br></div><div class="spacer battle-history"><br></div><h2 class="battle-history">Turn 59</h2><div class="spacer battle-history"><br></div><div class="battle-history">Clefable, come back!<br></div><div class="battle-history">Go! Venusaur (<strong>Venusaur-Mega</strong>)!<br></div><div class="battle-history"><small>Pointed stones dug into Venusaur!</small><br></div><div class="spacer battle-history"><br></div><div class="battle-history">Gеrard Way withdrew Toxapex!<br></div><div class="battle-history">Gеrard Way sent out <strong>Clefable</strong>!<br></div><div class="spacer battle-history"><br></div><div class="battle-history"><small>Clefable's wish came true!</small><br></div><div class="battle-history"><small>The opposing Clefable restored a little HP using its Leftovers!</small><br></div><div class="battle-history"><small>Venusaur was hurt by its burn!</small><br></div><div class="spacer battle-history"><br></div><h2 class="battle-history">Turn 60</h2><div class="spacer battle-history"><br></div><div class="battle-history">Gеrard Way withdrew Clefable!<br></div><div class="battle-history">Gеrard Way sent out <strong>Toxapex</strong>!<br></div><div class="battle-history"><small>Pointed stones dug into the opposing Toxapex!</small><br></div><div class="spacer battle-history"><br></div><div class="battle-history">Venusaur used <strong>Roar</strong>!<br></div><div class="spacer battle-history"><br></div><div class="battle-history">Latias (<strong>Latias-Mega</strong>) was dragged out!<br></div><div class="battle-history"><small>Pointed stones dug into the opposing Latias!</small><br></div><div class="spacer battle-history"><br></div><div class="battle-history"><small>Venusaur was hurt by its burn!</small><br></div><div class="spacer battle-history"><br></div><h2 class="battle-history">Turn 61</h2><div class="spacer battle-history"><br></div><div class="battle-history">Venusaur, come back!<br></div><div class="battle-history">Go! <strong>Clefable</strong>!<br></div><div class="spacer battle-history"><br></div><div class="battle-history">The opposing Latias used <strong>Ice Beam</strong>!<br></div><div class="battle-history"><small>(Clefable lost <abbr title="−105/394">26.6%</abbr> of its health!)</small><br></div><div class="spacer battle-history"><br></div><div class="battle-history"><small>Clefable restored a little HP using its Leftovers!</small><br></div><div class="spacer battle-history"><br></div><h2 class="battle-history">Turn 62</h2><div class="spacer battle-history"><br></div><div class="battle-history">Gеrard Way withdrew Latias!<br></div><div class="battle-history">Gеrard Way sent out <strong>Clefable</strong>!<br></div><div class="spacer battle-history"><br></div><div class="battle-history">Clefable, come back!<br></div><div class="battle-history">Go! <strong>Zygarde</strong>!<br></div><div class="battle-history"><small>Pointed stones dug into Zygarde!</small><br></div><div class="battle-history"><small>[Zygarde's Aura Break]</small><br><small>Zygarde reversed all other Pokémon's auras!</small><br></div><div class="spacer battle-history"><br></div><div class="battle-history"><small>Zygarde restored a little HP using its Leftovers!</small><br></div><div class="battle-history"><small>The opposing Clefable restored a little HP using its Leftovers!</small><br></div><div class="spacer battle-history"><br></div><h2 class="battle-history">Turn 63</h2><div class="spacer battle-history"><br></div><div class="battle-history">Zygarde, come back!<br></div><div class="battle-history">Go! <strong>Clefable</strong>!<br></div><div class="spacer battle-history"><br></div><div class="battle-history">The opposing Clefable used <strong>Wish</strong>!<br></div><div class="spacer battle-history"><br></div><div class="battle-history"><small>Clefable restored a little HP using its Leftovers!</small><br></div><div class="spacer battle-history"><br></div><h2 class="battle-history">Turn 64</h2><div class="spacer battle-history"><br></div><div class="battle-history">Gеrard Way withdrew Clefable!<br></div><div class="battle-history">Gеrard Way sent out <strong>Doublade</strong>!<br></div><div class="battle-history"><small>Pointed stones dug into the opposing Doublade!</small><br></div><div class="spacer battle-history"><br></div><div class="battle-history">Clefable used <strong>Moonblast</strong>!<br></div><div class="battle-history"><small>It's not very effective...</small><br></div><div class="battle-history"><small>A critical hit!</small><br></div><div class="battle-history"><small>(The opposing Doublade lost <abbr title="−56/321">17.4%</abbr> of its health!)</small><br></div><div class="spacer battle-history"><br></div><div class="battle-history"><small>Clefable's wish came true!</small><br></div><div class="battle-history"><small>Clefable restored a little HP using its Leftovers!</small><br></div><div class="spacer battle-history"><br></div><h2 class="battle-history">Turn 65</h2><div class="spacer battle-history"><br></div><div class="battle-history">Clefable, come back!<br></div><div class="battle-history">Go! <strong>Zygarde</strong>!<br></div><div class="battle-history"><small>Pointed stones dug into Zygarde!</small><br></div><div class="battle-history"><small>[Zygarde's Aura Break]</small><br><small>Zygarde reversed all other Pokémon's auras!</small><br></div><div class="spacer battle-history"><br></div><div class="battle-history">The opposing Doublade used <strong>Shadow Claw</strong>!<br></div><div class="battle-history"><small>(Zygarde lost <abbr title="−84/357">23.5%</abbr> of its health!)</small><br></div><div class="spacer battle-history"><br></div><div class="battle-history"><small>Zygarde restored a little HP using its Leftovers!</small><br></div><div class="spacer battle-history"><br></div><h2 class="battle-history">Turn 66</h2><div class="spacer battle-history"><br></div><div class="battle-history">Gеrard Way withdrew Doublade!<br></div><div class="battle-history">Gеrard Way sent out <strong>Clefable</strong>!<br></div><div class="spacer battle-history"><br></div><div class="battle-history">Zygarde used <strong>Toxic</strong>!<br></div><div class="battle-history"><small>The opposing Clefable avoided the attack!</small><br></div><div class="spacer battle-history"><br></div><div class="battle-history"><small>Zygarde restored a little HP using its Leftovers!</small><br></div><div class="spacer battle-history"><br></div><h2 class="battle-history">Turn 67</h2><div class="spacer battle-history"><br></div><div class="battle-history">Zygarde, come back!<br></div><div class="battle-history">Go! Venusaur (<strong>Venusaur-Mega</strong>)!<br></div><div class="battle-history"><small>Pointed stones dug into Venusaur!</small><br></div><div class="spacer battle-history"><br></div><div class="battle-history">The opposing Clefable used <strong>Moonblast</strong>!<br></div><div class="battle-history"><small>It's not very effective...</small><br></div><div class="battle-history"><small>(Venusaur lost <abbr title="−34/363">9.4%</abbr> of its health!)</small><br></div><div class="spacer battle-history"><br></div><div class="battle-history"><small>Venusaur was hurt by its burn!</small><br></div><div class="spacer battle-history"><br></div><h2 class="battle-history">Turn 68</h2><div class="spacer battle-history"><br></div><div class="battle-history">Gеrard Way withdrew Clefable!<br></div><div class="battle-history">Gеrard Way sent out <strong>Toxapex</strong>!<br></div><div class="battle-history"><small>Pointed stones dug into the opposing Toxapex!</small><br></div><div class="spacer battle-history"><br></div><div class="battle-history">Venusaur used <strong>Hidden Power</strong>!<br></div><div class="battle-history"><small>It's not very effective...</small><br></div><div class="battle-history"><small>(The opposing Toxapex lost <abbr title="−15/304">4.9%</abbr> of its health!)</small><br></div><div class="spacer battle-history"><br></div><div class="battle-history"><small>The opposing Toxapex restored a little HP using its Black Sludge!</small><br></div><div class="battle-history"><small>Venusaur was hurt by its burn!</small><br></div><div class="spacer battle-history"><br></div><h2 class="battle-history">Turn 69</h2><div class="spacer battle-history"><br></div><div class="battle-history">Venusaur, come back!<br></div><div class="battle-history">Go! <strong>Clefable</strong>!<br></div><div class="spacer battle-history"><br></div><div class="battle-history">The opposing Toxapex used <strong>Toxic</strong>!<br></div><div class="battle-history"><small>But it failed!</small><br></div><div class="spacer battle-history"><br></div><div class="battle-history"><small>Clefable restored a little HP using its Leftovers!</small><br></div><div class="battle-history"><small>The opposing Toxapex restored a little HP using its Black Sludge!</small><br></div><div class="spacer battle-history"><br></div><h2 class="battle-history">Turn 70</h2><div class="spacer battle-history"><br></div><div class="battle-history">Clefable used <strong>Wish</strong>!<br></div><div class="spacer battle-history"><br></div><div class="battle-history">The opposing Toxapex used <strong>Toxic</strong>!<br></div><div class="battle-history"><small>But it failed!</small><br></div><div class="spacer battle-history"><br></div><div class="battle-history"><small>Clefable restored a little HP using its Leftovers!</small><br></div><div class="battle-history"><small>The opposing Toxapex restored a little HP using its Black Sludge!</small><br></div><div class="spacer battle-history"><br></div><h2 class="battle-history">Turn 71</h2><div class="spacer battle-history"><br></div><div class="battle-history">Clefable, come back!<br></div><div class="battle-history">Go! Venusaur (<strong>Venusaur-Mega</strong>)!<br></div><div class="battle-history"><small>Pointed stones dug into Venusaur!</small><br></div><div class="spacer battle-history"><br></div><div class="battle-history">The opposing Toxapex used <strong>Haze</strong>!<br></div><div class="battle-history"><small>All stat changes were eliminated!</small><br></div><div class="spacer battle-history"><br></div><div class="battle-history"><small>Clefable's wish came true!</small><br></div><div class="battle-history"><small>Venusaur was hurt by its burn!</small><br></div><div class="spacer battle-history"><br></div><h2 class="battle-history">Turn 72</h2><div class="spacer battle-history"><br></div><div class="battle-history">Venusaur, come back!<br></div><div class="battle-history">Go! <strong>Clefable</strong>!<br></div><div class="spacer battle-history"><br></div><div class="battle-history">The opposing Toxapex used <strong>Haze</strong>!<br></div><div class="battle-history"><small>All stat changes were eliminated!</small><br></div><div class="spacer battle-history"><br></div><h2 class="battle-history">Turn 73</h2><div class="spacer battle-history"><br></div><div class="battle-history">Clefable used <strong>Stealth Rock</strong>!<br></div><div class="battle-history"><small>But it failed!</small><br></div><div class="spacer battle-history"><br></div><div class="battle-history">The opposing Toxapex used <strong>Haze</strong>!<br></div><div class="battle-history"><small>All stat changes were eliminated!</small><br></div><div class="spacer battle-history"><br></div><h2 class="battle-history">Turn 74</h2><div class="spacer battle-history"><br></div><div class="battle-history">Clefable, come back!<br></div><div class="battle-history">Go! <strong>Zygarde</strong>!<br></div><div class="battle-history"><small>Pointed stones dug into Zygarde!</small><br></div><div class="battle-history"><small>[Zygarde's Aura Break]</small><br><small>Zygarde reversed all other Pokémon's auras!</small><br></div><div class="spacer battle-history"><br></div><div class="battle-history">The opposing Toxapex used <strong>Haze</strong>!<br></div><div class="battle-history"><small>All stat changes were eliminated!</small><br></div><div class="spacer battle-history"><br></div><div class="battle-history"><small>Zygarde restored a little HP using its Leftovers!</small><br></div><div class="spacer battle-history"><br></div><h2 class="battle-history">Turn 75</h2><div class="spacer battle-history"><br></div><div class="battle-history">Gеrard Way withdrew Toxapex!<br></div><div class="battle-history">Gеrard Way sent out <strong>Clefable</strong>!<br></div><div class="spacer battle-history"><br></div><div class="battle-history">Zygarde used <strong>Substitute</strong>!<br></div><div class="battle-history"><small>Zygarde put in a substitute!</small><br></div><div class="battle-history"><small>(Zygarde lost <abbr title="−89/357">24.9%</abbr> of its health!)</small><br></div><div class="spacer battle-history"><br></div><div class="battle-history"><small>Zygarde restored a little HP using its Leftovers!</small><br></div><div class="spacer battle-history"><br></div><h2 class="battle-history">Turn 76</h2><div class="spacer battle-history"><br></div><div class="battle-history">Zygarde used <strong>Thousand Arrows</strong>!<br></div><div class="battle-history"><small>(The opposing Clefable lost <abbr title="−136/394">34.5%</abbr> of its health!)</small><br></div><div class="spacer battle-history"><br></div><div class="battle-history">The opposing Clefable used <strong>Moonblast</strong>!<br></div><div class="battle-history"><small>It's super effective!</small><br></div><div class="battle-history"><small>Zygarde's substitute faded!</small><br></div><div class="spacer battle-history"><br></div><div class="battle-history"><small>Zygarde restored a little HP using its Leftovers!</small><br></div><div class="battle-history"><small>The opposing Clefable restored a little HP using its Leftovers!</small><br></div><div class="spacer battle-history"><br></div><h2 class="battle-history">Turn 77</h2><div class="spacer battle-history"><br></div><div class="battle-history">Zygarde, come back!<br></div><div class="battle-history">Go! <strong>Clefable</strong>!<br></div><div class="spacer battle-history"><br></div><div class="battle-history">The opposing Clefable used <strong>Soft-Boiled</strong>!<br></div><div class="battle-history"><small>The opposing Clefable restored its HP.</small><br></div><div class="spacer battle-history"><br></div><h2 class="battle-history">Turn 78</h2><div class="spacer battle-history"><br></div><div class="battle-history">Clefable used <strong>Moonblast</strong>!<br></div><div class="battle-history"><small>(The opposing Clefable lost <abbr title="−109/394">27.7%</abbr> of its health!)</small><br></div><div class="spacer battle-history"><br></div><div class="battle-history">The opposing Clefable used <strong>Wish</strong>!<br></div><div class="spacer battle-history"><br></div><div class="battle-history"><small>The opposing Clefable restored a little HP using its Leftovers!</small><br></div><div class="spacer battle-history"><br></div><h2 class="battle-history">Turn 79</h2><div class="spacer battle-history"><br></div><div class="battle-history">Gеrard Way withdrew Clefable!<br></div><div class="battle-history">Gеrard Way sent out <strong>Doublade</strong>!<br></div><div class="battle-history"><small>Pointed stones dug into the opposing Doublade!</small><br></div><div class="spacer battle-history"><br></div><div class="battle-history">Clefable, come back!<br></div><div class="battle-history">Go! <strong>Zygarde</strong>!<br></div><div class="battle-history"><small>Pointed stones dug into Zygarde!</small><br></div><div class="battle-history"><small>[Zygarde's Aura Break]</small><br><small>Zygarde reversed all other Pokémon's auras!</small><br></div><div class="spacer battle-history"><br></div><div class="battle-history"><small>Clefable's wish came true!</small><br></div><div class="battle-history"><small>Zygarde restored a little HP using its Leftovers!</small><br></div><div class="spacer battle-history"><br></div><h2 class="battle-history">Turn 80</h2><div class="spacer battle-history"><br></div><div class="battle-history">Gеrard Way withdrew Doublade!<br></div><div class="battle-history">Gеrard Way sent out Latias (<strong>Latias-Mega</strong>)!<br></div><div class="battle-history"><small>Pointed stones dug into the opposing Latias!</small><br></div><div class="spacer battle-history"><br></div><div class="battle-history">Zygarde used <strong>Thousand Arrows</strong>!<br></div><div class="battle-history"><small>(The opposing Latias lost <abbr title="−133/364">36.5%</abbr> of its health!)</small><br></div><div class="battle-history"><small>The opposing Latias fell straight down!</small><br></div><div class="spacer battle-history"><br></div><div class="battle-history"><small>Zygarde restored a little HP using its Leftovers!</small><br></div><div class="spacer battle-history"><br></div><h2 class="battle-history">Turn 81</h2><div class="spacer battle-history"><br></div><div class="battle-history">Zygarde, come back!<br></div><div class="battle-history">Go! <strong>Clefable</strong>!<br></div><div class="spacer battle-history"><br></div><div class="battle-history">The opposing Latias used <strong>Roost</strong>!<br></div><div class="battle-history"><small>The opposing Latias restored its HP.</small><br></div><div class="spacer battle-history"><br></div><h2 class="battle-history">Turn 82</h2><div class="spacer battle-history"><br></div><div class="battle-history">Gеrard Way withdrew Latias!<br></div><div class="battle-history">Gеrard Way sent out <strong>Doublade</strong>!<br></div><div class="battle-history"><small>Pointed stones dug into the opposing Doublade!</small><br></div><div class="spacer battle-history"><br></div><div class="battle-history">Clefable, come back!<br></div><div class="battle-history">Go! <strong>Zygarde</strong>!<br></div><div class="battle-history"><small>Pointed stones dug into Zygarde!</small><br></div><div class="battle-history"><small>[Zygarde's Aura Break]</small><br><small>Zygarde reversed all other Pokémon's auras!</small><br></div><div class="spacer battle-history"><br></div><div class="battle-history"><small>Zygarde restored a little HP using its Leftovers!</small><br></div><div class="spacer battle-history"><br></div><h2 class="battle-history">Turn 83</h2><div class="spacer battle-history"><br></div><div class="battle-history">Gеrard Way withdrew Doublade!<br></div><div class="battle-history">Gеrard Way sent out <strong>Clefable</strong>!<br></div><div class="spacer battle-history"><br></div><div class="battle-history">Zygarde used <strong>Substitute</strong>!<br></div><div class="battle-history"><small>Zygarde put in a substitute!</small><br></div><div class="battle-history"><small>(Zygarde lost <abbr title="−89/357">24.9%</abbr> of its health!)</small><br></div><div class="spacer battle-history"><br></div><div class="battle-history"><small>Zygarde restored a little HP using its Leftovers!</small><br></div><div class="battle-history"><small>The opposing Clefable restored a little HP using its Leftovers!</small><br></div><div class="spacer battle-history"><br></div><h2 class="battle-history">Turn 84</h2><div class="spacer battle-history"><br></div><div class="battle-history">Zygarde used <strong>Thousand Arrows</strong>!<br></div><div class="battle-history"><small>(The opposing Clefable lost <abbr title="−132/394">33.5%</abbr> of its health!)</small><br></div><div class="spacer battle-history"><br></div><div class="battle-history">The opposing Clefable used <strong>Moonblast</strong>!<br></div><div class="battle-history"><small>It's super effective!</small><br></div><div class="battle-history"><small>Zygarde's substitute faded!</small><br></div><div class="spacer battle-history"><br></div><div class="battle-history"><small>Zygarde restored a little HP using its Leftovers!</small><br></div><div class="battle-history"><small>The opposing Clefable restored a little HP using its Leftovers!</small><br></div><div class="spacer battle-history"><br></div><h2 class="battle-history">Turn 85</h2><div class="spacer battle-history"><br></div><div class="battle-history">Zygarde used <strong>Thousand Arrows</strong>!<br></div><div class="battle-history"><small>(The opposing Clefable lost <abbr title="−130/394">33.0%</abbr> of its health!)</small><br></div><div class="spacer battle-history"><br></div><div class="battle-history">The opposing Clefable used <strong>Soft-Boiled</strong>!<br></div><div class="battle-history"><small>The opposing Clefable restored its HP.</small><br></div><div class="spacer battle-history"><br></div><div class="battle-history"><small>Zygarde restored a little HP using its Leftovers!</small><br></div><div class="battle-history"><small>The opposing Clefable restored a little HP using its Leftovers!</small><br></div><div class="spacer battle-history"><br></div><h2 class="battle-history">Turn 86</h2><div class="spacer battle-history"><br></div><div class="battle-history">Zygarde, come back!<br></div><div class="battle-history">Go! <strong>Clefable</strong>!<br></div><div class="spacer battle-history"><br></div><div class="battle-history">The opposing Clefable used <strong>Moonblast</strong>!<br></div><div class="battle-history"><small>(Clefable lost <abbr title="−109/394">27.7%</abbr> of its health!)</small><br></div><div class="battle-history"><small>Clefable's Special Attack fell!</small><br></div><div class="spacer battle-history"><br></div><div class="battle-history"><small>The opposing Clefable restored a little HP using its Leftovers!</small><br></div><div class="battle-history"><small>Clefable restored a little HP using its Leftovers!</small><br></div><div class="spacer battle-history"><br></div><h2 class="battle-history">Turn 87</h2><div class="spacer battle-history"><br></div><div class="battle-history">Clefable, come back!<br></div><div class="battle-history">Go! Venusaur (<strong>Venusaur-Mega</strong>)!<br></div><div class="battle-history"><small>Pointed stones dug into Venusaur!</small><br></div><div class="spacer battle-history"><br></div><div class="battle-history">The opposing Clefable used <strong>Wish</strong>!<br></div><div class="spacer battle-history"><br></div><div class="battle-history"><small>The opposing Clefable restored a little HP using its Leftovers!</small><br></div><div class="battle-history"><small>Venusaur was hurt by its burn!</small><br></div><div class="spacer battle-history"><br></div><h2 class="battle-history">Turn 88</h2><div class="spacer battle-history"><br></div><div class="battle-history">Gеrard Way withdrew Clefable!<br></div><div class="battle-history">Gеrard Way sent out <strong>Doublade</strong>!<br></div><div class="battle-history"><small>Pointed stones dug into the opposing Doublade!</small><br></div><div class="spacer battle-history"><br></div><div class="battle-history">Venusaur used <strong>Roar</strong>!<br></div><div class="spacer battle-history"><br></div><div class="battle-history">Latias (<strong>Latias-Mega</strong>) was dragged out!<br></div><div class="battle-history"><small>Pointed stones dug into the opposing Latias!</small><br></div><div class="spacer battle-history"><br></div><div class="battle-history"><small>Clefable's wish came true!</small><br></div><div class="battle-history"><small>Venusaur was hurt by its burn!</small><br></div><div class="spacer battle-history"><br></div><h2 class="battle-history">Turn 89</h2><div class="spacer battle-history"><br></div><div class="battle-history">Venusaur, come back!<br></div><div class="battle-history">Go! <strong>Clefable</strong>!<br></div><div class="spacer battle-history"><br></div><div class="battle-history">The opposing Latias used <strong>Ice Beam</strong>!<br></div><div class="battle-history"><small>(Clefable lost <abbr title="−96/394">24.4%</abbr> of its health!)</small><br></div><div class="spacer battle-history"><br></div><div class="battle-history"><small>Clefable restored a little HP using its Leftovers!</small><br></div><div class="spacer battle-history"><br></div><h2 class="battle-history">Turn 90</h2><div class="spacer battle-history"><br></div><div class="battle-history">Gеrard Way withdrew Latias!<br></div><div class="battle-history">Gеrard Way sent out <strong>Bellossom</strong>!<br></div><div class="battle-history"><small>Pointed stones dug into the opposing Bellossom!</small><br></div><div class="spacer battle-history"><br></div><div class="battle-history">Clefable used <strong>Soft-Boiled</strong>!<br></div><div class="battle-history"><small>Clefable restored its HP.</small><br></div><div class="spacer battle-history"><br></div><h2 class="battle-history">Turn 91</h2><div class="spacer battle-history"><br></div><div class="battle-history">The opposing Bellossom used <strong>Quiver Dance</strong>!<br></div><div class="battle-history"><small>The opposing Bellossom's Special Attack rose!</small><br></div><div class="battle-history"><small>The opposing Bellossom's Special Defense rose!</small><br></div><div class="battle-history"><small>The opposing Bellossom's Speed rose!</small><br></div><div class="spacer battle-history"><br></div><div class="battle-history">Clefable used <strong>Wish</strong>!<br></div><div class="spacer battle-history"><br></div><h2 class="battle-history">Turn 92</h2><div class="spacer battle-history"><br></div><div class="battle-history">Clefable, come back!<br></div><div class="battle-history">Go! Venusaur (<strong>Venusaur-Mega</strong>)!<br></div><div class="battle-history"><small>Pointed stones dug into Venusaur!</small><br></div><div class="spacer battle-history"><br></div><div class="battle-history">The opposing Bellossom used <strong>Strength Sap</strong>!<br></div><div class="battle-history"><small>Venusaur's Attack fell!</small><br></div><div class="battle-history"><small>The opposing Bellossom restored its HP.</small><br></div><div class="spacer battle-history"><br></div><div class="battle-history"><small>Clefable's wish came true!</small><br></div><div class="battle-history"><small>Venusaur was hurt by its burn!</small><br></div><div class="spacer battle-history"><br></div><h2 class="battle-history">Turn 93</h2><div class="spacer battle-history"><br></div><div class="battle-history">Gеrard Way withdrew Bellossom!<br></div><div class="battle-history">Gеrard Way sent out <strong>Toxapex</strong>!<br></div><div class="battle-history"><small>Pointed stones dug into the opposing Toxapex!</small><br></div><div class="spacer battle-history"><br></div><div class="battle-history">Venusaur used <strong>Roar</strong>!<br></div><div class="spacer battle-history"><br></div><div class="battle-history">Latias (<strong>Latias-Mega</strong>) was dragged out!<br></div><div class="battle-history"><small>Pointed stones dug into the opposing Latias!</small><br></div><div class="spacer battle-history"><br></div><div class="battle-history"><small>Venusaur was hurt by its burn!</small><br></div><div class="spacer battle-history"><br></div><h2 class="battle-history">Turn 94</h2><div class="spacer battle-history"><br></div><div class="battle-history">The opposing Latias used <strong>Ice Beam</strong>!<br></div><div class="battle-history"><small>It's super effective!</small><br></div><div class="battle-history"><small>(Venusaur lost <abbr title="−56/363">15.4%</abbr> of its health!)</small><br></div><div class="spacer battle-history"><br></div><div class="battle-history">Venusaur used <strong>Sludge Bomb</strong>!<br></div><div class="battle-history"><small>(The opposing Latias lost <abbr title="−88/364">24.2%</abbr> of its health!)</small><br></div><div class="spacer battle-history"><br></div><div class="battle-history"><small>Venusaur was hurt by its burn!</small><br></div><div class="spacer battle-history"><br></div><h2 class="battle-history">Turn 95</h2><div class="spacer battle-history"><br></div><div class="battle-history">The opposing Latias used <strong>Roost</strong>!<br></div><div class="battle-history"><small>The opposing Latias restored its HP.</small><br></div><div class="spacer battle-history"><br></div><div class="battle-history">Venusaur used <strong>Sludge Bomb</strong>!<br></div><div class="battle-history"><small>A critical hit!</small><br></div><div class="battle-history"><small>(The opposing Latias lost <abbr title="−126/364">34.6%</abbr> of its health!)</small><br></div><div class="battle-history"><small>The opposing Latias was poisoned!</small><br></div><div class="spacer battle-history"><br></div><div class="battle-history"><small>The opposing Latias was hurt by poison!</small><br></div><div class="battle-history"><small>Venusaur was hurt by its burn!</small><br></div><div class="spacer battle-history"><br></div><h2 class="battle-history">Turn 96</h2><div class="spacer battle-history"><br></div><div class="battle-history">Venusaur, come back!<br></div><div class="battle-history">Go! <strong>Clefable</strong>!<br></div><div class="spacer battle-history"><br></div><div class="battle-history">The opposing Latias used <strong>Roost</strong>!<br></div><div class="battle-history"><small>The opposing Latias restored its HP.</small><br></div><div class="spacer battle-history"><br></div><div class="battle-history"><small>The opposing Latias was hurt by poison!</small><br></div><div class="spacer battle-history"><br></div><h2 class="battle-history">Turn 97</h2><div class="spacer battle-history"><br></div><div class="battle-history">Gеrard Way withdrew Latias!<br></div><div class="battle-history">Gеrard Way sent out <strong>Bellossom</strong>!<br></div><div class="battle-history"><small>Pointed stones dug into the opposing Bellossom!</small><br></div><div class="spacer battle-history"><br></div><div class="battle-history">Clefable used <strong>Moonblast</strong>!<br></div><div class="battle-history"><small>(The opposing Bellossom lost <abbr title="−112/353">31.7%</abbr> of its health!)</small><br></div><div class="battle-history"><small>The opposing Bellossom's Special Attack fell!</small><br></div><div class="spacer battle-history"><br></div><h2 class="battle-history">Turn 98</h2><div class="spacer battle-history"><br></div><div class="battle-history">The opposing Bellossom used <strong>Strength Sap</strong>!<br></div><div class="battle-history"><small>Clefable's Attack fell!</small><br></div><div class="battle-history"><small>The opposing Bellossom restored its HP.</small><br></div><div class="spacer battle-history"><br></div><div class="battle-history">Clefable used <strong>Moonblast</strong>!<br></div><div class="battle-history"><small>(The opposing Bellossom lost <abbr title="−111/353">31.4%</abbr> of its health!)</small><br></div><div class="spacer battle-history"><br></div><h2 class="battle-history">Turn 99</h2><div class="spacer battle-history"><br></div><div class="battle-history">The opposing Bellossom used <strong>Quiver Dance</strong>!<br></div><div class="battle-history"><small>The opposing Bellossom's Special Attack rose!</small><br></div><div class="battle-history"><small>The opposing Bellossom's Special Defense rose!</small><br></div><div class="battle-history"><small>The opposing Bellossom's Speed rose!</small><br></div><div class="spacer battle-history"><br></div><div class="battle-history">Clefable used <strong>Moonblast</strong>!<br></div><div class="battle-history"><small>(The opposing Bellossom lost <abbr title="−75/353">21.2%</abbr> of its health!)</small><br></div><div class="spacer battle-history"><br></div><h2 class="battle-history">Turn 100</h2><div class="spacer battle-history"><br></div><div class="battle-history">The opposing Bellossom used <strong>Strength Sap</strong>!<br></div><div class="battle-history"><small>Clefable's Attack fell!</small><br></div><div class="battle-history"><small>The opposing Bellossom restored its HP.</small><br></div><div class="spacer battle-history"><br></div><div class="battle-history">Clefable used <strong>Moonblast</strong>!<br></div><div class="battle-history"><small>(The opposing Bellossom lost <abbr title="−66/353">18.7%</abbr> of its health!)</small><br></div><div class="spacer battle-history"><br></div><h2 class="battle-history">Turn 101</h2><div class="spacer battle-history"><br></div><div class="battle-history">The opposing Bellossom used <strong>Quiver Dance</strong>!<br></div><div class="battle-history"><small>The opposing Bellossom's Special Attack rose!</small><br></div><div class="battle-history"><small>The opposing Bellossom's Special Defense rose!</small><br></div><div class="battle-history"><small>The opposing Bellossom's Speed rose!</small><br></div><div class="spacer battle-history"><br></div><div class="battle-history">Clefable used <strong>Moonblast</strong>!<br></div><div class="battle-history"><small>(The opposing Bellossom lost <abbr title="−58/353">16.4%</abbr> of its health!)</small><br></div><div class="spacer battle-history"><br></div><h2 class="battle-history">Turn 102</h2><div class="spacer battle-history"><br></div><div class="battle-history">The opposing Bellossom used <strong>Strength Sap</strong>!<br></div><div class="battle-history"><small>Clefable's Attack fell!</small><br></div><div class="battle-history"><small>The opposing Bellossom restored its HP.</small><br></div><div class="spacer battle-history"><br></div><div class="battle-history">Clefable used <strong>Moonblast</strong>!<br></div><div class="battle-history"><small>(The opposing Bellossom lost <abbr title="−51/353">14.4%</abbr> of its health!)</small><br></div><div class="spacer battle-history"><br></div><h2 class="battle-history">Turn 103</h2><div class="spacer battle-history"><br></div><div class="battle-history">The opposing Bellossom used <strong>Giga Drain</strong>!<br></div><div class="battle-history"><small>(Clefable lost <abbr title="−132/394">33.5%</abbr> of its health!)</small><br></div><div class="battle-history"><small>Clefable had its energy drained!</small><br></div><div class="spacer battle-history"><br></div><div class="battle-history">Clefable used <strong>Moonblast</strong>!<br></div><div class="battle-history"><small>(The opposing Bellossom lost <abbr title="−57/353">16.1%</abbr> of its health!)</small><br></div><div class="battle-history"><small>The opposing Bellossom's Special Attack fell!</small><br></div><div class="spacer battle-history"><br></div><div class="battle-history"><small>Clefable restored a little HP using its Leftovers!</small><br></div><div class="spacer battle-history"><br></div><h2 class="battle-history">Turn 104</h2><div class="spacer battle-history"><br></div><div class="battle-history">The opposing Bellossom used <strong>Quiver Dance</strong>!<br></div><div class="battle-history"><small>The opposing Bellossom's Special Attack rose!</small><br></div><div class="battle-history"><small>The opposing Bellossom's Special Defense rose!</small><br></div><div class="battle-history"><small>The opposing Bellossom's Speed rose!</small><br></div><div class="spacer battle-history"><br></div><div class="battle-history">Clefable used <strong>Wish</strong>!<br></div><div class="spacer battle-history"><br></div><div class="battle-history"><small>Clefable restored a little HP using its Leftovers!</small><br></div><div class="spacer battle-history"><br></div><h2 class="battle-history">Turn 105</h2><div class="spacer battle-history"><br></div><div class="battle-history">The opposing Bellossom used <strong>Strength Sap</strong>!<br></div><div class="battle-history"><small>Clefable's Attack fell!</small><br></div><div class="battle-history"><small>The opposing Bellossom restored its HP.</small><br></div><div class="spacer battle-history"><br></div><div class="battle-history">Clefable used <strong>Moonblast</strong>!<br></div><div class="battle-history"><small>(The opposing Bellossom lost <abbr title="−46/353">13.0%</abbr> of its health!)</small><br></div><div class="battle-history"><small>The opposing Bellossom's Special Attack fell!</small><br></div><div class="spacer battle-history"><br></div><div class="battle-history"><small>Clefable's wish came true!</small><br></div><div class="spacer battle-history"><br></div><h2 class="battle-history">Turn 106</h2><div class="spacer battle-history"><br></div><div class="battle-history">The opposing Bellossom used <strong>Quiver Dance</strong>!<br></div><div class="battle-history"><small>The opposing Bellossom's Special Attack rose!</small><br></div><div class="battle-history"><small>The opposing Bellossom's Special Defense rose!</small><br></div><div class="battle-history"><small>The opposing Bellossom's Speed rose!</small><br></div><div class="spacer battle-history"><br></div><div class="battle-history">Clefable used <strong>Stealth Rock</strong>!<br></div><div class="battle-history"><small>But it failed!</small><br></div><div class="spacer battle-history"><br></div><h2 class="battle-history">Turn 107</h2><div class="spacer battle-history"><br></div><div class="battle-history">The opposing Bellossom used <strong>Giga Drain</strong>!<br></div><div class="battle-history"><small>(Clefable lost <abbr title="−132/394">33.5%</abbr> of its health!)</small><br></div><div class="battle-history"><small>Clefable had its energy drained!</small><br></div><div class="spacer battle-history"><br></div><div class="battle-history">Clefable used <strong>Wish</strong>!<br></div><div class="spacer battle-history"><br></div><div class="battle-history"><small>Clefable restored a little HP using its Leftovers!</small><br></div><div class="spacer battle-history"><br></div><h2 class="battle-history">Turn 108</h2><div class="spacer battle-history"><br></div><div class="battle-history">Clefable, come back!<br></div><div class="battle-history">Go! Venusaur (<strong>Venusaur-Mega</strong>)!<br></div><div class="battle-history"><small>Pointed stones dug into Venusaur!</small><br></div><div class="spacer battle-history"><br></div><div class="battle-history">The opposing Bellossom used <strong>Strength Sap</strong>!<br></div><div class="battle-history"><small>Venusaur's Attack fell!</small><br></div><div class="battle-history"><small>The opposing Bellossom restored its HP.</small><br></div><div class="spacer battle-history"><br></div><div class="battle-history"><small>Clefable's wish came true!</small><br></div><div class="battle-history"><small>Venusaur was hurt by its burn!</small><br></div><div class="spacer battle-history"><br></div><h2 class="battle-history">Turn 109</h2><div class="spacer battle-history"><br></div><div class="battle-history">The opposing Bellossom used <strong>Hidden Power</strong>!<br></div><div class="battle-history"><small>(Venusaur lost <abbr title="−43/363">11.8%</abbr> of its health!)</small><br></div><div class="spacer battle-history"><br></div><div class="battle-history">Venusaur used <strong>Roar</strong>!<br></div><div class="spacer battle-history"><br></div><div class="battle-history"><strong>Clefable</strong> was dragged out!<br></div><div class="spacer battle-history"><br></div><div class="battle-history"><small>The opposing Clefable restored a little HP using its Leftovers!</small><br></div><div class="battle-history"><small>Venusaur was hurt by its burn!</small><br></div><div class="spacer battle-history"><br></div><h2 class="battle-history">Turn 110</h2><div class="spacer battle-history"><br></div><div class="battle-history">Gеrard Way withdrew Clefable!<br></div><div class="battle-history">Gеrard Way sent out <strong>Toxapex</strong>!<br></div><div class="battle-history"><small>Pointed stones dug into the opposing Toxapex!</small><br></div><div class="spacer battle-history"><br></div><div class="battle-history">Venusaur used <strong>Roar</strong>!<br></div><div class="spacer battle-history"><br></div><div class="battle-history"><strong>Bellossom</strong> was dragged out!<br></div><div class="battle-history"><small>Pointed stones dug into the opposing Bellossom!</small><br></div><div class="spacer battle-history"><br></div><div class="battle-history"><small>Venusaur was hurt by its burn!</small><br></div><div class="spacer battle-history"><br></div><h2 class="battle-history">Turn 111</h2><div class="spacer battle-history"><br></div><div class="battle-history">Gеrard Way withdrew Bellossom!<br></div><div class="battle-history">Gеrard Way sent out <strong>Toxapex</strong>!<br></div><div class="battle-history"><small>Pointed stones dug into the opposing Toxapex!</small><br></div><div class="spacer battle-history"><br></div><div class="battle-history">Venusaur used <strong>Sludge Bomb</strong>!<br></div><div class="battle-history"><small>It's not very effective...</small><br></div><div class="battle-history"><small>(The opposing Toxapex lost <abbr title="−38/304">12.5%</abbr> of its health!)</small><br></div><div class="spacer battle-history"><br></div><div class="battle-history"><small>The opposing Toxapex restored a little HP using its Black Sludge!</small><br></div><div class="battle-history"><small>Venusaur was hurt by its burn!</small><br></div><div class="spacer battle-history"><br></div><h2 class="battle-history">Turn 112</h2><div class="spacer battle-history"><br></div><div class="battle-history">Venusaur, come back!<br></div><div class="battle-history">Go! <strong>Clefable</strong>!<br></div><div class="spacer battle-history"><br></div><div class="battle-history">The opposing Toxapex used <strong>Scald</strong>!<br></div><div class="battle-history"><small>(Clefable lost <abbr title="−64/394">16.2%</abbr> of its health!)</small><br></div><div class="spacer battle-history"><br></div><div class="battle-history"><small>Clefable restored a little HP using its Leftovers!</small><br></div><div class="battle-history"><small>The opposing Toxapex restored a little HP using its Black Sludge!</small><br></div><div class="spacer battle-history"><br></div><h2 class="battle-history">Turn 113</h2><div class="chat chatmessage-narcombiano"><strong style="color:hsl(176,73%,39.666666666666664%)"><small>†</small><span class="username" data-name="Narcombiano">Narcombiano</span>:</strong> <em>viper, sucia</em></div><div class="chat chatmessage-narcombiano"><strong style="color:hsl(176,73%,39.666666666666664%)"><small>†</small><span class="username" data-name="Narcombiano">Narcombiano</span>:</strong> <em>tire ff</em></div><div class="chat chatmessage-narcombiano"><strong style="color:hsl(176,73%,39.666666666666664%)"><small>†</small><span class="username" data-name="Narcombiano">Narcombiano</span>:</strong> <em>que no está en war</em></div><div class="chat chatmessage-narcombiano"><strong style="color:hsl(176,73%,39.666666666666664%)"><small>†</small><span class="username" data-name="Narcombiano">Narcombiano</span>:</strong> <em>a.e</em></div><div class="chat chatmessage-grardway"><strong style="color:hsl(23,56%,44%)"><small>☆</small><span class="username" data-name="Gеrard Way">Gеrard Way</span>:</strong> <em>Mámelo lek a.a</em></div><div class="chat chatmessage-deebee"><strong style="color:hsl(295,81%,42.89183670195513%)"><small>@</small><span class="username" data-name="Dee✿Bee">Dee✿Bee</span>:</strong> <em>No te rindas, aún puedes c:</em></div><div class="chat chatmessage-grardway"><strong style="color:hsl(23,56%,44%)"><small>☆</small><span class="username" data-name="Gеrard Way">Gеrard Way</span>:</strong> <em>Por qué debería ser yo quien tire ff?</em></div><div class="chat chatmessage-grardway"><strong style="color:hsl(23,56%,44%)"><small>☆</small><span class="username" data-name="Gеrard Way">Gеrard Way</span>:</strong> <em>xd</em></div><div class="chat chatmessage-grardway"><strong style="color:hsl(23,56%,44%)"><small>☆</small><span class="username" data-name="Gеrard Way">Gеrard Way</span>:</strong> <em>Si gano ya</em></div><div class="chat chatmessage-grardway"><strong style="color:hsl(23,56%,44%)"><small>☆</small><span class="username" data-name="Gеrard Way">Gеrard Way</span>:</strong> <em>Lmao</em></div><div class="chat chatmessage-narcombiano"><strong style="color:hsl(176,73%,39.666666666666664%)"><small>†</small><span class="username" data-name="Narcombiano">Narcombiano</span>:</strong> <em>porque al otro no lo conozco</em></div><div class="spacer battle-history"><br></div><div class="battle-history">Clefable used <strong>Soft-Boiled</strong>!<br></div><div class="battle-history"><small>Clefable restored its HP.</small><br></div><div class="spacer battle-history"><br></div><div class="battle-history">The opposing Toxapex used <strong>Haze</strong>!<br></div><div class="battle-history"><small>All stat changes were eliminated!</small><br></div><div class="spacer battle-history"><br></div><div class="battle-history"><small>The opposing Toxapex restored a little HP using its Black Sludge!</small><br></div><div class="spacer battle-history"><br></div><h2 class="battle-history">Turn 114</h2><div class="chat chatmessage-narcombiano"><strong style="color:hsl(176,73%,39.666666666666664%)"><small>†</small><span class="username" data-name="Narcombiano">Narcombiano</span>:</strong> <em>jeje</em></div><div class="chat chatmessage-grardway"><strong style="color:hsl(23,56%,44%)"><small>☆</small><span class="username" data-name="Gеrard Way">Gеrard Way</span>:</strong> <em>Pásele sus fotos por pm</em></div><div class="chat chatmessage-grardway"><strong style="color:hsl(23,56%,44%)"><small>☆</small><span class="username" data-name="Gеrard Way">Gеrard Way</span>:</strong> <em>Y así da ff</em></div><div class="spacer battle-history"><br></div><div class="battle-history">Clefable used <strong>Stealth Rock</strong>!<br></div><div class="battle-history"><small>But it failed!</small><br></div><div class="spacer battle-history"><br></div><div class="battle-history">The opposing Toxapex used <strong>Haze</strong>!<br></div><div class="battle-history"><small>All stat changes were eliminated!</small><br></div><div class="spacer battle-history"><br></div><div class="battle-history"><small>The opposing Toxapex restored a little HP using its Black Sludge!</small><br></div><div class="spacer battle-history"><br></div><h2 class="battle-history">Turn 115</h2><div class="chat chatmessage-narcombiano"><strong style="color:hsl(176,73%,39.666666666666664%)"><small>†</small><span class="username" data-name="Narcombiano">Narcombiano</span>:</strong> <em>no que luego me acosa</em></div><div class="chat chatmessage-narcombiano"><strong style="color:hsl(176,73%,39.666666666666664%)"><small>†</small><span class="username" data-name="Narcombiano">Narcombiano</span>:</strong> <em>:T</em></div><div class="chat chatmessage-narcombiano"><strong style="color:hsl(176,73%,39.666666666666664%)"><small>†</small><span class="username" data-name="Narcombiano">Narcombiano</span>:</strong> <em>paso</em></div><div class="chat chatmessage-grardway"><strong style="color:hsl(23,56%,44%)"><small>☆</small><span class="username" data-name="Gеrard Way">Gеrard Way</span>:</strong> <em>Esa es la idea</em></div><div class="chat chatmessage-grardway"><strong style="color:hsl(23,56%,44%)"><small>☆</small><span class="username" data-name="Gеrard Way">Gеrard Way</span>:</strong> <em>jeje</em></div><div class="chat chatmessage-narcombiano"><strong style="color:hsl(176,73%,39.666666666666664%)"><small>†</small><span class="username" data-name="Narcombiano">Narcombiano</span>:</strong> <em>mámelo</em></div><div class="chat chatmessage-narcombiano"><strong style="color:hsl(176,73%,39.666666666666664%)"><small>†</small><span class="username" data-name="Narcombiano">Narcombiano</span>:</strong> <em>pásele sus nudes pues</em></div><div class="spacer battle-history"><br></div><div class="battle-history">Clefable, come back!<br></div><div class="battle-history">Go! <strong>Celesteela</strong>!<br></div><div class="battle-history"><small>Pointed stones dug into Celesteela!</small><br></div><div class="spacer battle-history"><br></div><div class="battle-history">The opposing Toxapex used <strong>Haze</strong>!<br></div><div class="battle-history"><small>All stat changes were eliminated!</small><br></div><div class="spacer battle-history"><br></div><div class="battle-history"><small>Celesteela restored a little HP using its Leftovers!</small><br></div><div class="battle-history"><small>Celesteela was hurt by its burn!</small><br></div><div class="spacer battle-history"><br></div><h2 class="battle-history">Turn 116</h2><div class="chat chatmessage-narcombiano"><strong style="color:hsl(176,73%,39.666666666666664%)"><small>†</small><span class="username" data-name="Narcombiano">Narcombiano</span>:</strong> <em>esas que le pasó a zeto</em></div><div class="chat chatmessage-narcombiano"><strong style="color:hsl(176,73%,39.666666666666664%)"><small>†</small><span class="username" data-name="Narcombiano">Narcombiano</span>:</strong> <em>uwu</em></div><div class="chat chatmessage-grardway"><strong style="color:hsl(23,56%,44%)"><small>☆</small><span class="username" data-name="Gеrard Way">Gеrard Way</span>:</strong> <em>jajajajajajaja</em></div><div class="chat chatmessage-grardway"><strong style="color:hsl(23,56%,44%)"><small>☆</small><span class="username" data-name="Gеrard Way">Gеrard Way</span>:</strong> <em>Le puedo pasar</em></div><div class="chat chatmessage-grardway"><strong style="color:hsl(23,56%,44%)"><small>☆</small><span class="username" data-name="Gеrard Way">Gеrard Way</span>:</strong> <em>Fotos de ojo</em></div><div class="spacer battle-history"><br></div><div class="battle-history">Gеrard Way withdrew Toxapex!<br></div><div class="battle-history">Gеrard Way sent out <strong>Bellossom</strong>!<br></div><div class="battle-history"><small>Pointed stones dug into the opposing Bellossom!</small><br></div><div class="spacer battle-history"><br></div><div class="battle-history">Celesteela used <strong>Flamethrower</strong>!<br></div><div class="battle-history"><small>It's super effective!</small><br></div><div class="battle-history"><small>(The opposing Bellossom lost <abbr title="−146/353">41.4%</abbr> of its health!)</small><br></div><div class="spacer battle-history"><br></div><div class="battle-history"><small>Celesteela restored a little HP using its Leftovers!</small><br></div><div class="battle-history"><small>Celesteela was hurt by its burn!</small><br></div><div class="spacer battle-history"><br></div><h2 class="battle-history">Turn 117</h2><div class="chat chatmessage-narcombiano"><strong style="color:hsl(176,73%,39.666666666666664%)"><small>†</small><span class="username" data-name="Narcombiano">Narcombiano</span>:</strong> <em>ojo te pasó nudes?</em></div><div class="chat chatmessage-narcombiano"><strong style="color:hsl(176,73%,39.666666666666664%)"><small>†</small><span class="username" data-name="Narcombiano">Narcombiano</span>:</strong> <em>:o</em></div><div class="chat chatmessage-grardway"><strong style="color:hsl(23,56%,44%)"><small>☆</small><span class="username" data-name="Gеrard Way">Gеrard Way</span>:</strong> <em>Me envió links que ni me atreví a abrir xd</em></div><div class="spacer battle-history"><br></div><div class="battle-history">The opposing Bellossom used <strong>Strength Sap</strong>!<br></div><div class="battle-history"><small>Celesteela's Attack fell!</small><br></div><div class="battle-history"><small>The opposing Bellossom restored its HP.</small><br></div><div class="spacer battle-history"><br></div><div class="battle-history">Celesteela used <strong>Flamethrower</strong>!<br></div><div class="battle-history"><small>It's super effective!</small><br></div><div class="battle-history"><small>(The opposing Bellossom lost <abbr title="−138/353">39.1%</abbr> of its health!)</small><br></div><div class="spacer battle-history"><br></div><div class="battle-history"><small>Celesteela restored a little HP using its Leftovers!</small><br></div><div class="battle-history"><small>Celesteela was hurt by its burn!</small><br></div><div class="spacer battle-history"><br></div><h2 class="battle-history">Turn 118</h2><div class="chat chatmessage-narcombiano"><strong style="color:hsl(176,73%,39.666666666666664%)"><small>†</small><span class="username" data-name="Narcombiano">Narcombiano</span>:</strong> <em>jajajajajajaja</em></div><div class="spacer battle-history"><br></div><div class="battle-history">The opposing Bellossom used <strong>Quiver Dance</strong>!<br></div><div class="battle-history"><small>The opposing Bellossom's Special Attack rose!</small><br></div><div class="battle-history"><small>The opposing Bellossom's Special Defense rose!</small><br></div><div class="battle-history"><small>The opposing Bellossom's Speed rose!</small><br></div><div class="spacer battle-history"><br></div><div class="battle-history">Celesteela used <strong>Flamethrower</strong>!<br></div><div class="battle-history"><small>It's super effective!</small><br></div><div class="battle-history"><small>(The opposing Bellossom lost <abbr title="−98/353">27.8%</abbr> of its health!)</small><br></div><div class="spacer battle-history"><br></div><div class="battle-history"><small>Celesteela restored a little HP using its Leftovers!</small><br></div><div class="battle-history"><small>Celesteela was hurt by its burn!</small><br></div><div class="spacer battle-history"><br></div><h2 class="battle-history">Turn 119</h2><div class="chat chatmessage-narcombiano"><strong style="color:hsl(176,73%,39.666666666666664%)"><small>†</small><span class="username" data-name="Narcombiano">Narcombiano</span>:</strong> <em>seguro era su buen pene colombiano</em></div><div class="chat chatmessage-grardway"><strong style="color:hsl(23,56%,44%)"><small>☆</small><span class="username" data-name="Gеrard Way">Gеrard Way</span>:</strong> <em>jajajajajaja</em></div><div class="chat chatmessage-grardway"><strong style="color:hsl(23,56%,44%)"><small>☆</small><span class="username" data-name="Gеrard Way">Gеrard Way</span>:</strong> <em>Viniendo de él</em></div><div class="chat chatmessage-grardway"><strong style="color:hsl(23,56%,44%)"><small>☆</small><span class="username" data-name="Gеrard Way">Gеrard Way</span>:</strong> <em>No me sorprendería</em></div><div class="spacer battle-history"><br></div><div class="battle-history">Celesteela, come back!<br></div><div class="battle-history">Go! Venusaur (<strong>Venusaur-Mega</strong>)!<br></div><div class="battle-history"><small>Pointed stones dug into Venusaur!</small><br></div><div class="spacer battle-history"><br></div><div class="battle-history">The opposing Bellossom used <strong>Quiver Dance</strong>!<br></div><div class="battle-history"><small>The opposing Bellossom's Special Attack rose!</small><br></div><div class="battle-history"><small>The opposing Bellossom's Special Defense rose!</small><br></div><div class="battle-history"><small>The opposing Bellossom's Speed rose!</small><br></div><div class="spacer battle-history"><br></div><div class="battle-history"><small>Venusaur was hurt by its burn!</small><br></div><div class="spacer battle-history"><br></div><h2 class="battle-history">Turn 120</h2><div class="chat chatmessage-narcombiano"><strong style="color:hsl(176,73%,39.666666666666664%)"><small>†</small><span class="username" data-name="Narcombiano">Narcombiano</span>:</strong> <em>o el paquete de un maniquí</em></div><div class="spacer battle-history"><br></div><div class="battle-history">The opposing Bellossom used <strong>Strength Sap</strong>!<br></div><div class="battle-history"><small>Venusaur's Attack fell!</small><br></div><div class="battle-history"><small>The opposing Bellossom restored its HP.</small><br></div><div class="spacer battle-history"><br></div><div class="battle-history">Venusaur used <strong>Roar</strong>!<br></div><div class="spacer battle-history"><br></div><div class="battle-history"><strong>Clefable</strong> was dragged out!<br></div><div class="spacer battle-history"><br></div><div class="battle-history"><small>The opposing Clefable restored a little HP using its Leftovers!</small><br></div><div class="battle-history"><small>Venusaur was hurt by its burn!</small><br></div><div class="spacer battle-history"><br></div><h2 class="battle-history">Turn 121</h2><div class="chat chatmessage-grardway"><strong style="color:hsl(23,56%,44%)"><small>☆</small><span class="username" data-name="Gеrard Way">Gеrard Way</span>:</strong> <em>JAJAJAJAJAJA</em></div><div class="chat chatmessage-grardway"><strong style="color:hsl(23,56%,44%)"><small>☆</small><span class="username" data-name="Gеrard Way">Gеrard Way</span>:</strong> <em>Lo triste es que ojo insiste de que fue cierto</em></div><div class="chat chatmessage-grardway"><strong style="color:hsl(23,56%,44%)"><small>☆</small><span class="username" data-name="Gеrard Way">Gеrard Way</span>:</strong> <em>Qué trauma</em></div><div class="spacer battle-history"><br></div><div class="battle-history">Venusaur, come back!<br></div><div class="battle-history">Go! <strong>Clefable</strong>!<br></div><div class="spacer battle-history"><br></div><div class="battle-history">Gеrard Way withdrew Clefable!<br></div><div class="battle-history">Gеrard Way sent out <strong>Toxapex</strong>!<br></div><div class="battle-history"><small>Pointed stones dug into the opposing Toxapex!</small><br></div><div class="spacer battle-history"><br></div><div class="battle-history"><small>The opposing Toxapex restored a little HP using its Black Sludge!</small><br></div><div class="spacer battle-history"><br></div><h2 class="battle-history">Turn 122</h2><div class="chat chatmessage-narcombiano"><strong style="color:hsl(176,73%,39.666666666666664%)"><small>†</small><span class="username" data-name="Narcombiano">Narcombiano</span>:</strong> <em>jajajajajaja, altos fetiches</em></div><div class="spacer battle-history"><br></div><div class="battle-history">Gеrard Way withdrew Toxapex!<br></div><div class="battle-history">Gеrard Way sent out <strong>Doublade</strong>!<br></div><div class="battle-history"><small>Pointed stones dug into the opposing Doublade!</small><br></div><div class="spacer battle-history"><br></div><div class="battle-history">Clefable used <strong>Wish</strong>!<br></div><div class="spacer battle-history"><br></div><h2 class="battle-history">Turn 123</h2><div class="spacer battle-history"><br></div><div class="battle-history">Clefable, come back!<br></div><div class="battle-history">Go! Venusaur (<strong>Venusaur-Mega</strong>)!<br></div><div class="battle-history"><small>Pointed stones dug into Venusaur!</small><br></div><div class="spacer battle-history"><br></div><div class="battle-history">The opposing Doublade used <strong>Shadow Claw</strong>!<br></div><div class="battle-history"><small>(Venusaur lost <abbr title="−79/363">21.8%</abbr> of its health!)</small><br></div><div class="spacer battle-history"><br></div><div class="battle-history"><small>Clefable's wish came true!</small><br></div><div class="battle-history"><small>Venusaur was hurt by its burn!</small><br></div><div class="spacer battle-history"><br></div><h2 class="battle-history">Turn 124</h2><div class="chat chatmessage-grardway"><strong style="color:hsl(23,56%,44%)"><small>☆</small><span class="username" data-name="Gеrard Way">Gеrard Way</span>:</strong> <em>Puta madre</em></div><div class="chat chatmessage-grardway"><strong style="color:hsl(23,56%,44%)"><small>☆</small><span class="username" data-name="Gеrard Way">Gеrard Way</span>:</strong> <em>Ahí era crit</em></div><div class="chat chatmessage-grardway"><strong style="color:hsl(23,56%,44%)"><small>☆</small><span class="username" data-name="Gеrard Way">Gеrard Way</span>:</strong> <em>Ahora esto durará</em></div><div class="chat chatmessage-grardway"><strong style="color:hsl(23,56%,44%)"><small>☆</small><span class="username" data-name="Gеrard Way">Gеrard Way</span>:</strong> <em>50 turnos más</em></div><div class="chat chatmessage-grardway"><strong style="color:hsl(23,56%,44%)"><small>☆</small><span class="username" data-name="Gеrard Way">Gеrard Way</span>:</strong> <em>:T</em></div><div class="chat chatmessage-narcombiano"><strong style="color:hsl(176,73%,39.666666666666664%)"><small>†</small><span class="username" data-name="Narcombiano">Narcombiano</span>:</strong> <em>eres un dolor de huevos</em></div><div class="chat chatmessage-narcombiano"><strong style="color:hsl(176,73%,39.666666666666664%)"><small>†</small><span class="username" data-name="Narcombiano">Narcombiano</span>:</strong> <em>desgraciado</em></div><div class="spacer battle-history"><br></div><div class="battle-history">Venusaur, come back!<br></div><div class="battle-history">Go! Landorus (<strong>Landorus-Therian</strong>)!<br></div><div class="battle-history"><small>Pointed stones dug into Landorus!</small><br></div><div class="battle-history"><small>[Landorus's Intimidate]</small><br></div><div class="battle-history"><small>The opposing Doublade's Attack fell!</small><br></div><div class="spacer battle-history"><br></div><div class="battle-history">The opposing Doublade used <strong>Swords Dance</strong>!<br></div><div class="battle-history"><small>The opposing Doublade's Attack rose sharply!</small><br></div><div class="spacer battle-history"><br></div><h2 class="battle-history">Turn 125</h2><div class="chat chatmessage-magno777"><strong style="color:hsl(331,82%,47%)"><small>☆</small><span class="username" data-name="magno777">magno777</span>:</strong> <em>me da sueño</em></div><div class="spacer battle-history"><br></div><div class="battle-history">Landorus used <strong>Defog</strong>!<br></div><div class="battle-history"><small>The opposing Doublade's evasiveness fell!</small><br></div><div class="battle-history"><small>The pointed stones disappeared from around the opposing team!</small><br></div><div class="battle-history"><small>The pointed stones disappeared from around your team!</small><br></div><div class="spacer battle-history"><br></div><div class="battle-history">The opposing Doublade used <strong>Shadow Claw</strong>!<br></div><div class="battle-history"><small>(Landorus lost <abbr title="−132/349">37.8%</abbr> of its health!)</small><br></div><div class="spacer battle-history"><br></div><h2 class="battle-history">Turn 126</h2><div class="spacer battle-history"><br></div><div class="battle-history">Landorus, come back!<br></div><div class="battle-history">Go! <strong>Celesteela</strong>!<br></div><div class="spacer battle-history"><br></div><div class="battle-history">The opposing Doublade used <strong>Shadow Claw</strong>!<br></div><div class="battle-history"><small>(Celesteela lost <abbr title="−96/398">24.1%</abbr> of its health!)</small><br></div><div class="spacer battle-history"><br></div><div class="battle-history"><small>Celesteela restored a little HP using its Leftovers!</small><br></div><div class="battle-history"><small>Celesteela was hurt by its burn!</small><br></div><div class="spacer battle-history"><br></div><h2 class="battle-history">Turn 127</h2><div class="spacer battle-history"><br></div><div class="battle-history">Gеrard Way withdrew Doublade!<br></div><div class="battle-history">Gеrard Way sent out <strong>Clefable</strong>!<br></div><div class="spacer battle-history"><br></div><div class="battle-history">Celesteela used <strong>Flamethrower</strong>!<br></div><div class="battle-history"><small>(The opposing Clefable lost <abbr title="−82/394">20.8%</abbr> of its health!)</small><br></div><div class="spacer battle-history"><br></div><div class="battle-history"><small>The opposing Clefable restored a little HP using its Leftovers!</small><br></div><div class="battle-history"><small>Celesteela restored a little HP using its Leftovers!</small><br></div><div class="battle-history"><small>Celesteela was hurt by its burn!</small><br></div><div class="spacer battle-history"><br></div><h2 class="battle-history">Turn 128</h2><div class="spacer battle-history"><br></div><div class="battle-history">Celesteela, come back!<br></div><div class="battle-history">Go! <strong>Clefable</strong>!<br></div><div class="spacer battle-history"><br></div><div class="battle-history">The opposing Clefable used <strong>Stealth Rock</strong>!<br></div><div class="battle-history"><small>Pointed stones float in the air around your team!</small><br></div><div class="spacer battle-history"><br></div><div class="battle-history"><small>The opposing Clefable restored a little HP using its Leftovers!</small><br></div><div class="spacer battle-history"><br></div><h2 class="battle-history">Turn 129</h2><div class="spacer battle-history"><br></div><div class="battle-history">Gеrard Way withdrew Clefable!<br></div><div class="battle-history">Gеrard Way sent out <strong>Doublade</strong>!<br></div><div class="spacer battle-history"><br></div><div class="battle-history">Clefable used <strong>Stealth Rock</strong>!<br></div><div class="battle-history"><small>Pointed stones float in the air around the opposing team!</small><br></div><div class="spacer battle-history"><br></div><h2 class="battle-history">Turn 130</h2><div class="spacer battle-history"><br></div><div class="battle-history">Clefable, come back!<br></div><div class="battle-history">Go! <strong>Zygarde</strong>!<br></div><div class="battle-history"><small>Pointed stones dug into Zygarde!</small><br></div><div class="battle-history"><small>[Zygarde's Aura Break]</small><br><small>Zygarde reversed all other Pokémon's auras!</small><br></div><div class="spacer battle-history"><br></div><div class="battle-history">The opposing Doublade used <strong>Swords Dance</strong>!<br></div><div class="battle-history"><small>The opposing Doublade's Attack rose sharply!</small><br></div><div class="spacer battle-history"><br></div><div class="battle-history"><small>Zygarde restored a little HP using its Leftovers!</small><br></div><div class="spacer battle-history"><br></div><h2 class="battle-history">Turn 131</h2><div class="spacer battle-history"><br></div><div class="battle-history">Zygarde used <strong>Thousand Arrows</strong>!<br></div><div class="battle-history"><small>It's super effective!</small><br></div><div class="battle-history"><small>(The opposing Doublade lost <abbr title="−146/321">45.5%</abbr> of its health!)</small><br></div><div class="spacer battle-history"><br></div><div class="battle-history">The opposing Doublade used <strong>Shadow Claw</strong>!<br></div><div class="battle-history"><small>(Zygarde lost <abbr title="−148/357">41.5%</abbr> of its health!)</small><br></div><div class="spacer battle-history"><br></div><div class="battle-history"><small>Zygarde restored a little HP using its Leftovers!</small><br></div><div class="spacer battle-history"><br></div><h2 class="battle-history">Turn 132</h2><div class="spacer battle-history"><br></div><div class="battle-history">Gеrard Way withdrew Doublade!<br></div><div class="battle-history">Gеrard Way sent out <strong>Clefable</strong>!<br></div><div class="spacer battle-history"><br></div><div class="battle-history">Zygarde used <strong>Thousand Arrows</strong>!<br></div><div class="battle-history"><small>(The opposing Clefable lost <abbr title="−136/394">34.5%</abbr> of its health!)</small><br></div><div class="spacer battle-history"><br></div><div class="battle-history"><small>Zygarde restored a little HP using its Leftovers!</small><br></div><div class="battle-history"><small>The opposing Clefable restored a little HP using its Leftovers!</small><br></div><div class="spacer battle-history"><br></div><h2 class="battle-history">Turn 133</h2><div class="spacer battle-history"><br></div><div class="battle-history">Zygarde used <strong>Thousand Arrows</strong>!<br></div><div class="battle-history"><small>(The opposing Clefable lost <abbr title="−133/394">33.8%</abbr> of its health!)</small><br></div><div class="spacer battle-history"><br></div><div class="battle-history">The opposing Clefable used <strong>Soft-Boiled</strong>!<br></div><div class="battle-history"><small>The opposing Clefable restored its HP.</small><br></div><div class="spacer battle-history"><br></div><div class="battle-history"><small>Zygarde restored a little HP using its Leftovers!</small><br></div><div class="battle-history"><small>The opposing Clefable restored a little HP using its Leftovers!</small><br></div><div class="spacer battle-history"><br></div><h2 class="battle-history">Turn 134</h2><div class="spacer battle-history"><br></div><div class="battle-history">Zygarde, come back!<br></div><div class="battle-history">Go! <strong>Clefable</strong>!<br></div><div class="spacer battle-history"><br></div><div class="battle-history">The opposing Clefable used <strong>Moonblast</strong>!<br></div><div class="battle-history"><small>(Clefable lost <abbr title="−126/394">32.0%</abbr> of its health!)</small><br></div><div class="spacer battle-history"><br></div><div class="battle-history"><small>The opposing Clefable restored a little HP using its Leftovers!</small><br></div><div class="battle-history"><small>Clefable restored a little HP using its Leftovers!</small><br></div><div class="spacer battle-history"><br></div><h2 class="battle-history">Turn 135</h2><div class="spacer battle-history"><br></div><div class="battle-history">Clefable used <strong>Wish</strong>!<br></div><div class="spacer battle-history"><br></div><div class="battle-history">The opposing Clefable used <strong>Wish</strong>!<br></div><div class="spacer battle-history"><br></div><div class="battle-history"><small>The opposing Clefable restored a little HP using its Leftovers!</small><br></div><div class="battle-history"><small>Clefable restored a little HP using its Leftovers!</small><br></div><div class="spacer battle-history"><br></div><h2 class="battle-history">Turn 136</h2><div class="spacer battle-history"><br></div><div class="battle-history">Clefable, come back!<br></div><div class="battle-history">Go! <strong>Zygarde</strong>!<br></div><div class="battle-history"><small>Pointed stones dug into Zygarde!</small><br></div><div class="battle-history"><small>[Zygarde's Aura Break]</small><br><small>Zygarde reversed all other Pokémon's auras!</small><br></div><div class="spacer battle-history"><br></div><div class="battle-history">Gеrard Way withdrew Clefable!<br></div><div class="battle-history">Gеrard Way sent out <strong>Doublade</strong>!<br></div><div class="battle-history"><small>Pointed stones dug into the opposing Doublade!</small><br></div><div class="spacer battle-history"><br></div><div class="battle-history"><small>Clefable's wish came true!</small><br></div><div class="battle-history"><small>Clefable's wish came true!</small><br></div><div class="battle-history"><small>Zygarde restored a little HP using its Leftovers!</small><br></div><div class="spacer battle-history"><br></div><h2 class="battle-history">Turn 137</h2><div class="spacer battle-history"><br></div><div class="battle-history">Gеrard Way withdrew Doublade!<br></div><div class="battle-history">Gеrard Way sent out <strong>Clefable</strong>!<br></div><div class="spacer battle-history"><br></div><div class="battle-history">Zygarde used <strong>Thousand Arrows</strong>!<br></div><div class="battle-history"><small>(The opposing Clefable lost <abbr title="−136/394">34.5%</abbr> of its health!)</small><br></div><div class="spacer battle-history"><br></div><div class="battle-history"><small>The opposing Clefable restored a little HP using its Leftovers!</small><br></div><div class="spacer battle-history"><br></div><h2 class="battle-history">Turn 138</h2><div class="spacer battle-history"><br></div><div class="battle-history">Zygarde used <strong>Thousand Arrows</strong>!<br></div><div class="battle-history"><small>A critical hit!</small><br></div><div class="battle-history"><small>(The opposing Clefable lost <abbr title="−208/394">52.8%</abbr> of its health!)</small><br></div><div class="spacer battle-history"><br></div><div class="battle-history">The opposing Clefable used <strong>Soft-Boiled</strong>!<br></div><div class="battle-history"><small>The opposing Clefable restored its HP.</small><br></div><div class="spacer battle-history"><br></div><div class="battle-history"><small>The opposing Clefable restored a little HP using its Leftovers!</small><br></div><div class="spacer battle-history"><br></div><h2 class="battle-history">Turn 139</h2><div class="chat chatmessage-grardway"><strong style="color:hsl(23,56%,44%)"><small>☆</small><span class="username" data-name="Gеrard Way">Gеrard Way</span>:</strong> <em>Puta madre, iba a meter moon</em></div><div class="chat chatmessage-grardway"><strong style="color:hsl(23,56%,44%)"><small>☆</small><span class="username" data-name="Gеrard Way">Gеrard Way</span>:</strong> <em>Casi pierdo jajajajajaja</em></div><div class="spacer battle-history"><br></div><div class="battle-history">Zygarde, come back!<br></div><div class="battle-history">Go! <strong>Clefable</strong>!<br></div><div class="spacer battle-history"><br></div><div class="battle-history">The opposing Clefable used <strong>Soft-Boiled</strong>!<br></div><div class="battle-history"><small>The opposing Clefable restored its HP.</small><br></div><div class="spacer battle-history"><br></div><div class="battle-history"><small>Clefable restored a little HP using its Leftovers!</small><br></div><div class="spacer battle-history"><br></div><h2 class="battle-history">Turn 140</h2><div class="spacer battle-history"><br></div><div class="battle-history">Gеrard Way withdrew Clefable!<br></div><div class="battle-history">Gеrard Way sent out <strong>Doublade</strong>!<br></div><div class="battle-history"><small>Pointed stones dug into the opposing Doublade!</small><br></div><div class="spacer battle-history"><br></div><div class="battle-history">Clefable used <strong>Wish</strong>!<br></div><div class="spacer battle-history"><br></div><div class="battle-history"><small>Clefable restored a little HP using its Leftovers!</small><br></div><div class="spacer battle-history"><br></div><h2 class="battle-history">Turn 141</h2><div class="spacer battle-history"><br></div><div class="battle-history">Clefable, come back!<br></div><div class="battle-history">Go! Landorus (<strong>Landorus-Therian</strong>)!<br></div><div class="battle-history"><small>Pointed stones dug into Landorus!</small><br></div><div class="battle-history"><small>[Landorus's Intimidate]</small><br></div><div class="battle-history"><small>The opposing Doublade's Attack fell!</small><br></div><div class="spacer battle-history"><br></div><div class="battle-history">The opposing Doublade used <strong>Swords Dance</strong>!<br></div><div class="battle-history"><small>The opposing Doublade's Attack rose sharply!</small><br></div><div class="spacer battle-history"><br></div><div class="battle-history"><small>Clefable's wish came true!</small><br></div><div class="spacer battle-history"><br></div><h2 class="battle-history">Turn 142</h2><div class="spacer battle-history"><br></div><div class="battle-history">Landorus used <strong>Earthquake</strong>!<br></div><div class="battle-history"><small>It's super effective!</small><br></div><div class="battle-history"><small>(The opposing Doublade lost <abbr title="−168/321">52.3%</abbr> of its health!)</small><br></div><div class="spacer battle-history"><br></div><div class="battle-history">The opposing Doublade used <strong>Shadow Claw</strong>!<br></div><div class="battle-history"><small>(Landorus lost <abbr title="−132/349">37.8%</abbr> of its health!)</small><br></div><div class="spacer battle-history"><br></div><h2 class="battle-history">Turn 143</h2><div class="chat chatmessage-narcombiano"><strong style="color:hsl(176,73%,39.666666666666664%)"><small>†</small><span class="username" data-name="Narcombiano">Narcombiano</span>:</strong> <em></em></div><div class="spacer battle-history"><br></div><div class="battle-history">Gеrard Way withdrew Doublade!<br></div><div class="battle-history">Gеrard Way sent out Landorus (<strong>Landorus-Therian</strong>)!<br></div><div class="battle-history"><small>Pointed stones dug into the opposing Landorus!</small><br></div><div class="battle-history"><small>[The opposing Landorus's Intimidate]</small><br></div><div class="battle-history"><small>Landorus's Attack fell!</small><br></div><div class="spacer battle-history"><br></div><div class="battle-history">Landorus used <strong>Earthquake</strong>!<br></div><div class="battle-history"><small>It doesn't affect the opposing Landorus...</small><br></div><div class="spacer battle-history"><br></div><h2 class="battle-history">Turn 144</h2><div class="spacer battle-history"><br></div><div class="battle-history">Landorus, come back!<br></div><div class="battle-history">Go! <strong>Clefable</strong>!<br></div><div class="spacer battle-history"><br></div><div class="battle-history">The opposing Landorus used <strong>U-turn</strong>!<br></div><div class="battle-history"><small>It's not very effective...</small><br></div><div class="battle-history"><small>(Clefable lost <abbr title="−42/394">10.7%</abbr> of its health!)</small><br></div><div class="spacer battle-history"><br></div><div class="battle-history">The opposing Landorus went back to Gеrard Way!<br></div><div class="battle-history">Gеrard Way sent out <strong>Clefable</strong>!<br></div><div class="spacer battle-history"><br></div><div class="battle-history"><small>Clefable restored a little HP using its Leftovers!</small><br></div><div class="spacer battle-history"><br></div><h2 class="battle-history">Turn 145</h2><div class="spacer battle-history"><br></div><div class="battle-history">The opposing Clefable used <strong>Wish</strong>!<br></div><div class="spacer battle-history"><br></div><div class="battle-history">Clefable used <strong>Wish</strong>!<br></div><div class="spacer battle-history"><br></div><div class="battle-history"><small>Clefable restored a little HP using its Leftovers!</small><br></div><div class="spacer battle-history"><br></div><h2 class="battle-history">Turn 146</h2><div class="spacer battle-history"><br></div><div class="battle-history">Clefable, come back!<br></div><div class="battle-history">Go! Landorus (<strong>Landorus-Therian</strong>)!<br></div><div class="battle-history"><small>Pointed stones dug into Landorus!</small><br></div><div class="battle-history"><small>[Landorus's Intimidate]</small><br></div><div class="battle-history"><small>The opposing Clefable's Attack fell!</small><br></div><div class="spacer battle-history"><br></div><div class="battle-history">Gеrard Way withdrew Clefable!<br></div><div class="battle-history">Gеrard Way sent out <strong>Doublade</strong>!<br></div><div class="battle-history"><small>Pointed stones dug into the opposing Doublade!</small><br></div><div class="spacer battle-history"><br></div><div class="battle-history"><small>Clefable's wish came true!</small><br></div><div class="battle-history"><small>Clefable's wish came true!</small><br></div><div class="spacer battle-history"><br></div><h2 class="battle-history">Turn 147</h2><div class="spacer battle-history"><br></div><div class="battle-history">Gеrard Way withdrew Doublade!<br></div><div class="battle-history">Gеrard Way sent out Landorus (<strong>Landorus-Therian</strong>)!<br></div><div class="battle-history"><small>Pointed stones dug into the opposing Landorus!</small><br></div><div class="battle-history"><small>[The opposing Landorus's Intimidate]</small><br></div><div class="battle-history"><small>Landorus's Attack fell!</small><br></div><div class="spacer battle-history"><br></div><div class="battle-history">Landorus used <strong>Hidden Power</strong>!<br></div><div class="battle-history"><small>It's super effective!</small><br></div><div class="battle-history"><small>A critical hit!</small><br></div><div class="battle-history"><small>(The opposing Landorus lost <abbr title="−111/319">34.8%</abbr> of its health!)</small><br></div><div class="spacer battle-history"><br></div><div class="battle-history">The opposing Landorus fainted!<br></div><div class="spacer battle-history"><br></div><div class="battle-history">Gеrard Way sent out <strong>Clefable</strong>!<br></div><div class="spacer battle-history"><br></div><h2 class="battle-history">Turn 148</h2><div class="spacer battle-history"><br></div><div class="battle-history">Landorus, come back!<br></div><div class="battle-history">Go! <strong>Clefable</strong>!<br></div><div class="spacer battle-history"><br></div><div class="battle-history">The opposing Clefable used <strong>Moonblast</strong>!<br></div><div class="battle-history"><small>(Clefable lost <abbr title="−109/394">27.7%</abbr> of its health!)</small><br></div><div class="battle-history"><small>Clefable's Special Attack fell!</small><br></div><div class="spacer battle-history"><br></div><div class="battle-history"><small>Clefable restored a little HP using its Leftovers!</small><br></div><div class="spacer battle-history"><br></div><h2 class="battle-history">Turn 149</h2><div class="spacer battle-history"><br></div><div class="battle-history">Gеrard Way withdrew Clefable!<br></div><div class="battle-history">Gеrard Way sent out <strong>Doublade</strong>!<br></div><div class="battle-history"><small>Pointed stones dug into the opposing Doublade!</small><br></div><div class="spacer battle-history"><br></div><div class="battle-history">Clefable used <strong>Soft-Boiled</strong>!<br></div><div class="battle-history"><small>Clefable restored its HP.</small><br></div><div class="spacer battle-history"><br></div><h2 class="battle-history">Turn 150</h2><div class="spacer battle-history"><br></div><div class="battle-history">Clefable, come back!<br></div><div class="battle-history">Go! <strong>Zygarde</strong>!<br></div><div class="battle-history"><small>Pointed stones dug into Zygarde!</small><br></div><div class="battle-history"><small>[Zygarde's Aura Break]</small><br><small>Zygarde reversed all other Pokémon's auras!</small><br></div><div class="spacer battle-history"><br></div><div class="battle-history">The opposing Doublade used <strong>Shadow Claw</strong>!<br></div><div class="battle-history"><small>A critical hit!</small><br></div><div class="battle-history"><small>(Zygarde lost <abbr title="−109/357">30.5%</abbr> of its health!)</small><br></div><div class="spacer battle-history"><br></div><div class="battle-history"><small>Zygarde restored a little HP using its Leftovers!</small><br></div><div class="spacer battle-history"><br></div><h2 class="battle-history">Turn 151</h2><div class="spacer battle-history"><br></div><div class="battle-history">Gеrard Way withdrew Doublade!<br></div><div class="battle-history">Gеrard Way sent out <strong>Clefable</strong>!<br></div><div class="spacer battle-history"><br></div><div class="battle-history">Zygarde used <strong>Thousand Arrows</strong>!<br></div><div class="battle-history"><small>(The opposing Clefable lost <abbr title="−139/394">35.3%</abbr> of its health!)</small><br></div><div class="spacer battle-history"><br></div><div class="battle-history"><small>Zygarde restored a little HP using its Leftovers!</small><br></div><div class="battle-history"><small>The opposing Clefable restored a little HP using its Leftovers!</small><br></div><div class="spacer battle-history"><br></div><h2 class="battle-history">Turn 152</h2><div class="spacer battle-history"><br></div><div class="battle-history">Zygarde, come back!<br></div><div class="battle-history">Go! <strong>Clefable</strong>!<br></div><div class="spacer battle-history"><br></div><div class="battle-history">The opposing Clefable used <strong>Moonblast</strong>!<br></div><div class="battle-history"><small>(Clefable lost <abbr title="−123/394">31.2%</abbr> of its health!)</small><br></div><div class="spacer battle-history"><br></div><div class="battle-history"><small>Clefable restored a little HP using its Leftovers!</small><br></div><div class="battle-history"><small>The opposing Clefable restored a little HP using its Leftovers!</small><br></div><div class="spacer battle-history"><br></div><h2 class="battle-history">Turn 153</h2><div class="spacer battle-history"><br></div><div class="battle-history">Gеrard Way withdrew Clefable!<br></div><div class="battle-history">Gеrard Way sent out <strong>Doublade</strong>!<br></div><div class="battle-history"><small>Pointed stones dug into the opposing Doublade!</small><br></div><div class="spacer battle-history"><br></div><div class="battle-history">Clefable used <strong>Moonblast</strong>!<br></div><div class="battle-history"><small>It's not very effective...</small><br></div><div class="battle-history"><small>A critical hit!</small><br></div><div class="battle-history"><small>(The opposing Doublade lost <abbr title="−54/321">16.8%</abbr> of its health!)</small><br></div><div class="spacer battle-history"><br></div><div class="battle-history"><small>Clefable restored a little HP using its Leftovers!</small><br></div><div class="spacer battle-history"><br></div><h2 class="battle-history">Turn 154</h2><div class="spacer battle-history"><br></div><div class="battle-history">Clefable, come back!<br></div><div class="battle-history">Go! <strong>Zygarde</strong>!<br></div><div class="battle-history"><small>Pointed stones dug into Zygarde!</small><br></div><div class="battle-history"><small>[Zygarde's Aura Break]</small><br><small>Zygarde reversed all other Pokémon's auras!</small><br></div><div class="spacer battle-history"><br></div><div class="battle-history">The opposing Doublade used <strong>Shadow Claw</strong>!<br></div><div class="battle-history"><small>(Zygarde lost <abbr title="−79/357">22.1%</abbr> of its health!)</small><br></div><div class="spacer battle-history"><br></div><div class="battle-history"><small>Zygarde restored a little HP using its Leftovers!</small><br></div><div class="spacer battle-history"><br></div><h2 class="battle-history">Turn 155</h2><div class="spacer battle-history"><br></div><div class="battle-history">Gеrard Way withdrew Doublade!<br></div><div class="battle-history">Gеrard Way sent out <strong>Clefable</strong>!<br></div><div class="spacer battle-history"><br></div><div class="battle-history">Zygarde used <strong>Thousand Arrows</strong>!<br></div><div class="battle-history"><small>(The opposing Clefable lost <abbr title="−133/394">33.8%</abbr> of its health!)</small><br></div><div class="spacer battle-history"><br></div><div class="battle-history"><small>Zygarde restored a little HP using its Leftovers!</small><br></div><div class="battle-history"><small>The opposing Clefable restored a little HP using its Leftovers!</small><br></div><div class="spacer battle-history"><br></div><h2 class="battle-history">Turn 156</h2><div class="spacer battle-history"><br></div><div class="battle-history">Zygarde, come back!<br></div><div class="battle-history">Go! <strong>Clefable</strong>!<br></div><div class="spacer battle-history"><br></div><div class="battle-history">The opposing Clefable used <strong>Soft-Boiled</strong>!<br></div><div class="battle-history"><small>The opposing Clefable restored its HP.</small><br></div><div class="spacer battle-history"><br></div><div class="battle-history"><small>The opposing Clefable restored a little HP using its Leftovers!</small><br></div><div class="battle-history"><small>Clefable restored a little HP using its Leftovers!</small><br></div><div class="spacer battle-history"><br></div><h2 class="battle-history">Turn 157</h2><div class="spacer battle-history"><br></div><div class="battle-history">Clefable used <strong>Moonblast</strong>!<br></div><div class="battle-history"><small>(The opposing Clefable lost <abbr title="−118/394">29.9%</abbr> of its health!)</small><br></div><div class="spacer battle-history"><br></div><div class="battle-history">The opposing Clefable used <strong>Wish</strong>!<br></div><div class="spacer battle-history"><br></div><div class="battle-history"><small>The opposing Clefable restored a little HP using its Leftovers!</small><br></div><div class="battle-history"><small>Clefable restored a little HP using its Leftovers!</small><br></div><div class="spacer battle-history"><br></div><h2 class="battle-history">Turn 158</h2><div class="spacer battle-history"><br></div><div class="battle-history">Clefable, come back!<br></div><div class="battle-history">Go! <strong>Zygarde</strong>!<br></div><div class="battle-history"><small>Pointed stones dug into Zygarde!</small><br></div><div class="battle-history"><small>[Zygarde's Aura Break]</small><br><small>Zygarde reversed all other Pokémon's auras!</small><br></div><div class="spacer battle-history"><br></div><div class="battle-history">Gеrard Way withdrew Clefable!<br></div><div class="battle-history">Gеrard Way sent out <strong>Doublade</strong>!<br></div><div class="battle-history"><small>Pointed stones dug into the opposing Doublade!</small><br></div><div class="spacer battle-history"><br></div><div class="battle-history"><small>Clefable's wish came true!</small><br></div><div class="battle-history"><small>Zygarde restored a little HP using its Leftovers!</small><br></div><div class="spacer battle-history"><br></div><h2 class="battle-history">Turn 159</h2><div class="spacer battle-history"><br></div><div class="battle-history">Gеrard Way withdrew Doublade!<br></div><div class="battle-history">Gеrard Way sent out <strong>Bellossom</strong>!<br></div><div class="battle-history"><small>Pointed stones dug into the opposing Bellossom!</small><br></div><div class="spacer battle-history"><br></div><div class="battle-history">Zygarde used <strong>Dragon Dance</strong>!<br></div><div class="battle-history"><small>Zygarde's Attack rose!</small><br></div><div class="battle-history"><small>Zygarde's Speed rose!</small><br></div><div class="spacer battle-history"><br></div><div class="battle-history"><small>Zygarde restored a little HP using its Leftovers!</small><br></div><div class="spacer battle-history"><br></div><h2 class="battle-history">Turn 160</h2><div class="spacer battle-history"><br></div><div class="battle-history">Zygarde used <strong>Dragon Dance</strong>!<br></div><div class="battle-history"><small>Zygarde's Attack rose!</small><br></div><div class="battle-history"><small>Zygarde's Speed rose!</small><br></div><div class="spacer battle-history"><br></div><div class="battle-history">The opposing Bellossom used <strong>Strength Sap</strong>!<br></div><div class="battle-history"><small>Zygarde's Attack fell!</small><br></div><div class="battle-history"><small>The opposing Bellossom restored its HP.</small><br></div><div class="spacer battle-history"><br></div><div class="battle-history"><small>Zygarde restored a little HP using its Leftovers!</small><br></div><div class="spacer battle-history"><br></div><h2 class="battle-history">Turn 161</h2><div class="spacer battle-history"><br></div><div class="battle-history">Zygarde used <strong>Substitute</strong>!<br></div><div class="battle-history"><small>Zygarde put in a substitute!</small><br></div><div class="battle-history"><small>(Zygarde lost <abbr title="−89/357">24.9%</abbr> of its health!)</small><br></div><div class="spacer battle-history"><br></div><div class="battle-history">The opposing Bellossom used <strong>Quiver Dance</strong>!<br></div><div class="battle-history"><small>The opposing Bellossom's Special Attack rose!</small><br></div><div class="battle-history"><small>The opposing Bellossom's Special Defense rose!</small><br></div><div class="battle-history"><small>The opposing Bellossom's Speed rose!</small><br></div><div class="spacer battle-history"><br></div><div class="battle-history"><small>Zygarde restored a little HP using its Leftovers!</small><br></div><div class="spacer battle-history"><br></div><h2 class="battle-history">Turn 162</h2><div class="spacer battle-history"><br></div><div class="battle-history">Zygarde used <strong>Thousand Arrows</strong>!<br></div><div class="battle-history"><small>It's not very effective...</small><br></div><div class="battle-history"><small>(The opposing Bellossom lost <abbr title="−122/353">34.6%</abbr> of its health!)</small><br></div><div class="spacer battle-history"><br></div><div class="battle-history">The opposing Bellossom used <strong>Quiver Dance</strong>!<br></div><div class="battle-history"><small>The opposing Bellossom's Special Attack rose!</small><br></div><div class="battle-history"><small>The opposing Bellossom's Special Defense rose!</small><br></div><div class="battle-history"><small>The opposing Bellossom's Speed rose!</small><br></div><div class="spacer battle-history"><br></div><div class="battle-history"><small>Zygarde restored a little HP using its Leftovers!</small><br></div><div class="spacer battle-history"><br></div><h2 class="battle-history">Turn 163</h2><div class="spacer battle-history"><br></div><div class="battle-history">Zygarde used <strong>Dragon Dance</strong>!<br></div><div class="battle-history"><small>Zygarde's Attack rose!</small><br></div><div class="battle-history"><small>Zygarde's Speed rose!</small><br></div><div class="spacer battle-history"><br></div><div class="battle-history">The opposing Bellossom used <strong>Giga Drain</strong>!<br></div><div class="battle-history"><small>A critical hit!</small><br></div><div class="battle-history"><small>Zygarde's substitute faded!</small><br></div><div class="battle-history"><small>Zygarde had its energy drained!</small><br></div><div class="spacer battle-history"><br></div><div class="battle-history"><small>Zygarde restored a little HP using its Leftovers!</small><br></div><div class="spacer battle-history"><br></div><h2 class="battle-history">Turn 164</h2><div class="spacer battle-history"><br></div><div class="battle-history">Zygarde used <strong>Thousand Arrows</strong>!<br></div><div class="battle-history"><small>It's not very effective...</small><br></div><div class="battle-history"><small>A critical hit!</small><br></div><div class="battle-history"><small>(The opposing Bellossom lost <abbr title="−228/353">64.6%</abbr> of its health!)</small><br></div><div class="spacer battle-history"><br></div><div class="battle-history">The opposing Bellossom used <strong>Giga Drain</strong>!<br></div><div class="battle-history"><small>(Zygarde lost <abbr title="−177/357">49.6%</abbr> of its health!)</small><br></div><div class="battle-history"><small>Zygarde had its energy drained!</small><br></div><div class="spacer battle-history"><br></div><div class="battle-history"><small>Zygarde restored a little HP using its Leftovers!</small><br></div><div class="spacer battle-history"><br></div><h2 class="battle-history">Turn 165</h2><div class="spacer battle-history"><br></div><div class="battle-history">Zygarde used <strong>Thousand Arrows</strong>!<br></div><div class="battle-history"><small>It's not very effective...</small><br></div><div class="battle-history"><small>(The opposing Bellossom lost <abbr title="−137/353">38.8%</abbr> of its health!)</small><br></div><div class="spacer battle-history"><br></div><div class="battle-history">The opposing Bellossom fainted!<br></div><div class="spacer battle-history"><br></div><div class="battle-history"><small>Zygarde restored a little HP using its Leftovers!</small><br></div><div class="chat chatmessage-grardway"><strong style="color:hsl(23,56%,44%)"><small>☆</small><span class="username" data-name="Gеrard Way">Gеrard Way</span>:</strong> <em>No jodas</em></div><div class="chat chatmessage-grardway"><strong style="color:hsl(23,56%,44%)"><small>☆</small><span class="username" data-name="Gеrard Way">Gеrard Way</span>:</strong> <em>jajajajajaja</em></div><div class="spacer battle-history"><br></div><div class="battle-history">Gеrard Way sent out <strong>Clefable</strong>!<br></div><div class="spacer battle-history"><br></div><h2 class="battle-history">Turn 166</h2><div class="spacer battle-history"><br></div><div class="battle-history">Zygarde used <strong>Thousand Arrows</strong>!<br></div><div class="battle-history"><small>(The opposing Clefable lost <abbr title="−267/394">67.8%</abbr> of its health!)</small><br></div><div class="spacer battle-history"><br></div><div class="battle-history">The opposing Clefable used <strong>Moonblast</strong>!<br></div><div class="battle-history"><small>It's super effective!</small><br></div><div class="battle-history"><small>(Zygarde lost <abbr title="−101/357">28.3%</abbr> of its health!)</small><br></div><div class="spacer battle-history"><br></div><div class="battle-history">Zygarde fainted!<br></div><div class="spacer battle-history"><br></div><div class="battle-history"><small>The opposing Clefable restored a little HP using its Leftovers!</small><br></div><div class="spacer battle-history"><br></div><div class="battle-history">Go! <strong>Greninja</strong>!<br></div><div class="battle-history"><small>Pointed stones dug into Greninja!</small><br></div><div class="spacer battle-history"><br></div><h2 class="battle-history">Turn 167</h2><div class="spacer battle-history"><br></div><div class="battle-history">Gеrard Way withdrew Clefable!<br></div><div class="battle-history">Gеrard Way sent out <strong>Toxapex</strong>!<br></div><div class="battle-history"><small>Pointed stones dug into the opposing Toxapex!</small><br></div><div class="spacer battle-history"><br></div><div class="battle-history">Greninja used <strong>Ice Beam</strong>!<br></div><div class="battle-history"><small>It's not very effective...</small><br></div><div class="battle-history"><small>(The opposing Toxapex lost <abbr title="−25/304">8.2%</abbr> of its health!)</small><br></div><div class="spacer battle-history"><br></div><div class="battle-history"><small>The opposing Toxapex restored a little HP using its Black Sludge!</small><br></div><div class="spacer battle-history"><br></div><h2 class="battle-history">Turn 168</h2><div class="spacer battle-history"><br></div><div class="battle-history">Greninja, come back!<br></div><div class="battle-history">Go! <strong>Clefable</strong>!<br></div><div class="spacer battle-history"><br></div><div class="battle-history">The opposing Toxapex used <strong>Scald</strong>!<br></div><div class="battle-history"><small>(Clefable lost <abbr title="−63/394">16.0%</abbr> of its health!)</small><br></div><div class="spacer battle-history"><br></div><div class="battle-history"><small>Clefable restored a little HP using its Leftovers!</small><br></div><div class="battle-history"><small>The opposing Toxapex restored a little HP using its Black Sludge!</small><br></div><div class="spacer battle-history"><br></div><h2 class="battle-history">Turn 169</h2><div class="spacer battle-history"><br></div><div class="battle-history">Clefable used <strong>Wish</strong>!<br></div><div class="spacer battle-history"><br></div><div class="battle-history">The opposing Toxapex used <strong>Haze</strong>!<br></div><div class="battle-history"><small>All stat changes were eliminated!</small><br></div><div class="spacer battle-history"><br></div><div class="battle-history"><small>Clefable restored a little HP using its Leftovers!</small><br></div><div class="battle-history"><small>The opposing Toxapex restored a little HP using its Black Sludge!</small><br></div><div class="spacer battle-history"><br></div><h2 class="battle-history">Turn 170</h2><div class="spacer battle-history"><br></div><div class="battle-history">Clefable, come back!<br></div><div class="battle-history">Go! <strong>Celesteela</strong>!<br></div><div class="battle-history"><small>Pointed stones dug into Celesteela!</small><br></div><div class="spacer battle-history"><br></div><div class="battle-history">The opposing Toxapex used <strong>Scald</strong>!<br></div><div class="battle-history"><small>(Celesteela lost <abbr title="−54/398">13.6%</abbr> of its health!)</small><br></div><div class="spacer battle-history"><br></div><div class="battle-history"><small>Clefable's wish came true!</small><br></div><div class="battle-history"><small>Celesteela restored a little HP using its Leftovers!</small><br></div><div class="battle-history"><small>The opposing Toxapex restored a little HP using its Black Sludge!</small><br></div><div class="battle-history"><small>Celesteela was hurt by its burn!</small><br></div><div class="spacer battle-history"><br></div><h2 class="battle-history">Turn 171</h2><div class="spacer battle-history"><br></div><div class="battle-history">Gеrard Way withdrew Toxapex!<br></div><div class="battle-history">Gеrard Way sent out Latias (<strong>Latias-Mega</strong>)!<br></div><div class="battle-history"><small>Pointed stones dug into the opposing Latias!</small><br></div><div class="spacer battle-history"><br></div><div class="battle-history">Celesteela used <strong>Heavy Slam</strong>!<br></div><div class="battle-history"><small>(The opposing Latias lost <abbr title="−58/364">15.9%</abbr> of its health!)</small><br></div><div class="spacer battle-history"><br></div><div class="battle-history"><small>Celesteela restored a little HP using its Leftovers!</small><br></div><div class="battle-history"><small>The opposing Latias was hurt by poison!</small><br></div><div class="battle-history"><small>Celesteela was hurt by its burn!</small><br></div><div class="spacer battle-history"><br></div><h2 class="battle-history">Turn 172</h2><div class="spacer battle-history"><br></div><div class="battle-history">Gеrard Way withdrew Latias!<br></div><div class="battle-history">Gеrard Way sent out <strong>Clefable</strong>!<br></div><div class="spacer battle-history"><br></div><div class="battle-history">Celesteela used <strong>Leech Seed</strong>!<br></div><div class="battle-history"><small>The opposing Clefable was seeded!</small><br></div><div class="spacer battle-history"><br></div><div class="battle-history"><small>The opposing Clefable restored a little HP using its Leftovers!</small><br></div><div class="battle-history"><small>Celesteela restored a little HP using its Leftovers!</small><br></div><div class="battle-history"><small>Celesteela was hurt by its burn!</small><br></div><div class="spacer battle-history"><br></div><h2 class="battle-history">Turn 173</h2><div class="spacer battle-history"><br></div><div class="battle-history">Celesteela, come back!<br></div><div class="battle-history">Go! <strong>Greninja</strong>!<br></div><div class="battle-history"><small>Pointed stones dug into Greninja!</small><br></div><div class="spacer battle-history"><br></div><div class="battle-history">The opposing Clefable used <strong>Soft-Boiled</strong>!<br></div><div class="battle-history"><small>The opposing Clefable restored its HP.</small><br></div><div class="spacer battle-history"><br></div><div class="battle-history"><small>The opposing Clefable restored a little HP using its Leftovers!</small><br></div><div class="spacer battle-history"><br></div><h2 class="battle-history">Turn 174</h2><div class="chat chatmessage-grardway"><strong style="color:hsl(23,56%,44%)"><small>☆</small><span class="username" data-name="Gеrard Way">Gеrard Way</span>:</strong> <em>Cuándo le das a la x?</em></div><div class="chat chatmessage-grardway"><strong style="color:hsl(23,56%,44%)"><small>☆</small><span class="username" data-name="Gеrard Way">Gеrard Way</span>:</strong> <em>:T</em></div><div class="spacer battle-history"><br></div><div class="battle-history">Gеrard Way withdrew Clefable!<br></div><div class="battle-history">Gеrard Way sent out <strong>Toxapex</strong>!<br></div><div class="battle-history"><small>Pointed stones dug into the opposing Toxapex!</small><br></div><div class="spacer battle-history"><br></div><div class="battle-history">Greninja used <strong>Hydro Pump</strong>!<br></div><div class="battle-history"><small>It's not very effective...</small><br></div><div class="battle-history"><small>A critical hit!</small><br></div><div class="battle-history"><small>(The opposing Toxapex lost <abbr title="−70/304">23.0%</abbr> of its health!)</small><br></div><div class="spacer battle-history"><br></div><div class="battle-history"><small>The opposing Toxapex restored a little HP using its Black Sludge!</small><br></div><div class="spacer battle-history"><br></div><h2 class="battle-history">Turn 175</h2><div class="spacer battle-history"><br></div><div class="battle-history">Greninja, come back!<br></div><div class="battle-history">Go! <strong>Clefable</strong>!<br></div><div class="spacer battle-history"><br></div><div class="battle-history">The opposing Toxapex used <strong>Toxic</strong>!<br></div><div class="battle-history"><small>But it failed!</small><br></div><div class="spacer battle-history"><br></div><div class="battle-history"><small>Clefable restored a little HP using its Leftovers!</small><br></div><div class="battle-history"><small>The opposing Toxapex restored a little HP using its Black Sludge!</small><br></div><div class="spacer battle-history"><br></div><h2 class="battle-history">Turn 176</h2><div class="spacer battle-history"><br></div><div class="battle-history">Gеrard Way withdrew Toxapex!<br></div><div class="battle-history">Gеrard Way sent out <strong>Doublade</strong>!<br></div><div class="battle-history"><small>Pointed stones dug into the opposing Doublade!</small><br></div><div class="spacer battle-history"><br></div><div class="battle-history">Clefable used <strong>Moonblast</strong>!<br></div><div class="battle-history"><small>It's not very effective...</small><br></div><div class="battle-history"><small>(The opposing Doublade lost <abbr title="−36/321">11.2%</abbr> of its health!)</small><br></div><div class="battle-history"><small>The opposing Doublade's Special Attack fell!</small><br></div><div class="spacer battle-history"><br></div><div class="battle-history"><small>Clefable restored a little HP using its Leftovers!</small><br></div><div class="spacer battle-history"><br></div><h2 class="battle-history">Turn 177</h2><div class="spacer battle-history"><br></div><div class="battle-history">Clefable, come back!<br></div><div class="battle-history">Go! <strong>Celesteela</strong>!<br></div><div class="battle-history"><small>Pointed stones dug into Celesteela!</small><br></div><div class="spacer battle-history"><br></div><div class="battle-history">The opposing Doublade used <strong>Swords Dance</strong>!<br></div><div class="battle-history"><small>The opposing Doublade's Attack rose sharply!</small><br></div><div class="spacer battle-history"><br></div><div class="battle-history"><small>Celesteela restored a little HP using its Leftovers!</small><br></div><div class="battle-history"><small>Celesteela was hurt by its burn!</small><br></div><div class="spacer battle-history"><br></div><h2 class="battle-history">Turn 178</h2><div class="spacer battle-history"><br></div><div class="battle-history">Celesteela used <strong>Flamethrower</strong>!<br></div><div class="battle-history"><small>It's super effective!</small><br></div><div class="battle-history"><small>A critical hit!</small><br></div><div class="battle-history"><small>(The opposing Doublade lost <abbr title="−164/321">51.1%</abbr> of its health!)</small><br></div><div class="spacer battle-history"><br></div><div class="battle-history">The opposing Doublade used <strong>Shadow Claw</strong>!<br></div><div class="battle-history"><small>(Celesteela lost <abbr title="−147/398">36.9%</abbr> of its health!)</small><br></div><div class="spacer battle-history"><br></div><div class="battle-history"><small>Celesteela restored a little HP using its Leftovers!</small><br></div><div class="battle-history"><small>Celesteela was hurt by its burn!</small><br></div><div class="spacer battle-history"><br></div><h2 class="battle-history">Turn 179</h2><div class="spacer battle-history"><br></div><div class="battle-history">Gеrard Way withdrew Doublade!<br></div><div class="battle-history">Gеrard Way sent out <strong>Clefable</strong>!<br></div><div class="spacer battle-history"><br></div><div class="battle-history">Celesteela used <strong>Leech Seed</strong>!<br></div><div class="battle-history"><small>The opposing Clefable was seeded!</small><br></div><div class="spacer battle-history"><br></div><div class="battle-history"><small>The opposing Clefable restored a little HP using its Leftovers!</small><br></div><div class="battle-history"><small>Celesteela restored a little HP using its Leftovers!</small><br></div><div class="battle-history"><small>Celesteela was hurt by its burn!</small><br></div><div class="spacer battle-history"><br></div><h2 class="battle-history">Turn 180</h2><div class="spacer battle-history"><br></div><div class="battle-history">Celesteela, come back!<br></div><div class="battle-history">Go! Venusaur (<strong>Venusaur-Mega</strong>)!<br></div><div class="battle-history"><small>Pointed stones dug into Venusaur!</small><br></div><div class="spacer battle-history"><br></div><div class="battle-history">The opposing Clefable used <strong>Moonblast</strong>!<br></div><div class="battle-history"><small>It's not very effective...</small><br></div><div class="battle-history"><small>(Venusaur lost <abbr title="−32/363">8.8%</abbr> of its health!)</small><br></div><div class="battle-history"><small>Venusaur's Special Attack fell!</small><br></div><div class="spacer battle-history"><br></div><div class="battle-history"><small>The opposing Clefable restored a little HP using its Leftovers!</small><br></div><div class="battle-history"><small>Venusaur was hurt by its burn!</small><br></div><div class="spacer battle-history"><br></div><h2 class="battle-history">Turn 181</h2><div class="spacer battle-history"><br></div><div class="battle-history">Gеrard Way withdrew Clefable!<br></div><div class="battle-history">Gеrard Way sent out <strong>Toxapex</strong>!<br></div><div class="battle-history"><small>Pointed stones dug into the opposing Toxapex!</small><br></div><div class="spacer battle-history"><br></div><div class="battle-history">Venusaur used <strong>Roar</strong>!<br></div><div class="spacer battle-history"><br></div><div class="battle-history"><strong>Doublade</strong> was dragged out!<br></div><div class="battle-history"><small>Pointed stones dug into the opposing Doublade!</small><br></div><div class="spacer battle-history"><br></div><div class="battle-history"><small>Venusaur was hurt by its burn!</small><br></div><div class="spacer battle-history"><br></div><h2 class="battle-history">Turn 182</h2><div class="spacer battle-history"><br></div><div class="battle-history">Gеrard Way withdrew Doublade!<br></div><div class="battle-history">Gеrard Way sent out <strong>Toxapex</strong>!<br></div><div class="battle-history"><small>Pointed stones dug into the opposing Toxapex!</small><br></div><div class="spacer battle-history"><br></div><div class="battle-history">Venusaur used <strong>Roar</strong>!<br></div><div class="spacer battle-history"><br></div><div class="battle-history"><strong>Doublade</strong> was dragged out!<br></div><div class="battle-history"><small>Pointed stones dug into the opposing Doublade!</small><br></div><div class="spacer battle-history"><br></div><div class="battle-history"><small>Venusaur was hurt by its burn!</small><br></div><div class="spacer battle-history"><br></div><h2 class="battle-history">Turn 183</h2><div class="spacer battle-history"><br></div><div class="battle-history">The opposing Doublade used <strong>Shadow Sneak</strong>!<br></div><div class="battle-history"><small>(Venusaur lost <abbr title="−42/363">11.6%</abbr> of its health!)</small><br></div><div class="spacer battle-history"><br></div><div class="battle-history">Venusaur used <strong>Roar</strong>!<br></div><div class="spacer battle-history"><br></div><div class="battle-history"><strong>Toxapex</strong> was dragged out!<br></div><div class="battle-history"><small>Pointed stones dug into the opposing Toxapex!</small><br></div><div class="spacer battle-history"><br></div><div class="battle-history"><small>The opposing Toxapex restored a little HP using its Black Sludge!</small><br></div><div class="battle-history"><small>Venusaur was hurt by its burn!</small><br></div><div class="spacer battle-history"><br></div><div class="battle-history">Venusaur fainted!<br></div><div class="spacer battle-history"><br></div><div class="battle-history">Go! Landorus (<strong>Landorus-Therian</strong>)!<br></div><div class="battle-history"><small>Pointed stones dug into Landorus!</small><br></div><div class="battle-history"><small>[Landorus's Intimidate]</small><br></div><div class="battle-history"><small>The opposing Toxapex's Attack fell!</small><br></div><div class="spacer battle-history"><br></div><h2 class="battle-history">Turn 184</h2><div class="spacer battle-history"><br></div><div class="battle-history">Landorus used <strong>U-turn</strong>!<br></div><div class="battle-history"><small>It's not very effective...</small><br></div><div class="battle-history"><small>(The opposing Toxapex lost <abbr title="−27/304">8.9%</abbr> of its health!)</small><br></div><div class="spacer battle-history"><br></div><div class="battle-history">Landorus went back to magno777!<br></div><div class="battle-history">Go! <strong>Clefable</strong>!<br></div><div class="spacer battle-history"><br></div><div class="battle-history">The opposing Toxapex used <strong>Scald</strong>!<br></div><div class="battle-history"><small>(Clefable lost <abbr title="−60/394">15.2%</abbr> of its health!)</small><br></div><div class="spacer battle-history"><br></div><div class="battle-history"><small>Clefable restored a little HP using its Leftovers!</small><br></div><div class="battle-history"><small>The opposing Toxapex restored a little HP using its Black Sludge!</small><br></div><div class="spacer battle-history"><br></div><h2 class="battle-history">Turn 185</h2><div class="spacer battle-history"><br></div><div class="battle-history">Clefable used <strong>Moonblast</strong>!<br></div><div class="battle-history"><small>It's not very effective...</small><br></div><div class="battle-history"><small>(The opposing Toxapex lost <abbr title="−30/304">9.9%</abbr> of its health!)</small><br></div><div class="spacer battle-history"><br></div><div class="battle-history">The opposing Toxapex used <strong>Haze</strong>!<br></div><div class="battle-history"><small>All stat changes were eliminated!</small><br></div><div class="spacer battle-history"><br></div><div class="battle-history"><small>Clefable restored a little HP using its Leftovers!</small><br></div><div class="battle-history"><small>The opposing Toxapex restored a little HP using its Black Sludge!</small><br></div><div class="spacer battle-history"><br></div><h2 class="battle-history">Turn 186</h2><div class="spacer battle-history"><br></div><div class="battle-history">Clefable, come back!<br></div><div class="battle-history">Go! Landorus (<strong>Landorus-Therian</strong>)!<br></div><div class="battle-history"><small>Pointed stones dug into Landorus!</small><br></div><div class="battle-history"><small>[Landorus's Intimidate]</small><br></div><div class="battle-history"><small>The opposing Toxapex's Attack fell!</small><br></div><div class="spacer battle-history"><br></div><div class="battle-history">The opposing Toxapex used <strong>Haze</strong>!<br></div><div class="battle-history"><small>All stat changes were eliminated!</small><br></div><div class="spacer battle-history"><br></div><div class="battle-history"><small>The opposing Toxapex restored a little HP using its Black Sludge!</small><br></div><div class="spacer battle-history"><br></div><h2 class="battle-history">Turn 187</h2><div class="spacer battle-history"><br></div><div class="battle-history">Landorus used <strong>Earthquake</strong>!<br></div><div class="battle-history"><small>It's super effective!</small><br></div><div class="battle-history"><small>(The opposing Toxapex lost <abbr title="−252/304">82.9%</abbr> of its health!)</small><br></div><div class="spacer battle-history"><br></div><div class="battle-history">The opposing Toxapex used <strong>Scald</strong>!<br></div><div class="battle-history"><small>It's super effective!</small><br></div><div class="battle-history"><small>(Landorus lost <abbr title="−140/349">40.1%</abbr> of its health!)</small><br></div><div class="spacer battle-history"><br></div><div class="battle-history"><small>The opposing Toxapex restored a little HP using its Black Sludge!</small><br></div><div class="spacer battle-history"><br></div><h2 class="battle-history">Turn 188</h2><div class="spacer battle-history"><br></div><div class="battle-history">Landorus, come back!<br></div><div class="battle-history">Go! <strong>Clefable</strong>!<br></div><div class="spacer battle-history"><br></div><div class="battle-history">Gеrard Way withdrew Toxapex!<br></div><div class="battle-history">Gеrard Way sent out Latias (<strong>Latias-Mega</strong>)!<br></div><div class="battle-history"><small>Pointed stones dug into the opposing Latias!</small><br></div><div class="spacer battle-history"><br></div><div class="battle-history"><small>Clefable restored a little HP using its Leftovers!</small><br></div><div class="battle-history"><small>The opposing Latias was hurt by poison!</small><br></div><div class="spacer battle-history"><br></div><h2 class="battle-history">Turn 189</h2><div class="spacer battle-history"><br></div><div class="battle-history">Gеrard Way withdrew Latias!<br></div><div class="battle-history">Gеrard Way sent out <strong>Toxapex</strong>!<br></div><div class="battle-history"><small>Pointed stones dug into the opposing Toxapex!</small><br></div><div class="spacer battle-history"><br></div><div class="battle-history">Clefable used <strong>Moonblast</strong>!<br></div><div class="battle-history"><small>It's not very effective...</small><br></div><div class="battle-history"><small>(The opposing Toxapex lost <abbr title="−32/304">10.5%</abbr> of its health!)</small><br></div><div class="battle-history"><small>The opposing Toxapex's Special Attack fell!</small><br></div><div class="spacer battle-history"><br></div><div class="battle-history"><small>The opposing Toxapex restored a little HP using its Black Sludge!</small><br></div><div class="spacer battle-history"><br></div><h2 class="battle-history">Turn 190</h2><div class="spacer battle-history"><br></div><div class="battle-history">Clefable, come back!<br></div><div class="battle-history">Go! <strong>Celesteela</strong>!<br></div><div class="battle-history"><small>Pointed stones dug into Celesteela!</small><br></div><div class="spacer battle-history"><br></div><div class="battle-history">The opposing Toxapex used <strong>Recover</strong>!<br></div><div class="battle-history"><small>The opposing Toxapex restored its HP.</small><br></div><div class="spacer battle-history"><br></div><div class="battle-history"><small>Celesteela restored a little HP using its Leftovers!</small><br></div><div class="battle-history"><small>The opposing Toxapex restored a little HP using its Black Sludge!</small><br></div><div class="battle-history"><small>Celesteela was hurt by its burn!</small><br></div><div class="spacer battle-history"><br></div><h2 class="battle-history">Turn 191</h2><div class="spacer battle-history"><br></div><div class="battle-history">Gеrard Way withdrew Toxapex!<br></div><div class="battle-history">Gеrard Way sent out <strong>Clefable</strong>!<br></div><div class="spacer battle-history"><br></div><div class="battle-history">Celesteela used <strong>Leech Seed</strong>!<br></div><div class="battle-history"><small>The opposing Clefable was seeded!</small><br></div><div class="spacer battle-history"><br></div><div class="battle-history"><small>The opposing Clefable restored a little HP using its Leftovers!</small><br></div><div class="battle-history"><small>Celesteela restored a little HP using its Leftovers!</small><br></div><div class="battle-history"><small>Celesteela was hurt by its burn!</small><br></div><div class="spacer battle-history"><br></div><h2 class="battle-history">Turn 192</h2><div class="spacer battle-history"><br></div><div class="battle-history">Celesteela, come back!<br></div><div class="battle-history">Go! <strong>Clefable</strong>!<br></div><div class="spacer battle-history"><br></div><div class="battle-history">The opposing Clefable used <strong>Moonblast</strong>!<br></div><div class="battle-history"><small>A critical hit!</small><br></div><div class="battle-history"><small>(Clefable lost <abbr title="−163/394">41.4%</abbr> of its health!)</small><br></div><div class="spacer battle-history"><br></div><div class="battle-history"><small>The opposing Clefable restored a little HP using its Leftovers!</small><br></div><div class="battle-history"><small>Clefable restored a little HP using its Leftovers!</small><br></div><div class="spacer battle-history"><br></div><h2 class="battle-history">Turn 193</h2><div class="spacer battle-history"><br></div><div class="battle-history">The opposing Clefable used <strong>Wish</strong>!<br></div><div class="spacer battle-history"><br></div><div class="battle-history">Clefable used <strong>Soft-Boiled</strong>!<br></div><div class="battle-history"><small>Clefable restored its HP.</small><br></div><div class="spacer battle-history"><br></div><h2 class="battle-history">Turn 194</h2><div class="spacer battle-history"><br></div><div class="battle-history">Clefable, come back!<br></div><div class="battle-history">Go! Landorus (<strong>Landorus-Therian</strong>)!<br></div><div class="battle-history"><small>Pointed stones dug into Landorus!</small><br></div><div class="battle-history"><small>[Landorus's Intimidate]</small><br></div><div class="battle-history"><small>The opposing Clefable's Attack fell!</small><br></div><div class="spacer battle-history"><br></div><div class="battle-history">The opposing Clefable used <strong>Moonblast</strong>!<br></div><div class="battle-history"><small>(Landorus lost <abbr title="−11/349">3.2%</abbr> of its health!)</small><br></div><div class="spacer battle-history"><br></div><div class="battle-history">Landorus fainted!<br></div><div class="spacer battle-history"><br></div><div class="battle-history">Go! <strong>Clefable</strong>!<br></div><div class="spacer battle-history"><br></div><h2 class="battle-history">Turn 195</h2><div class="spacer battle-history"><br></div><div class="battle-history">Gеrard Way withdrew Clefable!<br></div><div class="battle-history">Gеrard Way sent out <strong>Toxapex</strong>!<br></div><div class="battle-history"><small>Pointed stones dug into the opposing Toxapex!</small><br></div><div class="spacer battle-history"><br></div><div class="battle-history">Clefable used <strong>Moonblast</strong>!<br></div><div class="battle-history"><small>It's not very effective...</small><br></div><div class="battle-history"><small>(The opposing Toxapex lost <abbr title="−33/304">10.9%</abbr> of its health!)</small><br></div><div class="spacer battle-history"><br></div><div class="battle-history"><small>The opposing Toxapex restored a little HP using its Black Sludge!</small><br></div><div class="spacer battle-history"><br></div><h2 class="battle-history">Turn 196</h2><div class="spacer battle-history"><br></div><div class="battle-history">Clefable, come back!<br></div><div class="battle-history">Go! <strong>Greninja</strong>!<br></div><div class="battle-history"><small>Pointed stones dug into Greninja!</small><br></div><div class="spacer battle-history"><br></div><div class="battle-history">The opposing Toxapex used <strong>Haze</strong>!<br></div><div class="battle-history"><small>All stat changes were eliminated!</small><br></div><div class="spacer battle-history"><br></div><div class="battle-history"><small>The opposing Toxapex restored a little HP using its Black Sludge!</small><br></div><div class="spacer battle-history"><br></div><h2 class="battle-history">Turn 197</h2><div class="spacer battle-history"><br></div><div class="battle-history">Greninja, come back!<br></div><div class="battle-history">Go! <strong>Clefable</strong>!<br></div><div class="spacer battle-history"><br></div><div class="battle-history">The opposing Toxapex used <strong>Toxic</strong>!<br></div><div class="battle-history"><small>But it failed!</small><br></div><div class="spacer battle-history"><br></div><div class="battle-history"><small>The opposing Toxapex restored a little HP using its Black Sludge!</small><br></div><div class="spacer battle-history"><br></div><h2 class="battle-history">Turn 198</h2><div class="spacer battle-history"><br></div><div class="battle-history"><small>magno777 se rindió.</small><br></div><div class="spacer battle-history"><br></div><div class="battle-history"><strong>Gеrard Way</strong> won the battle!<br></div><div class="chat chatmessage-grardway"><strong style="color:hsl(23,56%,44%)"><small>☆</small><span class="username" data-name="Gеrard Way">Gеrard Way</span>:</strong> <em>Apenas da ff</em></div><div class="chat chatmessage-grardway"><strong style="color:hsl(23,56%,44%)"><small>☆</small><span class="username" data-name="Gеrard Way">Gеrard Way</span>:</strong> <em>Lmao</em></div></div><div class="inner-preempt"></div></div></div>
</div>
<script>
let daily = Math.floor(Date.now()/1000/60/60/24);document.write('<script src="https://play.pokemonshowdown.com/js/replay-embed.js?version'+daily+'"></'+'script>');
</script>
