<!DOCTYPE html>
<meta charset="utf-8" />
<!-- version 1 -->
<title>OU replay: Yeluu vs. ms pinguino 2</title>
<style>
html,body {font-family:Verdana, sans-serif;font-size:10pt;margin:0;padding:0;}body{padding:12px 0;} .battle-log {font-family:Verdana, sans-serif;font-size:10pt;} .battle-log-inline {border:1px solid #AAAAAA;background:#EEF2F5;color:black;max-width:640px;margin:0 auto 80px;padding-bottom:5px;} .battle-log .inner {padding:4px 8px 0px 8px;} .battle-log .inner-preempt {padding:0 8px 4px 8px;} .battle-log .inner-after {margin-top:0.5em;} .battle-log h2 {margin:0.5em -8px;padding:4px 8px;border:1px solid #AAAAAA;background:#E0E7EA;border-left:0;border-right:0;font-family:Verdana, sans-serif;font-size:13pt;} .battle-log .chat {vertical-align:middle;padding:3px 0 3px 0;font-size:8pt;} .battle-log .chat strong {color:#40576A;} .battle-log .chat em {padding:1px 4px 1px 3px;color:#000000;font-style:normal;} .chat.mine {background:rgba(0,0,0,0.05);margin-left:-8px;margin-right:-8px;padding-left:8px;padding-right:8px;} .spoiler {color:#BBBBBB;background:#BBBBBB;padding:0px 3px;} .spoiler:hover, .spoiler:active, .spoiler-shown {color:#000000;background:#E2E2E2;padding:0px 3px;} .spoiler a {color:#BBBBBB;} .spoiler:hover a, .spoiler:active a, .spoiler-shown a {color:#2288CC;} .chat code, .chat .spoiler:hover code, .chat .spoiler:active code, .chat .spoiler-shown code {border:1px solid #C0C0C0;background:#EEEEEE;color:black;padding:0 2px;} .chat .spoiler code {border:1px solid #CCCCCC;background:#CCCCCC;color:#CCCCCC;} .battle-log .rated {padding:3px 4px;} .battle-log .rated strong {color:white;background:#89A;padding:1px 4px;border-radius:4px;} .spacer {margin-top:0.5em;} .message-announce {background:#6688AA;color:white;padding:1px 4px 2px;} .message-announce a, .broadcast-green a, .broadcast-blue a, .broadcast-red a {color:#DDEEFF;} .broadcast-green {background-color:#559955;color:white;padding:2px 4px;} .broadcast-blue {background-color:#6688AA;color:white;padding:2px 4px;} .infobox {border:1px solid #6688AA;padding:2px 4px;} .infobox-limited {max-height:200px;overflow:auto;overflow-x:hidden;} .broadcast-red {background-color:#AA5544;color:white;padding:2px 4px;} .message-learn-canlearn {font-weight:bold;color:#228822;text-decoration:underline;} .message-learn-cannotlearn {font-weight:bold;color:#CC2222;text-decoration:underline;} .message-effect-weak {font-weight:bold;color:#CC2222;} .message-effect-resist {font-weight:bold;color:#6688AA;} .message-effect-immune {font-weight:bold;color:#666666;} .message-learn-list {margin-top:0;margin-bottom:0;} .message-throttle-notice, .message-error {color:#992222;} .message-overflow, .chat small.message-overflow {font-size:0pt;} .message-overflow::before {font-size:9pt;content:'...';} .subtle {color:#3A4A66;}
</style>
<div class="wrapper replay-wrapper" style="max-width:1180px;margin:0 auto">
<input type="hidden" name="replayid" value="destiny-ou-497744" />
<div class="battle"></div><div class="battle-log"></div><div class="replay-controls"></div><div class="replay-controls-2"></div>
<h1 style="font-weight:normal;text-align:center"><strong>OU</strong><br /><a href="http://pokemonshowdown.com/users/yeluu" class="subtle" target="_blank">Yeluu</a> vs. <a href="http://pokemonshowdown.com/users/mspinguino2" class="subtle" target="_blank">ms pinguino 2</a></h1>
<script type="text/plain" class="battle-log-data">|player|p1|Yeluu|yeluu-14.gif?11420050
|teamsize|p1|6
|player|p2|ms pinguino 2|mspinguino2-2.gif?584eb9aa
|teamsize|p2|6
|teamsize|p1|6
|teamsize|p2|6
|gametype|singles
|gen|7
|tier|OU
|seed|13365,41111,46089,47349
|rule|Cláusula-Mod de Dormir: solo puedes dormir a uno de tus oponentes a la vez.
|rule|Cláusula de Especie: Hasta un Pokémon de cada especie
|rule|Cláusula de Golpe Fulminante: los movimientos fulminantes (OHKO) estan prohibidos
|rule|Cláusula de Veleta: la habilidad Veleta está prohibida
|rule|Cláusula de Movimientos Evasivos: los movimientos de Evasión están prohibidos.
|rule|Cláusula de Batallas Eternas: forzar batallas eternas está prohibido
|clearpoke
|poke|p1|Clefable, M|item
|poke|p1|Zygarde|item
|poke|p1|Landorus-Therian, M|item
|poke|p1|Ferrothorn, M|item
|poke|p1|Heatran, M|item
|poke|p1|Latios, M|item
|poke|p2|Charizard, M, shiny|item
|poke|p2|Zeraora|item
|poke|p2|Mantine, F|item
|poke|p2|Tyranitar, M|item
|poke|p2|Tangrowth, M|item
|poke|p2|Excadrill, F|item
|teampreview|undefined
|c|☆ms pinguino 2|suerte
|c|☆Yeluu|dios
|c|☆Yeluu|si eso es char y
|choice|*team 321456|*
|choice|*|*team 423156
|choice|team 3, 2, 1, 4, 5, 6|team 4, 2, 3, 1, 5, 6
|
|start
|switch|p1a: Landorus|Landorus-Therian, M|319\/319
|switch|p2a: Tyranitar|Tyranitar, M|383\/383
|-ability|p1a: Landorus|Intimidate|boost
|-unboost|p2a: Tyranitar|atk|1
|-weather|Sandstorm|[from] ability: Sand Stream|[of] p2a: Tyranitar
|turn|1
|choice|*move 1|*
|choice|*|*switch 3
|choice|move uturn|switch 3
|
|switch|p2a: Mantine|Mantine, F|374\/374
|move|p1a: Landorus|U-turn|p2a: Mantine
|-resisted|p2a: Mantine
|-damage|p2a: Mantine|337\/374
|choice|*switch 4|*
|choice|switch 4|
|
|switch|p1a: Ferrothorn|Ferrothorn, M|352\/352|[from]move: U-turn
|
|-weather|Sandstorm|[upkeep]
|-damage|p2a: Mantine|314\/374|[from] sandstorm
|-heal|p2a: Mantine|337\/374|[from] item: Leftovers
|upkeep
|turn|2
|choice|*move 2|*
|choice|*|*switch 4
|choice|move leechseed|switch 4
|
|switch|p2a: Charizard|Charizard, M, shiny|297\/297
|move|p1a: Ferrothorn|Leech Seed|p2a: Charizard|[miss]
|-miss|p1a: Ferrothorn|p2a: Charizard
|
|-weather|Sandstorm|[upkeep]
|-damage|p2a: Charizard|279\/297|[from] sandstorm
|upkeep
|turn|3
|c|☆Yeluu|a_a
|c|☆ms pinguino 2|por algo tengo el titulo rey dle hax
|choice|*switch 6|*
|choice|*|*move 4 mega
|choice|switch 6|move focusblast mega
|
|switch|p1a: Latios|Latios, M|301\/301
|-mega|p2a: Charizard|Charizard|Charizardite Y
|detailschange|p2a: Charizard|Charizard-Mega-Y, M, shiny
|-weather|SunnyDay|[from] ability: Drought|[of] p2a: Charizard
|move|p2a: Charizard|Focus Blast|p1a: Latios|[miss]
|-miss|p2a: Charizard|p1a: Latios
|
|-weather|SunnyDay|[upkeep]
|upkeep
|turn|4
|c|+DanielDL|jajajajajaja
|choice|*move 1 mega|*
|c|+DanielDL|alv
|choice|*|*switch 3
|choice|move dracometeor mega|switch 3
|
|switch|p2a: Tyranitar|Tyranitar, M|383\/383
|-weather|Sandstorm|[from] ability: Sand Stream|[of] p2a: Tyranitar
|-mega|p1a: Latios|Latios|Latiosite
|detailschange|p1a: Latios|Latios-Mega, M
|move|p1a: Latios|Draco Meteor|p2a: Tyranitar
|-crit|p2a: Tyranitar
|-damage|p2a: Tyranitar|161\/383
|-unboost|p1a: Latios|spa|2
|
|-weather|Sandstorm|[upkeep]
|-damage|p1a: Latios|283\/301|[from] sandstorm
|upkeep
|turn|5
|c|+Javoon🐱|lol
|c|+Javoon🐱|av
|choice|*move 3|*
|choice|*|*move 3
|choice|move earthquake|move pursuit
|
|move|p1a: Latios|Earthquake|p2a: Tyranitar
|-supereffective|p2a: Tyranitar
|-damage|p2a: Tyranitar|0 fnt
|faint|p2a: Tyranitar
|
|-weather|Sandstorm|[upkeep]
|-damage|p1a: Latios|265\/301|[from] sandstorm
|upkeep
|c|☆Yeluu|izi
|choice|*|*switch 6
|choice||switch 6
|
|switch|p2a: Excadrill|Excadrill, F|361\/361
|turn|6
|choice|*switch 4|*
|choice|*|*move 4
|choice|switch 4|move swordsdance
|
|switch|p1a: Landorus|Landorus-Therian, M|319\/319
|-ability|p1a: Landorus|Intimidate|boost
|-unboost|p2a: Excadrill|atk|1
|move|p2a: Excadrill|Swords Dance|p2a: Excadrill
|-boost|p2a: Excadrill|atk|2
|
|-weather|Sandstorm|[upkeep]
|upkeep
|turn|7
|choice|*switch 6|*
|choice|*|*move 2
|choice|switch 6|move ironhead
|
|switch|p1a: Ferrothorn|Ferrothorn, M|352\/352
|move|p2a: Excadrill|Iron Head|p1a: Ferrothorn
|-resisted|p1a: Ferrothorn
|-damage|p1a: Ferrothorn|276\/352
|-damage|p2a: Excadrill|316\/361|[from] ability: Iron Barbs|[of] p1a: Ferrothorn
|
|-weather|Sandstorm|[upkeep]
|-heal|p1a: Ferrothorn|298\/352|[from] item: Leftovers
|upkeep
|turn|8
|choice|*|*move 4
|choice|*switch 6|*
|choice|switch 6|move swordsdance
|
|switch|p1a: Landorus|Landorus-Therian, M|319\/319
|-ability|p1a: Landorus|Intimidate|boost
|-unboost|p2a: Excadrill|atk|1
|move|p2a: Excadrill|Swords Dance|p2a: Excadrill
|-boost|p2a: Excadrill|atk|2
|
|-weather|none
|upkeep
|turn|9
|choice|*move 2|*
|choice|*|*switch 4
|choice|move earthquake|switch 4
|
|switch|p2a: Mantine|Mantine, F|337\/374
|move|p1a: Landorus|Earthquake|p2a: Mantine
|-immune|p2a: Mantine|[msg]
|
|-heal|p2a: Mantine|360\/374|[from] item: Leftovers
|upkeep
|turn|10
|choice|*switch 3|*
|choice|*|*switch 2
|choice|switch 3|switch 2
|
|switch|p1a: Clefable|Clefable, M|393\/393
|switch|p2a: Zeraora|Zeraora|317\/317
|
|upkeep
|turn|11
|choice|*|*move 1
|choice|*move 1|*
|choice|move stealthrock|move voltswitch
|
|move|p2a: Zeraora|Volt Switch|p1a: Clefable
|-crit|p1a: Clefable
|-damage|p1a: Clefable|234\/393
|choice|*|*switch 4
|choice||switch 4
|
|switch|p2a: Excadrill|Excadrill, F|316\/361|[from]move: Volt Switch
|move|p1a: Clefable|Stealth Rock|p2a: Excadrill
|-sidestart|p2: ms pinguino 2|move: Stealth Rock
|
|-heal|p1a: Clefable|258\/393|[from] item: Leftovers
|upkeep
|turn|12
|choice|*switch 3|*
|choice|*|*switch 2
|choice|switch 3|switch 2
|
|switch|p2a: Mantine|Mantine, F|360\/374
|-damage|p2a: Mantine|267\/374|[from] Stealth Rock
|switch|p1a: Landorus|Landorus-Therian, M|319\/319
|-ability|p1a: Landorus|Intimidate|boost
|-unboost|p2a: Mantine|atk|1
|
|-heal|p2a: Mantine|290\/374|[from] item: Leftovers
|upkeep
|turn|13
|choice|*move 1|*
|choice|*|*move 3
|choice|move uturn|move defog
|
|move|p1a: Landorus|U-turn|p2a: Mantine
|-resisted|p2a: Mantine
|-damage|p2a: Mantine|249\/374
|c|☆Yeluu|mantine en agosto 30
|c|☆Yeluu|oc
|choice|*switch 6|*
|choice|switch 6|
|
|switch|p1a: Ferrothorn|Ferrothorn, M|298\/352|[from]move: U-turn
|move|p2a: Mantine|Defog|p1a: Ferrothorn
|-unboost|p1a: Ferrothorn|evasion|1
|-sideend|p2: ms pinguino 2|Stealth Rock|[from] move: Defog|[of] p2a: Mantine
|
|-heal|p2a: Mantine|272\/374|[from] item: Leftovers
|-heal|p1a: Ferrothorn|320\/352|[from] item: Leftovers
|upkeep
|turn|14
|choice|*move 2|*
|choice|*|*switch 3
|choice|move leechseed|switch 3
|
|switch|p2a: Charizard|Charizard-Mega-Y, M, shiny|279\/297
|-weather|SunnyDay|[from] ability: Drought|[of] p2a: Charizard
|move|p1a: Ferrothorn|Leech Seed|p2a: Charizard
|-start|p2a: Charizard|move: Leech Seed
|
|-weather|SunnyDay|[upkeep]
|-heal|p1a: Ferrothorn|342\/352|[from] item: Leftovers
|-damage|p2a: Charizard|242\/297|[from] Leech Seed|[of] p1a: Ferrothorn
|-heal|p1a: Ferrothorn|352\/352|[silent]
|upkeep
|turn|15
|choice|*switch 4|*
|choice|*|*move 2
|choice|switch 4|move fireblast
|
|switch|p1a: Latios|Latios-Mega, M|265\/301
|move|p2a: Charizard|Fire Blast|p1a: Latios|[miss]
|-miss|p2a: Charizard|p1a: Latios
|
|-weather|SunnyDay|[upkeep]
|-damage|p2a: Charizard|205\/297|[from] Leech Seed|[of] p1a: Latios
|-heal|p1a: Latios|301\/301|[silent]
|upkeep
|turn|16
|choice|*move 2|*
|c|☆ms pinguino 2|esto no em gusta
|c|☆ms pinguino 2|xd
|choice|*|*switch 5
|choice|move psychic|switch 5
|
|switch|p2a: Tangrowth|Tangrowth, M|404\/404
|move|p1a: Latios|Psychic|p2a: Tangrowth
|-damage|p2a: Tangrowth|272\/404
|
|-weather|SunnyDay|[upkeep]
|upkeep
|turn|17
|c|☆Yeluu|igual no importo el miss
|c|☆Yeluu|:v
|choice|*switch 5|*
|choice|*|*switch 2
|choice|switch 5|switch 2
|
|switch|p1a: Heatran|Heatran, M|323\/323
|switch|p2a: Excadrill|Excadrill, F|316\/361
|
|-weather|SunnyDay|[upkeep]
|upkeep
|turn|18
|choice|*switch 6|*
|choice|*|*switch 4
|choice|switch 6|switch 4
|
|switch|p2a: Zeraora|Zeraora|317\/317
|switch|p1a: Landorus|Landorus-Therian, M|319\/319
|-ability|p1a: Landorus|Intimidate|boost
|-unboost|p2a: Zeraora|atk|1
|
|-weather|none
|upkeep
|turn|19
|choice|*switch 6|*
|choice|*switch 4|*
|choice|*|*switch 3
|choice|switch 4|switch 3
|
|switch|p2a: Mantine|Mantine, F|272\/374
|switch|p1a: Ferrothorn|Ferrothorn, M|352\/352
|
|-heal|p2a: Mantine|295\/374|[from] item: Leftovers
|upkeep
|turn|20
|choice|*|*switch 5
|choice|*move 2|*
|choice|move leechseed|switch 5
|
|switch|p2a: Charizard|Charizard-Mega-Y, M, shiny|205\/297
|-weather|SunnyDay|[from] ability: Drought|[of] p2a: Charizard
|move|p1a: Ferrothorn|Leech Seed|p2a: Charizard
|-start|p2a: Charizard|move: Leech Seed
|
|-weather|SunnyDay|[upkeep]
|-damage|p2a: Charizard|168\/297|[from] Leech Seed|[of] p1a: Ferrothorn
|upkeep
|turn|21
|choice|*switch 5|*
|choice|*|*move 1
|choice|switch 5|move roost
|
|switch|p1a: Latios|Latios-Mega, M|301\/301
|move|p2a: Charizard|Roost|p2a: Charizard
|-heal|p2a: Charizard|297\/297
|
|-weather|SunnyDay|[upkeep]
|-damage|p2a: Charizard|260\/297|[from] Leech Seed|[of] p1a: Latios
|upkeep
|turn|22
|choice|*|*switch 2
|choice|*switch 6|*
|choice|switch 6|switch 2
|
|switch|p1a: Heatran|Heatran, M|323\/323
|switch|p2a: Tangrowth|Tangrowth, M|404\/404
|
|-weather|SunnyDay|[upkeep]
|upkeep
|turn|23
|choice|*move 2|*
|choice|*|*switch 2
|choice|move magmastorm|switch 2
|
|switch|p2a: Charizard|Charizard-Mega-Y, M, shiny|260\/297
|move|p1a: Heatran|Magma Storm|p2a: Charizard
|-resisted|p2a: Charizard
|-damage|p2a: Charizard|139\/297
|-activate|p2a: Charizard|move: Magma Storm|[of] p1a: Heatran
|
|-weather|SunnyDay|[upkeep]
|-damage|p2a: Charizard|102\/297|[from] move: Magma Storm|[partiallytrapped]
|upkeep
|turn|24
|choice|*move 3|*
|choice|*|*move 4
|choice|move earthpower|move focusblast
|
|move|p2a: Charizard|Focus Blast|p1a: Heatran|[miss]
|-miss|p2a: Charizard|p1a: Heatran
|move|p1a: Heatran|Earth Power|p2a: Charizard
|-immune|p2a: Charizard|[msg]
|
|-weather|none
|-damage|p2a: Charizard|65\/297|[from] move: Magma Storm|[partiallytrapped]
|upkeep
|turn|25
|c|+DanielDL|verga
|choice|*|*move 1
|c|☆Yeluu|no mata tampoco
|c|+DanielDL|que hax
|c|☆Yeluu|y pq no roostea
|c|+DanielDL|xD
|c|✿red likе roses|uf
|c|+DanielDL|nananana
|c|☆ms pinguino 2|el tereoto emmataria
|c|☆ms pinguino 2|no soy idota
|c|☆ms pinguino 2|xd
|c|☆Yeluu|k
|choice|*switch 6|*
|choice|switch 6|move roost
|
|switch|p1a: Latios|Latios-Mega, M|301\/301
|move|p2a: Charizard|Roost|p2a: Charizard
|-heal|p2a: Charizard|214\/297
|
|upkeep
|turn|26
|c|✿red likе roses|uff
|c|+DanielDL|re sucio el yellow
|c|+DanielDL|jajajajajajaja
|c|☆Yeluu|humillao
|c|+DanielDL|humillado
|choice|*switch 4|*
|c|+DanielDL|no humilladisimo
|c|☆ms pinguino 2|juegos mentales
|c|☆ms pinguino 2|xd
|c|☆Yeluu|si si
|c|☆Yeluu|apura
|choice|*|*switch 2
|choice|switch 4|switch 2
|
|switch|p1a: Landorus|Landorus-Therian, M|319\/319
|-ability|p1a: Landorus|Intimidate|boost
|-unboost|p2a: Charizard|atk|1
|switch|p2a: Tangrowth|Tangrowth, M|404\/404
|
|upkeep
|turn|27
|c|☆Yeluu|no tengo toda la noche
|choice|*move 1|*
|choice|*|*move 2
|choice|move uturn|move knockoff
|
|move|p1a: Landorus|U-turn|p2a: Tangrowth
|-supereffective|p2a: Tangrowth
|-damage|p2a: Tangrowth|252\/404
|choice|*switch 5|*
|choice|switch 5|
|
|switch|p1a: Ferrothorn|Ferrothorn, M|352\/352|[from]move: U-turn
|move|p2a: Tangrowth|Knock Off|p1a: Ferrothorn
|-damage|p1a: Ferrothorn|294\/352
|-damage|p2a: Tangrowth|202\/404|[from] ability: Iron Barbs|[of] p1a: Ferrothorn
|-enditem|p1a: Ferrothorn|Leftovers|[from] move: Knock Off|[of] p2a: Tangrowth
|
|upkeep
|turn|28
|choice|*move 1|*
|choice|*|*switch 2
|choice|move spikes|switch 2
|
|switch|p2a: Charizard|Charizard-Mega-Y, M, shiny|214\/297
|-weather|SunnyDay|[from] ability: Drought|[of] p2a: Charizard
|move|p1a: Ferrothorn|Spikes|p2a: Charizard
|-sidestart|p2: ms pinguino 2|Spikes
|
|-weather|SunnyDay|[upkeep]
|upkeep
|turn|29
|choice|*switch 4|*
|choice|*|*switch 5
|choice|switch 4|switch 5
|
|switch|p2a: Mantine|Mantine, F|295\/374
|switch|p1a: Latios|Latios-Mega, M|301\/301
|
|-weather|SunnyDay|[upkeep]
|-heal|p2a: Mantine|318\/374|[from] item: Leftovers
|upkeep
|turn|30
|choice|*move 2|*
|c|☆Yeluu|esa mamada
|c|☆Yeluu|se usa fisica
|c|☆Yeluu|o especial
|c|☆Yeluu|?
|c|☆Yeluu|!dt mantine
|c|~|\/data-pokemon Mantine
|raw|<font size="1"><font color=#585858>Dex#:<\/font> 226&nbsp;|&ThickSpace;<font color=#585858>Gen:<\/font> 2&nbsp;|&ThickSpace;<font color=#585858>Altura:<\/font> 2.1 m&nbsp;|&ThickSpace;<font color=#585858>Peso:<\/font> 220 kg <em>(120 BP)<\/em>&nbsp;|&ThickSpace;<font color=#585858>Color:<\/font> Purple&nbsp;|&ThickSpace;<font color=#585858>Familia:<\/font> Water 1&nbsp;|&ThickSpace;<font color=#585858><font color=#585858>No Evoluciona<\/font><\/font><\/font>
|c|☆ms pinguino 2|de muchas formas
|c|☆ms pinguino 2|xd
|c|+DanielDL|esp
|c|+DanielDL|xDD
|c|☆Yeluu|2 walls especiales
|c|☆Yeluu|oc
|choice|*|*move 3
|choice|move psychic|move defog
|
|move|p1a: Latios|Psychic|p2a: Mantine
|-crit|p2a: Mantine
|-damage|p2a: Mantine|117\/374
|move|p2a: Mantine|Defog|p1a: Latios
|-unboost|p1a: Latios|evasion|1
|-sideend|p2: ms pinguino 2|Spikes|[from] move: Defog|[of] p2a: Mantine
|
|-weather|SunnyDay|[upkeep]
|-heal|p2a: Mantine|140\/374|[from] item: Leftovers
|upkeep
|turn|31
|c|+DanielDL|verga yellow
|choice|*move 1|*
|c|+DanielDL|que asco das
|c|+DanielDL|xDDD
|c|☆Yeluu|jejeje
|choice|*|*switch 2
|choice|move dracometeor|switch 2
|
|switch|p2a: Tangrowth|Tangrowth, M|336\/404
|move|p1a: Latios|Draco Meteor|p2a: Tangrowth
|-damage|p2a: Tangrowth|134\/404
|-unboost|p1a: Latios|spa|2
|
|-weather|SunnyDay|[upkeep]
|upkeep
|turn|32
|choice|*switch 6|*
|choice|*|*switch 5
|choice|*switch 4|*
|choice|switch 4|switch 5
|
|switch|p1a: Ferrothorn|Ferrothorn, M|294\/352
|switch|p2a: Charizard|Charizard-Mega-Y, M, shiny|214\/297
|
|-weather|none
|upkeep
|turn|33
|choice|*switch 4|*
|c|+DanielDL|predeci2
|c|☆Yeluu|ni sun tiene
|c|☆Yeluu|el rey
|c|+DanielDL|xDDDD
|c|☆ms pinguino 2|no se nesesita
|c|☆ms pinguino 2|xd
|c|+DanielDL|cierto jajajaja
|choice|*|*switch 2
|choice|switch 4|switch 2
|
|switch|p2a: Mantine|Mantine, F|140\/374
|switch|p1a: Latios|Latios-Mega, M|301\/301
|
|-heal|p2a: Mantine|163\/374|[from] item: Leftovers
|upkeep
|turn|34
|c|☆Yeluu|pero si le estoy jugando mas lineal
|c|☆Yeluu|que las nalgas de ஐCamila Cruzヤ
|choice|*|*move 2
|choice|*move 1|*
|choice|move dracometeor|move roost
|
|move|p1a: Latios|Draco Meteor|p2a: Mantine
|-damage|p2a: Mantine|0 fnt
|-unboost|p1a: Latios|spa|2
|faint|p2a: Mantine
|
|upkeep
|choice|*|*switch 3
|choice||switch 3
|
|switch|p2a: Zeraora|Zeraora|317\/317
|turn|35
|c|ஐCamila Cruzヤミ♥|k
|choice|*switch 4|*
|choice|*|*move 3
|choice|switch 4|move hiddenpower
|
|switch|p1a: Ferrothorn|Ferrothorn, M|294\/352
|move|p2a: Zeraora|Hidden Power|p1a: Ferrothorn
|-damage|p1a: Ferrothorn|257\/352
|
|upkeep
|turn|36
|c|+DanielDL|En este caso lo mejor es no predecir 👀
|c|☆Yeluu|0
|choice|*move 1|*
|choice|*move 2|*
|choice|*|*move 3
|choice|move leechseed|move hiddenpower
|
|move|p2a: Zeraora|Hidden Power|p1a: Ferrothorn
|-damage|p1a: Ferrothorn|218\/352
|move|p1a: Ferrothorn|Leech Seed|p2a: Zeraora
|-start|p2a: Zeraora|move: Leech Seed
|
|-damage|p2a: Zeraora|278\/317|[from] Leech Seed|[of] p1a: Ferrothorn
|-heal|p1a: Ferrothorn|257\/352|[silent]
|upkeep
|turn|37
|choice|*move 2|*
|choice|*|*switch 2
|choice|move leechseed|switch 2
|
|switch|p2a: Charizard|Charizard-Mega-Y, M, shiny|214\/297
|-weather|SunnyDay|[from] ability: Drought|[of] p2a: Charizard
|move|p1a: Ferrothorn|Leech Seed|p2a: Charizard
|-start|p2a: Charizard|move: Leech Seed
|
|-weather|SunnyDay|[upkeep]
|-damage|p2a: Charizard|177\/297|[from] Leech Seed|[of] p1a: Ferrothorn
|-heal|p1a: Ferrothorn|294\/352|[silent]
|upkeep
|turn|38
|choice|*switch 4|*
|choice|*|*switch 5
|choice|switch 4|switch 5
|
|switch|p2a: Tangrowth|Tangrowth, M|268\/404
|switch|p1a: Latios|Latios-Mega, M|301\/301
|
|-weather|SunnyDay|[upkeep]
|upkeep
|turn|39
|choice|*move 2|*
|choice|*|*switch 4
|choice|move psychic|switch 4
|
|switch|p2a: Excadrill|Excadrill, F|316\/361
|move|p1a: Latios|Psychic|p2a: Excadrill
|-resisted|p2a: Excadrill
|-damage|p2a: Excadrill|180\/361
|
|-weather|SunnyDay|[upkeep]
|upkeep
|turn|40
|choice|*move 3|*
|c|☆Yeluu|god plays
|choice|*|*switch 5
|choice|move earthquake|switch 5
|
|switch|p2a: Charizard|Charizard-Mega-Y, M, shiny|177\/297
|move|p1a: Latios|Earthquake|p2a: Charizard
|-immune|p2a: Charizard|[msg]
|
|-weather|SunnyDay|[upkeep]
|upkeep
|turn|41
|choice|*move 2|*
|choice|*|*switch 4
|choice|move psychic|switch 4
|
|switch|p2a: Tangrowth|Tangrowth, M|402\/404
|move|p1a: Latios|Psychic|p2a: Tangrowth
|-damage|p2a: Tangrowth|264\/404
|-unboost|p2a: Tangrowth|spd|1
|
|-weather|none
|upkeep
|turn|42
|choice|*move 2|*
|choice|*|*move 2
|choice|move psychic|move knockoff
|
|move|p1a: Latios|Psychic|p2a: Tangrowth
|-damage|p2a: Tangrowth|56\/404
|move|p2a: Tangrowth|Knock Off|p1a: Latios
|-supereffective|p1a: Latios
|-damage|p1a: Latios|203\/301
|
|upkeep
|turn|43
|choice|*move 2|*
|choice|*|*move 2
|choice|move psychic|move knockoff
|
|move|p1a: Latios|Psychic|p2a: Tangrowth
|-damage|p2a: Tangrowth|0 fnt
|faint|p2a: Tangrowth
|
|upkeep
|choice|*|*switch 2
|choice||switch 2
|
|switch|p2a: Zeraora|Zeraora|278\/317
|turn|44
|c|+DanielDL|Se viene el 6-0
|c|+DanielDL|xDD
|choice|*|*move 1
|choice|*switch 3|*
|choice|switch 3|move voltswitch
|
|switch|p1a: Clefable|Clefable, M|258\/393
|move|p2a: Zeraora|Volt Switch|p1a: Clefable
|-damage|p1a: Clefable|158\/393
|c|☆Yeluu|creo
|choice|*|*switch 4
|choice||switch 4
|
|switch|p2a: Charizard|Charizard-Mega-Y, M, shiny|177\/297|[from]move: Volt Switch
|-weather|SunnyDay|[from] ability: Drought|[of] p2a: Charizard
|
|-weather|SunnyDay|[upkeep]
|-heal|p1a: Clefable|182\/393|[from] item: Leftovers
|upkeep
|turn|45
|c|☆Yeluu|que esa mamada
|c|☆Yeluu|es scarf
|c|+DanielDL|jajajajaja
|c|☆Yeluu|zeraora scarf
|c|☆ms pinguino 2|si fuera el otor charizar ganaba
|c|☆Yeluu|☆ms pinguino 2?
|c|☆ms pinguino 2|xd
|choice|*switch 3|*
|choice|*|*switch 4
|choice|switch 3|switch 4
|
|switch|p2a: Zeraora|Zeraora|278\/317
|switch|p1a: Latios|Latios-Mega, M|203\/301
|
|-weather|SunnyDay|[upkeep]
|upkeep
|turn|46
|choice|*switch 4|*
|c|+DanielDL|kick kick kick buttowski
|choice|*|*move 3
|choice|switch 4|move hiddenpower
|
|switch|p1a: Ferrothorn|Ferrothorn, M|294\/352
|move|p2a: Zeraora|Hidden Power|p1a: Ferrothorn
|-damage|p1a: Ferrothorn|258\/352
|
|-weather|SunnyDay|[upkeep]
|upkeep
|turn|47
|choice|*|*switch 4
|choice|*move 2|*
|choice|move leechseed|switch 4
|
|switch|p2a: Charizard|Charizard-Mega-Y, M, shiny|177\/297
|move|p1a: Ferrothorn|Leech Seed|p2a: Charizard|[miss]
|-miss|p1a: Ferrothorn|p2a: Charizard
|
|-weather|SunnyDay|[upkeep]
|upkeep
|turn|48
|choice|*switch 4|*
|choice|*|*move 2
|choice|switch 4|move fireblast
|
|switch|p1a: Latios|Latios-Mega, M|203\/301
|move|p2a: Charizard|Fire Blast|p1a: Latios
|-resisted|p1a: Latios
|-damage|p1a: Latios|42\/301
|
|-weather|none
|upkeep
|turn|49
|choice|*move 4|*
|choice|*|*move 4
|choice|move roost|move focusblast
|
|move|p1a: Latios|Roost|p1a: Latios
|-heal|p1a: Latios|193\/301
|move|p2a: Charizard|Focus Blast|p1a: Latios
|-resisted|p1a: Latios
|-damage|p1a: Latios|121\/301
|
|upkeep
|turn|50
|choice|*move 4|*
|c|☆ms pinguino 2|esperaba bajar la def especial
|c|☆ms pinguino 2|xd
|choice|*|*switch 5
|choice|move roost|switch 5
|
|switch|p2a: Excadrill|Excadrill, F|180\/361
|move|p1a: Latios|Roost|p1a: Latios
|-heal|p1a: Latios|272\/301
|
|upkeep
|turn|51
|choice|*move 3|*
|choice|*|*move 2
|choice|move earthquake|move ironhead
|
|move|p1a: Latios|Earthquake|p2a: Excadrill
|-supereffective|p2a: Excadrill
|-damage|p2a: Excadrill|0 fnt
|faint|p2a: Excadrill
|
|upkeep
|choice|*|*switch 4
|choice||switch 4
|
|switch|p2a: Zeraora|Zeraora|278\/317
|turn|52
|c|か❣Star Yonaka|lindo 6-0
|choice|*move 2|*
|c|か❣Star Yonaka|👀
|c|☆ms pinguino 2|esto me dolera
|c|☆ms pinguino 2|xd
|choice|*|*move 1
|choice|move psychic|move voltswitch
|
|move|p2a: Zeraora|Volt Switch|p1a: Latios
|-resisted|p1a: Latios
|-damage|p1a: Latios|228\/301
|choice|*|*switch 5
|choice||switch 5
|
|switch|p2a: Charizard|Charizard-Mega-Y, M, shiny|177\/297|[from]move: Volt Switch
|-weather|SunnyDay|[from] ability: Drought|[of] p2a: Charizard
|move|p1a: Latios|Psychic|p2a: Charizard
|-damage|p2a: Charizard|3\/297
|
|-weather|SunnyDay|[upkeep]
|upkeep
|turn|53
|choice|*|*move 2
|choice|*move 2|*
|choice|move psychic|move fireblast
|
|move|p1a: Latios|Psychic|p2a: Charizard
|-damage|p2a: Charizard|0 fnt
|faint|p2a: Charizard
|
|-weather|SunnyDay|[upkeep]
|upkeep
|choice|*|*switch 5
|choice||switch 5
|
|switch|p2a: Zeraora|Zeraora|278\/317
|turn|54
|choice|*switch 4|*
|c|☆ms pinguino 2|ya vali nepe
|choice|*|*move 4
|choice|switch 4|move closecombat
|
|switch|p1a: Ferrothorn|Ferrothorn, M|258\/352
|move|p2a: Zeraora|Close Combat|p1a: Ferrothorn
|-supereffective|p1a: Ferrothorn
|-damage|p1a: Ferrothorn|70\/352
|-damage|p2a: Zeraora|239\/317|[from] ability: Iron Barbs|[of] p1a: Ferrothorn
|-unboost|p2a: Zeraora|def|1
|-unboost|p2a: Zeraora|spd|1
|
|-weather|SunnyDay|[upkeep]
|upkeep
|turn|55
|c|☆Yeluu|nada nuevo ;)
|choice|*switch 5|*
|choice|*|*move 4
|choice|switch 5|move closecombat
|
|switch|p1a: Landorus|Landorus-Therian, M|319\/319
|-ability|p1a: Landorus|Intimidate|boost
|-unboost|p2a: Zeraora|atk|1
|move|p2a: Zeraora|Close Combat|p1a: Landorus
|-resisted|p1a: Landorus
|-damage|p1a: Landorus|277\/319
|-unboost|p2a: Zeraora|def|1
|-unboost|p2a: Zeraora|spd|1
|
|-weather|SunnyDay|[upkeep]
|upkeep
|turn|56
|c|+DanielDL|ahora
|choice|*move 4|*
|choice|*|*move 4
|choice|move defog|move closecombat
|
|move|p2a: Zeraora|Close Combat|p1a: Landorus
|-resisted|p1a: Landorus
|-damage|p1a: Landorus|232\/319
|-unboost|p2a: Zeraora|def|1
|-unboost|p2a: Zeraora|spd|1
|move|p1a: Landorus|Defog|p2a: Zeraora
|-unboost|p2a: Zeraora|evasion|1
|-fail|p1a: Landorus
|
|-weather|none
|upkeep
|turn|57
|c|ஐCamila Cruzヤミ♥|[00:01] ms pinguino 2: quieres jugar
|c|+DanielDL|vamos a ver su es scarf
|choice|*move 4|*
|c|ஐCamila Cruzヤミ♥|[00:01] ms pinguino 2: y ver que no soy un charlatan
|c|+DanielDL|que vergas
|c|ஐCamila Cruzヤミ♥|
|choice|*|*move 4
|choice|move defog|move closecombat
|
|move|p2a: Zeraora|Close Combat|p1a: Landorus
|-resisted|p1a: Landorus
|-damage|p1a: Landorus|190\/319
|-unboost|p2a: Zeraora|def|1
|-unboost|p2a: Zeraora|spd|1
|move|p1a: Landorus|Defog|p2a: Zeraora
|-unboost|p2a: Zeraora|evasion|1
|-fail|p1a: Landorus
|
|upkeep
|turn|58
|c|☆ms pinguino 2|xddd
|c|☆Yeluu|si es scarf
|c|☆Yeluu|lmao
|c|☆ms pinguino 2|mañana sera otro dia
|choice|*move 4|*
|choice|*|*move 4
|choice|move defog|move closecombat
|
|move|p2a: Zeraora|Close Combat|p1a: Landorus
|-resisted|p1a: Landorus
|-damage|p1a: Landorus|145\/319
|-unboost|p2a: Zeraora|def|1
|-unboost|p2a: Zeraora|spd|1
|move|p1a: Landorus|Defog|p2a: Zeraora
|-unboost|p2a: Zeraora|evasion|1
|-fail|p1a: Landorus
|
|upkeep
|turn|59
|c|☆Yeluu|izi
|choice|*|*move 4
|choice|*switch 3|*
|choice|switch 3|move closecombat
|
|switch|p1a: Clefable|Clefable, M|182\/393
|move|p2a: Zeraora|Close Combat|p1a: Clefable
|-resisted|p1a: Clefable
|-damage|p1a: Clefable|142\/393
|-unboost|p2a: Zeraora|def|1
|-unboost|p2a: Zeraora|spd|1
|
|-heal|p1a: Clefable|166\/393|[from] item: Leftovers
|upkeep
|turn|60
|choice|*move 2|*
|c|+DanielDL|yeluu
|choice|*|*move 4
|choice|move softboiled|move closecombat
|
|move|p2a: Zeraora|Close Combat|p1a: Clefable
|-resisted|p1a: Clefable
|-damage|p1a: Clefable|131\/393
|move|p1a: Clefable|Soft-Boiled|p1a: Clefable
|-heal|p1a: Clefable|328\/393
|
|-heal|p1a: Clefable|352\/393|[from] item: Leftovers
|upkeep
|turn|61
|c|+DanielDL|el lando es scarf no?
|choice|*|*move 4
|choice|*move 4|*
|choice|move wish|move closecombat
|
|move|p2a: Zeraora|Close Combat|p1a: Clefable
|-resisted|p1a: Clefable
|-damage|p1a: Clefable|316\/393
|move|p1a: Clefable|Wish|p1a: Clefable
|
|-heal|p1a: Clefable|340\/393|[from] item: Leftovers
|upkeep
|turn|62
|c|☆Yeluu|yep
|c|+DanielDL|ya sabia
|c|+DanielDL|xD
|choice|*switch 3|*
|choice|*|*move 1
|choice|switch 3|move struggle
|
|switch|p1a: Landorus|Landorus-Therian, M|145\/319
|-ability|p1a: Landorus|Intimidate|boost
|-unboost|p2a: Zeraora|atk|1
|-activate|p2a: Zeraora|move: Struggle
|move|p2a: Zeraora|Struggle|p1a: Landorus
|-damage|p1a: Landorus|116\/319
|-damage|p2a: Zeraora|160\/317|[from] recoil
|
|-heal|p1a: Landorus|312\/319|[from] move: Wish|[wisher] Clefable
|upkeep
|turn|63
|choice|*|*move 1
|c|か❣Star Yonaka|xd
|choice|*switch 6|*
|choice|switch 6|move struggle
|
|switch|p1a: Heatran|Heatran, M|323\/323
|-activate|p2a: Zeraora|move: Struggle
|move|p2a: Zeraora|Struggle|p1a: Heatran
|-damage|p1a: Heatran|295\/323
|-damage|p2a: Zeraora|81\/317|[from] recoil
|
|upkeep
|turn|64
|choice|*|*move 1
|choice|*move 2 zmove|*
|choice|move magmastorm zmove|move struggle
|
|-activate|p2a: Zeraora|move: Struggle
|move|p2a: Zeraora|Struggle|p1a: Heatran
|-damage|p1a: Heatran|269\/323
|-damage|p2a: Zeraora|2\/317|[from] recoil
|-zpower|p1a: Heatran
|move|p1a: Heatran|Inferno Overdrive|p2a: Zeraora|[zeffect]
|-damage|p2a: Zeraora|0 fnt
|faint|p2a: Zeraora
|
|win|Yeluu
</script>
</div>
<div class="battle-log battle-log-inline"><div class="inner"><div class="battle-options"></div><div class="inner"><div class=""><small>Format:</small> <br><strong>OU</strong></div><div class=""><small><em>Cláusula-Mod de Dormir:</em> solo puedes dormir a uno de tus oponentes a la vez.</small></div><div class=""><small><em>Cláusula de Especie:</em> Hasta un Pokémon de cada especie</small></div><div class=""><small><em>Cláusula de Golpe Fulminante:</em> los movimientos fulminantes (OHKO) estan prohibidos</small></div><div class=""><small><em>Cláusula de Veleta:</em> la habilidad Veleta está prohibida</small></div><div class=""><small><em>Cláusula de Movimientos Evasivos:</em> los movimientos de Evasión están prohibidos.</small></div><div class=""><small><em>Cláusula de Batallas Eternas:</em> forzar batallas eternas está prohibido</small></div><div class="chat battle-history"><strong>Yeluu's team:</strong> <em style="color:#445566;display:block;">Clefable / Zygarde / Landorus-Therian / Ferrothorn / Heatran / Latios</em></div><div class="chat battle-history"><strong>ms pinguino 2's team:</strong> <em style="color:#445566;display:block;">Charizard / Zeraora / Mantine / Tyranitar / Tangrowth / Excadrill</em></div><div class="chat chatmessage-mspinguino2"><strong style="color:hsl(110,45%,35.69279863040313%)"><small>☆</small><span class="username" data-name="ms pinguino 2">ms pinguino 2</span>:</strong> <em>suerte</em></div><div class="chat chatmessage-yeluu"><strong style="color:hsl(2,68%,47.711250953365095%)"><small>☆</small><span class="username" data-name="Yeluu">Yeluu</span>:</strong> <em>dios</em></div><div class="chat chatmessage-yeluu"><strong style="color:hsl(2,68%,47.711250953365095%)"><small>☆</small><span class="username" data-name="Yeluu">Yeluu</span>:</strong> <em>si eso es char y</em></div><div class="spacer battle-history"><br></div><div class="battle-history">Battle started between Yeluu and ms pinguino 2!<br></div><div class="spacer battle-history"><br></div><div class="battle-history">Go! Landorus (<strong>Landorus-Therian</strong>)!<br></div><div class="spacer battle-history"><br></div><div class="battle-history">ms pinguino 2 sent out <strong>Tyranitar</strong>!<br></div><div class="battle-history"><small>[Landorus's Intimidate]</small><br></div><div class="battle-history"><small>The opposing Tyranitar's Attack fell!</small><br></div><div class="battle-history"><small>[The opposing Tyranitar's Sand Stream]</small><br><small>A sandstorm kicked up!</small><br></div><div class="spacer battle-history"><br></div><h2 class="battle-history">Turn 1</h2><div class="spacer battle-history"><br></div><div class="battle-history">ms pinguino 2 withdrew Tyranitar!<br></div><div class="battle-history">ms pinguino 2 sent out <strong>Mantine</strong>!<br></div><div class="spacer battle-history"><br></div><div class="battle-history">Landorus used <strong>U-turn</strong>!<br></div><div class="battle-history"><small>It's not very effective...</small><br></div><div class="battle-history"><small>(The opposing Mantine lost <abbr title="−37/374">9.9%</abbr> of its health!)</small><br></div><div class="spacer battle-history"><br></div><div class="battle-history">Landorus went back to Yeluu!<br></div><div class="battle-history">Go! <strong>Ferrothorn</strong>!<br></div><div class="spacer battle-history"><br></div><div class="battle-history"><small>The sandstorm is raging.</small><br></div><div class="battle-history"><small>The opposing Mantine is buffeted by the sandstorm!</small><br></div><div class="battle-history"><small>The opposing Mantine restored a little HP using its Leftovers!</small><br></div><div class="spacer battle-history"><br></div><h2 class="battle-history">Turn 2</h2><div class="spacer battle-history"><br></div><div class="battle-history">ms pinguino 2 withdrew Mantine!<br></div><div class="battle-history">ms pinguino 2 sent out <strong>Charizard</strong>!<br></div><div class="spacer battle-history"><br></div><div class="battle-history">Ferrothorn used <strong>Leech Seed</strong>!<br></div><div class="battle-history"><small>The opposing Charizard avoided the attack!</small><br></div><div class="spacer battle-history"><br></div><div class="battle-history"><small>The sandstorm is raging.</small><br></div><div class="battle-history"><small>The opposing Charizard is buffeted by the sandstorm!</small><br></div><div class="spacer battle-history"><br></div><h2 class="battle-history">Turn 3</h2><div class="chat chatmessage-yeluu"><strong style="color:hsl(2,68%,47.711250953365095%)"><small>☆</small><span class="username" data-name="Yeluu">Yeluu</span>:</strong> <em>a_a</em></div><div class="chat chatmessage-mspinguino2"><strong style="color:hsl(110,45%,35.69279863040313%)"><small>☆</small><span class="username" data-name="ms pinguino 2">ms pinguino 2</span>:</strong> <em>por algo tengo el titulo rey dle hax</em></div><div class="spacer battle-history"><br></div><div class="battle-history">Ferrothorn, come back!<br></div><div class="battle-history">Go! <strong>Latios</strong>!<br></div><div class="spacer battle-history"><br></div><div class="battle-history"><small>The opposing Charizard's Charizardite Y is reacting to the Key Stone!</small><br>The opposing Charizard has Mega Evolved into Mega Charizard!<br></div><div class="battle-history"><small>[The opposing Charizard's Drought]</small><br><small>The sunlight turned harsh!</small><br></div><div class="spacer battle-history"><br></div><div class="battle-history">The opposing Charizard used <strong>Focus Blast</strong>!<br></div><div class="battle-history"><small>Latios avoided the attack!</small><br></div><div class="spacer battle-history"><br></div><div class="battle-history"><small>(The sunlight is strong!)</small><br></div><div class="spacer battle-history"><br></div><h2 class="battle-history">Turn 4</h2><div class="chat chatmessage-danieldl"><strong style="color:hsl(85,60%,34%)"><small>+</small><span class="username" data-name="DanielDL">DanielDL</span>:</strong> <em>jajajajajaja</em></div><div class="chat chatmessage-danieldl"><strong style="color:hsl(85,60%,34%)"><small>+</small><span class="username" data-name="DanielDL">DanielDL</span>:</strong> <em>alv</em></div><div class="spacer battle-history"><br></div><div class="battle-history">ms pinguino 2 withdrew Charizard!<br></div><div class="battle-history">ms pinguino 2 sent out <strong>Tyranitar</strong>!<br></div><div class="battle-history"><small>[The opposing Tyranitar's Sand Stream]</small><br><small>A sandstorm kicked up!</small><br></div><div class="spacer battle-history"><br></div><div class="battle-history"><small>Latios's Latiosite is reacting to the Key Stone!</small><br>Latios has Mega Evolved into Mega Latios!<br></div><div class="spacer battle-history"><br></div><div class="battle-history">Latios used <strong>Draco Meteor</strong>!<br></div><div class="battle-history"><small>A critical hit!</small><br></div><div class="battle-history"><small>(The opposing Tyranitar lost <abbr title="−222/383">58.0%</abbr> of its health!)</small><br></div><div class="battle-history"><small>Latios's Special Attack fell harshly!</small><br></div><div class="spacer battle-history"><br></div><div class="battle-history"><small>The sandstorm is raging.</small><br></div><div class="battle-history"><small>Latios is buffeted by the sandstorm!</small><br></div><div class="spacer battle-history"><br></div><h2 class="battle-history">Turn 5</h2><div class="chat chatmessage-javoon"><strong style="color:hsl(197,51%,47%)"><small>+</small><span class="username" data-name="Javoon🐱">Javoon🐱</span>:</strong> <em>lol</em></div><div class="chat chatmessage-javoon"><strong style="color:hsl(197,51%,47%)"><small>+</small><span class="username" data-name="Javoon🐱">Javoon🐱</span>:</strong> <em>av</em></div><div class="spacer battle-history"><br></div><div class="battle-history">Latios used <strong>Earthquake</strong>!<br></div><div class="battle-history"><small>It's super effective!</small><br></div><div class="battle-history"><small>(The opposing Tyranitar lost <abbr title="−161/383">42.0%</abbr> of its health!)</small><br></div><div class="spacer battle-history"><br></div><div class="battle-history">The opposing Tyranitar fainted!<br></div><div class="spacer battle-history"><br></div><div class="battle-history"><small>The sandstorm is raging.</small><br></div><div class="battle-history"><small>Latios is buffeted by the sandstorm!</small><br></div><div class="chat chatmessage-yeluu"><strong style="color:hsl(2,68%,47.711250953365095%)"><small>☆</small><span class="username" data-name="Yeluu">Yeluu</span>:</strong> <em>izi</em></div><div class="spacer battle-history"><br></div><div class="battle-history">ms pinguino 2 sent out <strong>Excadrill</strong>!<br></div><div class="spacer battle-history"><br></div><h2 class="battle-history">Turn 6</h2><div class="spacer battle-history"><br></div><div class="battle-history">Latios, come back!<br></div><div class="battle-history">Go! Landorus (<strong>Landorus-Therian</strong>)!<br></div><div class="battle-history"><small>[Landorus's Intimidate]</small><br></div><div class="battle-history"><small>The opposing Excadrill's Attack fell!</small><br></div><div class="spacer battle-history"><br></div><div class="battle-history">The opposing Excadrill used <strong>Swords Dance</strong>!<br></div><div class="battle-history"><small>The opposing Excadrill's Attack rose sharply!</small><br></div><div class="spacer battle-history"><br></div><div class="battle-history"><small>The sandstorm is raging.</small><br></div><div class="spacer battle-history"><br></div><h2 class="battle-history">Turn 7</h2><div class="spacer battle-history"><br></div><div class="battle-history">Landorus, come back!<br></div><div class="battle-history">Go! <strong>Ferrothorn</strong>!<br></div><div class="spacer battle-history"><br></div><div class="battle-history">The opposing Excadrill used <strong>Iron Head</strong>!<br></div><div class="battle-history"><small>It's not very effective...</small><br></div><div class="battle-history"><small>(Ferrothorn lost <abbr title="−76/352">21.6%</abbr> of its health!)</small><br></div><div class="battle-history"><small>[Ferrothorn's Iron Barbs]</small><br><small>The opposing Excadrill was hurt!</small><br></div><div class="spacer battle-history"><br></div><div class="battle-history"><small>The sandstorm is raging.</small><br></div><div class="battle-history"><small>Ferrothorn restored a little HP using its Leftovers!</small><br></div><div class="spacer battle-history"><br></div><h2 class="battle-history">Turn 8</h2><div class="spacer battle-history"><br></div><div class="battle-history">Ferrothorn, come back!<br></div><div class="battle-history">Go! Landorus (<strong>Landorus-Therian</strong>)!<br></div><div class="battle-history"><small>[Landorus's Intimidate]</small><br></div><div class="battle-history"><small>The opposing Excadrill's Attack fell!</small><br></div><div class="spacer battle-history"><br></div><div class="battle-history">The opposing Excadrill used <strong>Swords Dance</strong>!<br></div><div class="battle-history"><small>The opposing Excadrill's Attack rose sharply!</small><br></div><div class="spacer battle-history"><br></div><div class="battle-history"><small>The sandstorm subsided.</small><br></div><div class="spacer battle-history"><br></div><h2 class="battle-history">Turn 9</h2><div class="spacer battle-history"><br></div><div class="battle-history">ms pinguino 2 withdrew Excadrill!<br></div><div class="battle-history">ms pinguino 2 sent out <strong>Mantine</strong>!<br></div><div class="spacer battle-history"><br></div><div class="battle-history">Landorus used <strong>Earthquake</strong>!<br></div><div class="battle-history"><small>It doesn't affect the opposing Mantine...</small><br></div><div class="spacer battle-history"><br></div><div class="battle-history"><small>The opposing Mantine restored a little HP using its Leftovers!</small><br></div><div class="spacer battle-history"><br></div><h2 class="battle-history">Turn 10</h2><div class="spacer battle-history"><br></div><div class="battle-history">Landorus, come back!<br></div><div class="battle-history">Go! <strong>Clefable</strong>!<br></div><div class="spacer battle-history"><br></div><div class="battle-history">ms pinguino 2 withdrew Mantine!<br></div><div class="battle-history">ms pinguino 2 sent out <strong>Zeraora</strong>!<br></div><div class="spacer battle-history"><br></div><h2 class="battle-history">Turn 11</h2><div class="spacer battle-history"><br></div><div class="battle-history">The opposing Zeraora used <strong>Volt Switch</strong>!<br></div><div class="battle-history"><small>A critical hit!</small><br></div><div class="battle-history"><small>(Clefable lost <abbr title="−159/393">40.5%</abbr> of its health!)</small><br></div><div class="spacer battle-history"><br></div><div class="battle-history">The opposing Zeraora went back to ms pinguino 2!<br></div><div class="battle-history">ms pinguino 2 sent out <strong>Excadrill</strong>!<br></div><div class="spacer battle-history"><br></div><div class="battle-history">Clefable used <strong>Stealth Rock</strong>!<br></div><div class="battle-history"><small>Pointed stones float in the air around the opposing team!</small><br></div><div class="spacer battle-history"><br></div><div class="battle-history"><small>Clefable restored a little HP using its Leftovers!</small><br></div><div class="spacer battle-history"><br></div><h2 class="battle-history">Turn 12</h2><div class="spacer battle-history"><br></div><div class="battle-history">ms pinguino 2 withdrew Excadrill!<br></div><div class="battle-history">ms pinguino 2 sent out <strong>Mantine</strong>!<br></div><div class="battle-history"><small>Pointed stones dug into the opposing Mantine!</small><br></div><div class="spacer battle-history"><br></div><div class="battle-history">Clefable, come back!<br></div><div class="battle-history">Go! Landorus (<strong>Landorus-Therian</strong>)!<br></div><div class="battle-history"><small>[Landorus's Intimidate]</small><br></div><div class="battle-history"><small>The opposing Mantine's Attack fell!</small><br></div><div class="spacer battle-history"><br></div><div class="battle-history"><small>The opposing Mantine restored a little HP using its Leftovers!</small><br></div><div class="spacer battle-history"><br></div><h2 class="battle-history">Turn 13</h2><div class="spacer battle-history"><br></div><div class="battle-history">Landorus used <strong>U-turn</strong>!<br></div><div class="battle-history"><small>It's not very effective...</small><br></div><div class="battle-history"><small>(The opposing Mantine lost <abbr title="−41/374">11.0%</abbr> of its health!)</small><br></div><div class="chat chatmessage-yeluu"><strong style="color:hsl(2,68%,47.711250953365095%)"><small>☆</small><span class="username" data-name="Yeluu">Yeluu</span>:</strong> <em>mantine en agosto 30</em></div><div class="chat chatmessage-yeluu"><strong style="color:hsl(2,68%,47.711250953365095%)"><small>☆</small><span class="username" data-name="Yeluu">Yeluu</span>:</strong> <em>oc</em></div><div class="spacer battle-history"><br></div><div class="battle-history">Landorus went back to Yeluu!<br></div><div class="battle-history">Go! <strong>Ferrothorn</strong>!<br></div><div class="spacer battle-history"><br></div><div class="battle-history">The opposing Mantine used <strong>Defog</strong>!<br></div><div class="battle-history"><small>Ferrothorn's evasiveness fell!</small><br></div><div class="battle-history"><small>The pointed stones disappeared from around the opposing team!</small><br></div><div class="spacer battle-history"><br></div><div class="battle-history"><small>The opposing Mantine restored a little HP using its Leftovers!</small><br></div><div class="battle-history"><small>Ferrothorn restored a little HP using its Leftovers!</small><br></div><div class="spacer battle-history"><br></div><h2 class="battle-history">Turn 14</h2><div class="spacer battle-history"><br></div><div class="battle-history">ms pinguino 2 withdrew Mantine!<br></div><div class="battle-history">ms pinguino 2 sent out Charizard (<strong>Charizard-Mega-Y</strong>)!<br></div><div class="battle-history"><small>[The opposing Charizard's Drought]</small><br><small>The sunlight turned harsh!</small><br></div><div class="spacer battle-history"><br></div><div class="battle-history">Ferrothorn used <strong>Leech Seed</strong>!<br></div><div class="battle-history"><small>The opposing Charizard was seeded!</small><br></div><div class="spacer battle-history"><br></div><div class="battle-history"><small>(The sunlight is strong!)</small><br></div><div class="battle-history"><small>Ferrothorn restored a little HP using its Leftovers!</small><br></div><div class="battle-history"><small>The opposing Charizard's health is sapped by Leech Seed!</small><br></div><div class="spacer battle-history"><br></div><h2 class="battle-history">Turn 15</h2><div class="spacer battle-history"><br></div><div class="battle-history">Ferrothorn, come back!<br></div><div class="battle-history">Go! Latios (<strong>Latios-Mega</strong>)!<br></div><div class="spacer battle-history"><br></div><div class="battle-history">The opposing Charizard used <strong>Fire Blast</strong>!<br></div><div class="battle-history"><small>Latios avoided the attack!</small><br></div><div class="spacer battle-history"><br></div><div class="battle-history"><small>(The sunlight is strong!)</small><br></div><div class="battle-history"><small>The opposing Charizard's health is sapped by Leech Seed!</small><br></div><div class="spacer battle-history"><br></div><h2 class="battle-history">Turn 16</h2><div class="chat chatmessage-mspinguino2"><strong style="color:hsl(110,45%,35.69279863040313%)"><small>☆</small><span class="username" data-name="ms pinguino 2">ms pinguino 2</span>:</strong> <em>esto no em gusta</em></div><div class="chat chatmessage-mspinguino2"><strong style="color:hsl(110,45%,35.69279863040313%)"><small>☆</small><span class="username" data-name="ms pinguino 2">ms pinguino 2</span>:</strong> <em>xd</em></div><div class="spacer battle-history"><br></div><div class="battle-history">ms pinguino 2 withdrew Charizard!<br></div><div class="battle-history">ms pinguino 2 sent out <strong>Tangrowth</strong>!<br></div><div class="spacer battle-history"><br></div><div class="battle-history">Latios used <strong>Psychic</strong>!<br></div><div class="battle-history"><small>(The opposing Tangrowth lost <abbr title="−132/404">32.7%</abbr> of its health!)</small><br></div><div class="spacer battle-history"><br></div><div class="battle-history"><small>(The sunlight is strong!)</small><br></div><div class="spacer battle-history"><br></div><h2 class="battle-history">Turn 17</h2><div class="chat chatmessage-yeluu"><strong style="color:hsl(2,68%,47.711250953365095%)"><small>☆</small><span class="username" data-name="Yeluu">Yeluu</span>:</strong> <em>igual no importo el miss</em></div><div class="chat chatmessage-yeluu"><strong style="color:hsl(2,68%,47.711250953365095%)"><small>☆</small><span class="username" data-name="Yeluu">Yeluu</span>:</strong> <em>:v</em></div><div class="spacer battle-history"><br></div><div class="battle-history">Latios, come back!<br></div><div class="battle-history">Go! <strong>Heatran</strong>!<br></div><div class="spacer battle-history"><br></div><div class="battle-history">ms pinguino 2 withdrew Tangrowth!<br></div><div class="battle-history">ms pinguino 2 sent out <strong>Excadrill</strong>!<br></div><div class="spacer battle-history"><br></div><div class="battle-history"><small>(The sunlight is strong!)</small><br></div><div class="spacer battle-history"><br></div><h2 class="battle-history">Turn 18</h2><div class="spacer battle-history"><br></div><div class="battle-history">ms pinguino 2 withdrew Excadrill!<br></div><div class="battle-history">ms pinguino 2 sent out <strong>Zeraora</strong>!<br></div><div class="spacer battle-history"><br></div><div class="battle-history">Heatran, come back!<br></div><div class="battle-history">Go! Landorus (<strong>Landorus-Therian</strong>)!<br></div><div class="battle-history"><small>[Landorus's Intimidate]</small><br></div><div class="battle-history"><small>The opposing Zeraora's Attack fell!</small><br></div><div class="spacer battle-history"><br></div><div class="battle-history"><small>The sunlight faded.</small><br></div><div class="spacer battle-history"><br></div><h2 class="battle-history">Turn 19</h2><div class="spacer battle-history"><br></div><div class="battle-history">ms pinguino 2 withdrew Zeraora!<br></div><div class="battle-history">ms pinguino 2 sent out <strong>Mantine</strong>!<br></div><div class="spacer battle-history"><br></div><div class="battle-history">Landorus, come back!<br></div><div class="battle-history">Go! <strong>Ferrothorn</strong>!<br></div><div class="spacer battle-history"><br></div><div class="battle-history"><small>The opposing Mantine restored a little HP using its Leftovers!</small><br></div><div class="spacer battle-history"><br></div><h2 class="battle-history">Turn 20</h2><div class="spacer battle-history"><br></div><div class="battle-history">ms pinguino 2 withdrew Mantine!<br></div><div class="battle-history">ms pinguino 2 sent out Charizard (<strong>Charizard-Mega-Y</strong>)!<br></div><div class="battle-history"><small>[The opposing Charizard's Drought]</small><br><small>The sunlight turned harsh!</small><br></div><div class="spacer battle-history"><br></div><div class="battle-history">Ferrothorn used <strong>Leech Seed</strong>!<br></div><div class="battle-history"><small>The opposing Charizard was seeded!</small><br></div><div class="spacer battle-history"><br></div><div class="battle-history"><small>(The sunlight is strong!)</small><br></div><div class="battle-history"><small>The opposing Charizard's health is sapped by Leech Seed!</small><br></div><div class="spacer battle-history"><br></div><h2 class="battle-history">Turn 21</h2><div class="spacer battle-history"><br></div><div class="battle-history">Ferrothorn, come back!<br></div><div class="battle-history">Go! Latios (<strong>Latios-Mega</strong>)!<br></div><div class="spacer battle-history"><br></div><div class="battle-history">The opposing Charizard used <strong>Roost</strong>!<br></div><div class="battle-history"><small>The opposing Charizard restored its HP.</small><br></div><div class="spacer battle-history"><br></div><div class="battle-history"><small>(The sunlight is strong!)</small><br></div><div class="battle-history"><small>The opposing Charizard's health is sapped by Leech Seed!</small><br></div><div class="spacer battle-history"><br></div><h2 class="battle-history">Turn 22</h2><div class="spacer battle-history"><br></div><div class="battle-history">Latios, come back!<br></div><div class="battle-history">Go! <strong>Heatran</strong>!<br></div><div class="spacer battle-history"><br></div><div class="battle-history">ms pinguino 2 withdrew Charizard!<br></div><div class="battle-history">ms pinguino 2 sent out <strong>Tangrowth</strong>!<br></div><div class="spacer battle-history"><br></div><div class="battle-history"><small>(The sunlight is strong!)</small><br></div><div class="spacer battle-history"><br></div><h2 class="battle-history">Turn 23</h2><div class="spacer battle-history"><br></div><div class="battle-history">ms pinguino 2 withdrew Tangrowth!<br></div><div class="battle-history">ms pinguino 2 sent out Charizard (<strong>Charizard-Mega-Y</strong>)!<br></div><div class="spacer battle-history"><br></div><div class="battle-history">Heatran used <strong>Magma Storm</strong>!<br></div><div class="battle-history"><small>It's not very effective...</small><br></div><div class="battle-history"><small>(The opposing Charizard lost <abbr title="−121/297">40.7%</abbr> of its health!)</small><br></div><div class="battle-history"><small>The opposing Charizard became trapped by swirling magma!</small><br></div><div class="spacer battle-history"><br></div><div class="battle-history"><small>(The sunlight is strong!)</small><br></div><div class="battle-history"><small>The opposing Charizard is hurt by Magma Storm!</small><br></div><div class="spacer battle-history"><br></div><h2 class="battle-history">Turn 24</h2><div class="spacer battle-history"><br></div><div class="battle-history">The opposing Charizard used <strong>Focus Blast</strong>!<br></div><div class="battle-history"><small>Heatran avoided the attack!</small><br></div><div class="spacer battle-history"><br></div><div class="battle-history">Heatran used <strong>Earth Power</strong>!<br></div><div class="battle-history"><small>It doesn't affect the opposing Charizard...</small><br></div><div class="spacer battle-history"><br></div><div class="battle-history"><small>The sunlight faded.</small><br></div><div class="battle-history"><small>The opposing Charizard is hurt by Magma Storm!</small><br></div><div class="spacer battle-history"><br></div><h2 class="battle-history">Turn 25</h2><div class="chat chatmessage-danieldl"><strong style="color:hsl(85,60%,34%)"><small>+</small><span class="username" data-name="DanielDL">DanielDL</span>:</strong> <em>verga</em></div><div class="chat chatmessage-yeluu"><strong style="color:hsl(2,68%,47.711250953365095%)"><small>☆</small><span class="username" data-name="Yeluu">Yeluu</span>:</strong> <em>no mata tampoco</em></div><div class="chat chatmessage-danieldl"><strong style="color:hsl(85,60%,34%)"><small>+</small><span class="username" data-name="DanielDL">DanielDL</span>:</strong> <em>que hax</em></div><div class="chat chatmessage-yeluu"><strong style="color:hsl(2,68%,47.711250953365095%)"><small>☆</small><span class="username" data-name="Yeluu">Yeluu</span>:</strong> <em>y pq no roostea</em></div><div class="chat chatmessage-danieldl"><strong style="color:hsl(85,60%,34%)"><small>+</small><span class="username" data-name="DanielDL">DanielDL</span>:</strong> <em>xD</em></div><div class="chat chatmessage-redlikroses"><strong style="color:hsl(334,80%,43%)"><small>✿</small><span class="username" data-name="red likе roses">red likе roses</span>:</strong> <em>uf</em></div><div class="chat chatmessage-danieldl"><strong style="color:hsl(85,60%,34%)"><small>+</small><span class="username" data-name="DanielDL">DanielDL</span>:</strong> <em>nananana</em></div><div class="chat chatmessage-mspinguino2"><strong style="color:hsl(110,45%,35.69279863040313%)"><small>☆</small><span class="username" data-name="ms pinguino 2">ms pinguino 2</span>:</strong> <em>el tereoto emmataria</em></div><div class="chat chatmessage-mspinguino2"><strong style="color:hsl(110,45%,35.69279863040313%)"><small>☆</small><span class="username" data-name="ms pinguino 2">ms pinguino 2</span>:</strong> <em>no soy idota</em></div><div class="chat chatmessage-mspinguino2"><strong style="color:hsl(110,45%,35.69279863040313%)"><small>☆</small><span class="username" data-name="ms pinguino 2">ms pinguino 2</span>:</strong> <em>xd</em></div><div class="chat chatmessage-yeluu"><strong style="color:hsl(2,68%,47.711250953365095%)"><small>☆</small><span class="username" data-name="Yeluu">Yeluu</span>:</strong> <em>k</em></div><div class="spacer battle-history"><br></div><div class="battle-history">Heatran, come back!<br></div><div class="battle-history">Go! Latios (<strong>Latios-Mega</strong>)!<br></div><div class="spacer battle-history"><br></div><div class="battle-history">The opposing Charizard used <strong>Roost</strong>!<br></div><div class="battle-history"><small>The opposing Charizard restored its HP.</small><br></div><div class="spacer battle-history"><br></div><h2 class="battle-history">Turn 26</h2><div class="chat chatmessage-redlikroses"><strong style="color:hsl(334,80%,43%)"><small>✿</small><span class="username" data-name="red likе roses">red likе roses</span>:</strong> <em>uff</em></div><div class="chat chatmessage-danieldl"><strong style="color:hsl(85,60%,34%)"><small>+</small><span class="username" data-name="DanielDL">DanielDL</span>:</strong> <em>re sucio el yellow</em></div><div class="chat chatmessage-danieldl"><strong style="color:hsl(85,60%,34%)"><small>+</small><span class="username" data-name="DanielDL">DanielDL</span>:</strong> <em>jajajajajajaja</em></div><div class="chat chatmessage-yeluu"><strong style="color:hsl(2,68%,47.711250953365095%)"><small>☆</small><span class="username" data-name="Yeluu">Yeluu</span>:</strong> <em>humillao</em></div><div class="chat chatmessage-danieldl"><strong style="color:hsl(85,60%,34%)"><small>+</small><span class="username" data-name="DanielDL">DanielDL</span>:</strong> <em>humillado</em></div><div class="chat chatmessage-danieldl"><strong style="color:hsl(85,60%,34%)"><small>+</small><span class="username" data-name="DanielDL">DanielDL</span>:</strong> <em>no humilladisimo</em></div><div class="chat chatmessage-mspinguino2"><strong style="color:hsl(110,45%,35.69279863040313%)"><small>☆</small><span class="username" data-name="ms pinguino 2">ms pinguino 2</span>:</strong> <em>juegos mentales</em></div><div class="chat chatmessage-mspinguino2"><strong style="color:hsl(110,45%,35.69279863040313%)"><small>☆</small><span class="username" data-name="ms pinguino 2">ms pinguino 2</span>:</strong> <em>xd</em></div><div class="chat chatmessage-yeluu"><strong style="color:hsl(2,68%,47.711250953365095%)"><small>☆</small><span class="username" data-name="Yeluu">Yeluu</span>:</strong> <em>si si</em></div><div class="chat chatmessage-yeluu"><strong style="color:hsl(2,68%,47.711250953365095%)"><small>☆</small><span class="username" data-name="Yeluu">Yeluu</span>:</strong> <em>apura</em></div><div class="spacer battle-history"><br></div><div class="battle-history">Latios, come back!<br></div><div class="battle-history">Go! Landorus (<strong>Landorus-Therian</strong>)!<br></div><div class="battle-history"><small>[Landorus's Intimidate]</small><br></div><div class="battle-history"><small>The opposing Charizard's Attack fell!</small><br></div><div class="spacer battle-history"><br></div><div class="battle-history">ms pinguino 2 withdrew Charizard!<br></div><div class="battle-history">ms pinguino 2 sent out <strong>Tangrowth</strong>!<br></div><div class="spacer battle-history"><br></div><h2 class="battle-history">Turn 27</h2><div class="chat chatmessage-yeluu"><strong style="color:hsl(2,68%,47.711250953365095%)"><small>☆</small><span class="username" data-name="Yeluu">Yeluu</span>:</strong> <em>no tengo toda la noche</em></div><div class="spacer battle-history"><br></div><div class="battle-history">Landorus used <strong>U-turn</strong>!<br></div><div class="battle-history"><small>It's super effective!</small><br></div><div class="battle-history"><small>(The opposing Tangrowth lost <abbr title="−152/404">37.6%</abbr> of its health!)</small><br></div><div class="spacer battle-history"><br></div><div class="battle-history">Landorus went back to Yeluu!<br></div><div class="battle-history">Go! <strong>Ferrothorn</strong>!<br></div><div class="spacer battle-history"><br></div><div class="battle-history">The opposing Tangrowth used <strong>Knock Off</strong>!<br></div><div class="battle-history"><small>(Ferrothorn lost <abbr title="−58/352">16.5%</abbr> of its health!)</small><br></div><div class="battle-history"><small>[Ferrothorn's Iron Barbs]</small><br><small>The opposing Tangrowth was hurt!</small><br></div><div class="battle-history"><small>The opposing Tangrowth knocked off Ferrothorn's Leftovers!</small><br></div><div class="spacer battle-history"><br></div><h2 class="battle-history">Turn 28</h2><div class="spacer battle-history"><br></div><div class="battle-history">ms pinguino 2 withdrew Tangrowth!<br></div><div class="battle-history">ms pinguino 2 sent out Charizard (<strong>Charizard-Mega-Y</strong>)!<br></div><div class="battle-history"><small>[The opposing Charizard's Drought]</small><br><small>The sunlight turned harsh!</small><br></div><div class="spacer battle-history"><br></div><div class="battle-history">Ferrothorn used <strong>Spikes</strong>!<br></div><div class="battle-history"><small>Spikes were scattered on the ground all around the opposing team!</small><br></div><div class="spacer battle-history"><br></div><div class="battle-history"><small>(The sunlight is strong!)</small><br></div><div class="spacer battle-history"><br></div><h2 class="battle-history">Turn 29</h2><div class="spacer battle-history"><br></div><div class="battle-history">ms pinguino 2 withdrew Charizard!<br></div><div class="battle-history">ms pinguino 2 sent out <strong>Mantine</strong>!<br></div><div class="spacer battle-history"><br></div><div class="battle-history">Ferrothorn, come back!<br></div><div class="battle-history">Go! Latios (<strong>Latios-Mega</strong>)!<br></div><div class="spacer battle-history"><br></div><div class="battle-history"><small>(The sunlight is strong!)</small><br></div><div class="battle-history"><small>The opposing Mantine restored a little HP using its Leftovers!</small><br></div><div class="spacer battle-history"><br></div><h2 class="battle-history">Turn 30</h2><div class="chat chatmessage-yeluu"><strong style="color:hsl(2,68%,47.711250953365095%)"><small>☆</small><span class="username" data-name="Yeluu">Yeluu</span>:</strong> <em>esa mamada</em></div><div class="chat chatmessage-yeluu"><strong style="color:hsl(2,68%,47.711250953365095%)"><small>☆</small><span class="username" data-name="Yeluu">Yeluu</span>:</strong> <em>se usa fisica</em></div><div class="chat chatmessage-yeluu"><strong style="color:hsl(2,68%,47.711250953365095%)"><small>☆</small><span class="username" data-name="Yeluu">Yeluu</span>:</strong> <em>o especial</em></div><div class="chat chatmessage-yeluu"><strong style="color:hsl(2,68%,47.711250953365095%)"><small>☆</small><span class="username" data-name="Yeluu">Yeluu</span>:</strong> <em>?</em></div><div class="chat chatmessage-yeluu"><strong style="color:hsl(2,68%,47.711250953365095%)"><small>☆</small><span class="username" data-name="Yeluu">Yeluu</span>:</strong> <em>!dt mantine</em></div><div class="chat message-error">[outdated code no longer supported]</div><div class="chat"><font size="1"><font color="#585858">Dex#:</font> 226&nbsp;|  <font color="#585858">Gen:</font> 2&nbsp;|  <font color="#585858">Altura:</font> 2.1 m&nbsp;|  <font color="#585858">Peso:</font> 220 kg <em>(120 BP)</em>&nbsp;|  <font color="#585858">Color:</font> Purple&nbsp;|  <font color="#585858">Familia:</font> Water 1&nbsp;|  <font color="#585858"><font color="#585858">No Evoluciona</font></font></font></div><div class="chat chatmessage-mspinguino2"><strong style="color:hsl(110,45%,35.69279863040313%)"><small>☆</small><span class="username" data-name="ms pinguino 2">ms pinguino 2</span>:</strong> <em>de muchas formas</em></div><div class="chat chatmessage-mspinguino2"><strong style="color:hsl(110,45%,35.69279863040313%)"><small>☆</small><span class="username" data-name="ms pinguino 2">ms pinguino 2</span>:</strong> <em>xd</em></div><div class="chat chatmessage-danieldl"><strong style="color:hsl(85,60%,34%)"><small>+</small><span class="username" data-name="DanielDL">DanielDL</span>:</strong> <em>esp</em></div><div class="chat chatmessage-danieldl"><strong style="color:hsl(85,60%,34%)"><small>+</small><span class="username" data-name="DanielDL">DanielDL</span>:</strong> <em>xDD</em></div><div class="chat chatmessage-yeluu"><strong style="color:hsl(2,68%,47.711250953365095%)"><small>☆</small><span class="username" data-name="Yeluu">Yeluu</span>:</strong> <em>2 walls especiales</em></div><div class="chat chatmessage-yeluu"><strong style="color:hsl(2,68%,47.711250953365095%)"><small>☆</small><span class="username" data-name="Yeluu">Yeluu</span>:</strong> <em>oc</em></div><div class="spacer battle-history"><br></div><div class="battle-history">Latios used <strong>Psychic</strong>!<br></div><div class="battle-history"><small>A critical hit!</small><br></div><div class="battle-history"><small>(The opposing Mantine lost <abbr title="−201/374">53.7%</abbr> of its health!)</small><br></div><div class="spacer battle-history"><br></div><div class="battle-history">The opposing Mantine used <strong>Defog</strong>!<br></div><div class="battle-history"><small>Latios's evasiveness fell!</small><br></div><div class="battle-history"><small>The spikes disappeared from the ground around the opposing team!</small><br></div><div class="spacer battle-history"><br></div><div class="battle-history"><small>(The sunlight is strong!)</small><br></div><div class="battle-history"><small>The opposing Mantine restored a little HP using its Leftovers!</small><br></div><div class="spacer battle-history"><br></div><h2 class="battle-history">Turn 31</h2><div class="chat chatmessage-danieldl"><strong style="color:hsl(85,60%,34%)"><small>+</small><span class="username" data-name="DanielDL">DanielDL</span>:</strong> <em>verga yellow</em></div><div class="chat chatmessage-danieldl"><strong style="color:hsl(85,60%,34%)"><small>+</small><span class="username" data-name="DanielDL">DanielDL</span>:</strong> <em>que asco das</em></div><div class="chat chatmessage-danieldl"><strong style="color:hsl(85,60%,34%)"><small>+</small><span class="username" data-name="DanielDL">DanielDL</span>:</strong> <em>xDDD</em></div><div class="chat chatmessage-yeluu"><strong style="color:hsl(2,68%,47.711250953365095%)"><small>☆</small><span class="username" data-name="Yeluu">Yeluu</span>:</strong> <em>jejeje</em></div><div class="spacer battle-history"><br></div><div class="battle-history">ms pinguino 2 withdrew Mantine!<br></div><div class="battle-history">ms pinguino 2 sent out <strong>Tangrowth</strong>!<br></div><div class="spacer battle-history"><br></div><div class="battle-history">Latios used <strong>Draco Meteor</strong>!<br></div><div class="battle-history"><small>(The opposing Tangrowth lost <abbr title="−202/404">50%</abbr> of its health!)</small><br></div><div class="battle-history"><small>Latios's Special Attack fell harshly!</small><br></div><div class="spacer battle-history"><br></div><div class="battle-history"><small>(The sunlight is strong!)</small><br></div><div class="spacer battle-history"><br></div><h2 class="battle-history">Turn 32</h2><div class="spacer battle-history"><br></div><div class="battle-history">Latios, come back!<br></div><div class="battle-history">Go! <strong>Ferrothorn</strong>!<br></div><div class="spacer battle-history"><br></div><div class="battle-history">ms pinguino 2 withdrew Tangrowth!<br></div><div class="battle-history">ms pinguino 2 sent out Charizard (<strong>Charizard-Mega-Y</strong>)!<br></div><div class="spacer battle-history"><br></div><div class="battle-history"><small>The sunlight faded.</small><br></div><div class="spacer battle-history"><br></div><h2 class="battle-history">Turn 33</h2><div class="chat chatmessage-danieldl"><strong style="color:hsl(85,60%,34%)"><small>+</small><span class="username" data-name="DanielDL">DanielDL</span>:</strong> <em>predeci2</em></div><div class="chat chatmessage-yeluu"><strong style="color:hsl(2,68%,47.711250953365095%)"><small>☆</small><span class="username" data-name="Yeluu">Yeluu</span>:</strong> <em>ni sun tiene</em></div><div class="chat chatmessage-yeluu"><strong style="color:hsl(2,68%,47.711250953365095%)"><small>☆</small><span class="username" data-name="Yeluu">Yeluu</span>:</strong> <em>el rey</em></div><div class="chat chatmessage-danieldl"><strong style="color:hsl(85,60%,34%)"><small>+</small><span class="username" data-name="DanielDL">DanielDL</span>:</strong> <em>xDDDD</em></div><div class="chat chatmessage-mspinguino2"><strong style="color:hsl(110,45%,35.69279863040313%)"><small>☆</small><span class="username" data-name="ms pinguino 2">ms pinguino 2</span>:</strong> <em>no se nesesita</em></div><div class="chat chatmessage-mspinguino2"><strong style="color:hsl(110,45%,35.69279863040313%)"><small>☆</small><span class="username" data-name="ms pinguino 2">ms pinguino 2</span>:</strong> <em>xd</em></div><div class="chat chatmessage-danieldl"><strong style="color:hsl(85,60%,34%)"><small>+</small><span class="username" data-name="DanielDL">DanielDL</span>:</strong> <em>cierto jajajaja</em></div><div class="spacer battle-history"><br></div><div class="battle-history">ms pinguino 2 withdrew Charizard!<br></div><div class="battle-history">ms pinguino 2 sent out <strong>Mantine</strong>!<br></div><div class="spacer battle-history"><br></div><div class="battle-history">Ferrothorn, come back!<br></div><div class="battle-history">Go! Latios (<strong>Latios-Mega</strong>)!<br></div><div class="spacer battle-history"><br></div><div class="battle-history"><small>The opposing Mantine restored a little HP using its Leftovers!</small><br></div><div class="spacer battle-history"><br></div><h2 class="battle-history">Turn 34</h2><div class="chat chatmessage-yeluu"><strong style="color:hsl(2,68%,47.711250953365095%)"><small>☆</small><span class="username" data-name="Yeluu">Yeluu</span>:</strong> <em>pero si le estoy jugando mas lineal</em></div><div class="chat chatmessage-yeluu"><strong style="color:hsl(2,68%,47.711250953365095%)"><small>☆</small><span class="username" data-name="Yeluu">Yeluu</span>:</strong> <em>que las nalgas de ஐCamila Cruzヤ</em></div><div class="spacer battle-history"><br></div><div class="battle-history">Latios used <strong>Draco Meteor</strong>!<br></div><div class="battle-history"><small>(The opposing Mantine lost <abbr title="−163/374">43.6%</abbr> of its health!)</small><br></div><div class="battle-history"><small>Latios's Special Attack fell harshly!</small><br></div><div class="spacer battle-history"><br></div><div class="battle-history">The opposing Mantine fainted!<br></div><div class="spacer battle-history"><br></div><div class="battle-history">ms pinguino 2 sent out <strong>Zeraora</strong>!<br></div><div class="spacer battle-history"><br></div><h2 class="battle-history">Turn 35</h2><div class="chat chatmessage-camilacruz"><strong style="color:hsl(107,48%,44.819126939248115%)"><small>ஐ</small><span class="username" data-name="Camila Cruzヤミ♥">Camila Cruzヤミ♥</span>:</strong> <em>k</em></div><div class="spacer battle-history"><br></div><div class="battle-history">Latios, come back!<br></div><div class="battle-history">Go! <strong>Ferrothorn</strong>!<br></div><div class="spacer battle-history"><br></div><div class="battle-history">The opposing Zeraora used <strong>Hidden Power</strong>!<br></div><div class="battle-history"><small>(Ferrothorn lost <abbr title="−37/352">10.5%</abbr> of its health!)</small><br></div><div class="spacer battle-history"><br></div><h2 class="battle-history">Turn 36</h2><div class="chat chatmessage-danieldl"><strong style="color:hsl(85,60%,34%)"><small>+</small><span class="username" data-name="DanielDL">DanielDL</span>:</strong> <em>En este caso lo mejor es no predecir 👀</em></div><div class="chat chatmessage-yeluu"><strong style="color:hsl(2,68%,47.711250953365095%)"><small>☆</small><span class="username" data-name="Yeluu">Yeluu</span>:</strong> <em>0</em></div><div class="spacer battle-history"><br></div><div class="battle-history">The opposing Zeraora used <strong>Hidden Power</strong>!<br></div><div class="battle-history"><small>(Ferrothorn lost <abbr title="−39/352">11.1%</abbr> of its health!)</small><br></div><div class="spacer battle-history"><br></div><div class="battle-history">Ferrothorn used <strong>Leech Seed</strong>!<br></div><div class="battle-history"><small>The opposing Zeraora was seeded!</small><br></div><div class="spacer battle-history"><br></div><div class="battle-history"><small>The opposing Zeraora's health is sapped by Leech Seed!</small><br></div><div class="spacer battle-history"><br></div><h2 class="battle-history">Turn 37</h2><div class="spacer battle-history"><br></div><div class="battle-history">ms pinguino 2 withdrew Zeraora!<br></div><div class="battle-history">ms pinguino 2 sent out Charizard (<strong>Charizard-Mega-Y</strong>)!<br></div><div class="battle-history"><small>[The opposing Charizard's Drought]</small><br><small>The sunlight turned harsh!</small><br></div><div class="spacer battle-history"><br></div><div class="battle-history">Ferrothorn used <strong>Leech Seed</strong>!<br></div><div class="battle-history"><small>The opposing Charizard was seeded!</small><br></div><div class="spacer battle-history"><br></div><div class="battle-history"><small>(The sunlight is strong!)</small><br></div><div class="battle-history"><small>The opposing Charizard's health is sapped by Leech Seed!</small><br></div><div class="spacer battle-history"><br></div><h2 class="battle-history">Turn 38</h2><div class="spacer battle-history"><br></div><div class="battle-history">ms pinguino 2 withdrew Charizard!<br></div><div class="battle-history">ms pinguino 2 sent out <strong>Tangrowth</strong>!<br></div><div class="spacer battle-history"><br></div><div class="battle-history">Ferrothorn, come back!<br></div><div class="battle-history">Go! Latios (<strong>Latios-Mega</strong>)!<br></div><div class="spacer battle-history"><br></div><div class="battle-history"><small>(The sunlight is strong!)</small><br></div><div class="spacer battle-history"><br></div><h2 class="battle-history">Turn 39</h2><div class="spacer battle-history"><br></div><div class="battle-history">ms pinguino 2 withdrew Tangrowth!<br></div><div class="battle-history">ms pinguino 2 sent out <strong>Excadrill</strong>!<br></div><div class="spacer battle-history"><br></div><div class="battle-history">Latios used <strong>Psychic</strong>!<br></div><div class="battle-history"><small>It's not very effective...</small><br></div><div class="battle-history"><small>(The opposing Excadrill lost <abbr title="−136/361">37.7%</abbr> of its health!)</small><br></div><div class="spacer battle-history"><br></div><div class="battle-history"><small>(The sunlight is strong!)</small><br></div><div class="spacer battle-history"><br></div><h2 class="battle-history">Turn 40</h2><div class="chat chatmessage-yeluu"><strong style="color:hsl(2,68%,47.711250953365095%)"><small>☆</small><span class="username" data-name="Yeluu">Yeluu</span>:</strong> <em>god plays</em></div><div class="spacer battle-history"><br></div><div class="battle-history">ms pinguino 2 withdrew Excadrill!<br></div><div class="battle-history">ms pinguino 2 sent out Charizard (<strong>Charizard-Mega-Y</strong>)!<br></div><div class="spacer battle-history"><br></div><div class="battle-history">Latios used <strong>Earthquake</strong>!<br></div><div class="battle-history"><small>It doesn't affect the opposing Charizard...</small><br></div><div class="spacer battle-history"><br></div><div class="battle-history"><small>(The sunlight is strong!)</small><br></div><div class="spacer battle-history"><br></div><h2 class="battle-history">Turn 41</h2><div class="spacer battle-history"><br></div><div class="battle-history">ms pinguino 2 withdrew Charizard!<br></div><div class="battle-history">ms pinguino 2 sent out <strong>Tangrowth</strong>!<br></div><div class="spacer battle-history"><br></div><div class="battle-history">Latios used <strong>Psychic</strong>!<br></div><div class="battle-history"><small>(The opposing Tangrowth lost <abbr title="−138/404">34.2%</abbr> of its health!)</small><br></div><div class="battle-history"><small>The opposing Tangrowth's Special Defense fell!</small><br></div><div class="spacer battle-history"><br></div><div class="battle-history"><small>The sunlight faded.</small><br></div><div class="spacer battle-history"><br></div><h2 class="battle-history">Turn 42</h2><div class="spacer battle-history"><br></div><div class="battle-history">Latios used <strong>Psychic</strong>!<br></div><div class="battle-history"><small>(The opposing Tangrowth lost <abbr title="−208/404">51.5%</abbr> of its health!)</small><br></div><div class="spacer battle-history"><br></div><div class="battle-history">The opposing Tangrowth used <strong>Knock Off</strong>!<br></div><div class="battle-history"><small>It's super effective!</small><br></div><div class="battle-history"><small>(Latios lost <abbr title="−98/301">32.6%</abbr> of its health!)</small><br></div><div class="spacer battle-history"><br></div><h2 class="battle-history">Turn 43</h2><div class="spacer battle-history"><br></div><div class="battle-history">Latios used <strong>Psychic</strong>!<br></div><div class="battle-history"><small>(The opposing Tangrowth lost <abbr title="−56/404">13.9%</abbr> of its health!)</small><br></div><div class="spacer battle-history"><br></div><div class="battle-history">The opposing Tangrowth fainted!<br></div><div class="spacer battle-history"><br></div><div class="battle-history">ms pinguino 2 sent out <strong>Zeraora</strong>!<br></div><div class="spacer battle-history"><br></div><h2 class="battle-history">Turn 44</h2><div class="chat chatmessage-danieldl"><strong style="color:hsl(85,60%,34%)"><small>+</small><span class="username" data-name="DanielDL">DanielDL</span>:</strong> <em>Se viene el 6-0</em></div><div class="chat chatmessage-danieldl"><strong style="color:hsl(85,60%,34%)"><small>+</small><span class="username" data-name="DanielDL">DanielDL</span>:</strong> <em>xDD</em></div><div class="spacer battle-history"><br></div><div class="battle-history">Latios, come back!<br></div><div class="battle-history">Go! <strong>Clefable</strong>!<br></div><div class="spacer battle-history"><br></div><div class="battle-history">The opposing Zeraora used <strong>Volt Switch</strong>!<br></div><div class="battle-history"><small>(Clefable lost <abbr title="−100/393">25.4%</abbr> of its health!)</small><br></div><div class="chat chatmessage-yeluu"><strong style="color:hsl(2,68%,47.711250953365095%)"><small>☆</small><span class="username" data-name="Yeluu">Yeluu</span>:</strong> <em>creo</em></div><div class="spacer battle-history"><br></div><div class="battle-history">The opposing Zeraora went back to ms pinguino 2!<br></div><div class="battle-history">ms pinguino 2 sent out Charizard (<strong>Charizard-Mega-Y</strong>)!<br></div><div class="battle-history"><small>[The opposing Charizard's Drought]</small><br><small>The sunlight turned harsh!</small><br></div><div class="spacer battle-history"><br></div><div class="battle-history"><small>(The sunlight is strong!)</small><br></div><div class="battle-history"><small>Clefable restored a little HP using its Leftovers!</small><br></div><div class="spacer battle-history"><br></div><h2 class="battle-history">Turn 45</h2><div class="chat chatmessage-yeluu"><strong style="color:hsl(2,68%,47.711250953365095%)"><small>☆</small><span class="username" data-name="Yeluu">Yeluu</span>:</strong> <em>que esa mamada</em></div><div class="chat chatmessage-yeluu"><strong style="color:hsl(2,68%,47.711250953365095%)"><small>☆</small><span class="username" data-name="Yeluu">Yeluu</span>:</strong> <em>es scarf</em></div><div class="chat chatmessage-danieldl"><strong style="color:hsl(85,60%,34%)"><small>+</small><span class="username" data-name="DanielDL">DanielDL</span>:</strong> <em>jajajajaja</em></div><div class="chat chatmessage-yeluu"><strong style="color:hsl(2,68%,47.711250953365095%)"><small>☆</small><span class="username" data-name="Yeluu">Yeluu</span>:</strong> <em>zeraora scarf</em></div><div class="chat chatmessage-mspinguino2"><strong style="color:hsl(110,45%,35.69279863040313%)"><small>☆</small><span class="username" data-name="ms pinguino 2">ms pinguino 2</span>:</strong> <em>si fuera el otor charizar ganaba</em></div><div class="chat chatmessage-yeluu"><strong style="color:hsl(2,68%,47.711250953365095%)"><small>☆</small><span class="username" data-name="Yeluu">Yeluu</span>:</strong> <em>☆ms pinguino 2?</em></div><div class="chat chatmessage-mspinguino2"><strong style="color:hsl(110,45%,35.69279863040313%)"><small>☆</small><span class="username" data-name="ms pinguino 2">ms pinguino 2</span>:</strong> <em>xd</em></div><div class="spacer battle-history"><br></div><div class="battle-history">ms pinguino 2 withdrew Charizard!<br></div><div class="battle-history">ms pinguino 2 sent out <strong>Zeraora</strong>!<br></div><div class="spacer battle-history"><br></div><div class="battle-history">Clefable, come back!<br></div><div class="battle-history">Go! Latios (<strong>Latios-Mega</strong>)!<br></div><div class="spacer battle-history"><br></div><div class="battle-history"><small>(The sunlight is strong!)</small><br></div><div class="spacer battle-history"><br></div><h2 class="battle-history">Turn 46</h2><div class="chat chatmessage-danieldl"><strong style="color:hsl(85,60%,34%)"><small>+</small><span class="username" data-name="DanielDL">DanielDL</span>:</strong> <em>kick kick kick buttowski</em></div><div class="spacer battle-history"><br></div><div class="battle-history">Latios, come back!<br></div><div class="battle-history">Go! <strong>Ferrothorn</strong>!<br></div><div class="spacer battle-history"><br></div><div class="battle-history">The opposing Zeraora used <strong>Hidden Power</strong>!<br></div><div class="battle-history"><small>(Ferrothorn lost <abbr title="−36/352">10.2%</abbr> of its health!)</small><br></div><div class="spacer battle-history"><br></div><div class="battle-history"><small>(The sunlight is strong!)</small><br></div><div class="spacer battle-history"><br></div><h2 class="battle-history">Turn 47</h2><div class="spacer battle-history"><br></div><div class="battle-history">ms pinguino 2 withdrew Zeraora!<br></div><div class="battle-history">ms pinguino 2 sent out Charizard (<strong>Charizard-Mega-Y</strong>)!<br></div><div class="spacer battle-history"><br></div><div class="battle-history">Ferrothorn used <strong>Leech Seed</strong>!<br></div><div class="battle-history"><small>The opposing Charizard avoided the attack!</small><br></div><div class="spacer battle-history"><br></div><div class="battle-history"><small>(The sunlight is strong!)</small><br></div><div class="spacer battle-history"><br></div><h2 class="battle-history">Turn 48</h2><div class="spacer battle-history"><br></div><div class="battle-history">Ferrothorn, come back!<br></div><div class="battle-history">Go! Latios (<strong>Latios-Mega</strong>)!<br></div><div class="spacer battle-history"><br></div><div class="battle-history">The opposing Charizard used <strong>Fire Blast</strong>!<br></div><div class="battle-history"><small>It's not very effective...</small><br></div><div class="battle-history"><small>(Latios lost <abbr title="−161/301">53.5%</abbr> of its health!)</small><br></div><div class="spacer battle-history"><br></div><div class="battle-history"><small>The sunlight faded.</small><br></div><div class="spacer battle-history"><br></div><h2 class="battle-history">Turn 49</h2><div class="spacer battle-history"><br></div><div class="battle-history">Latios used <strong>Roost</strong>!<br></div><div class="battle-history"><small>Latios restored its HP.</small><br></div><div class="spacer battle-history"><br></div><div class="battle-history">The opposing Charizard used <strong>Focus Blast</strong>!<br></div><div class="battle-history"><small>It's not very effective...</small><br></div><div class="battle-history"><small>(Latios lost <abbr title="−72/301">23.9%</abbr> of its health!)</small><br></div><div class="spacer battle-history"><br></div><h2 class="battle-history">Turn 50</h2><div class="chat chatmessage-mspinguino2"><strong style="color:hsl(110,45%,35.69279863040313%)"><small>☆</small><span class="username" data-name="ms pinguino 2">ms pinguino 2</span>:</strong> <em>esperaba bajar la def especial</em></div><div class="chat chatmessage-mspinguino2"><strong style="color:hsl(110,45%,35.69279863040313%)"><small>☆</small><span class="username" data-name="ms pinguino 2">ms pinguino 2</span>:</strong> <em>xd</em></div><div class="spacer battle-history"><br></div><div class="battle-history">ms pinguino 2 withdrew Charizard!<br></div><div class="battle-history">ms pinguino 2 sent out <strong>Excadrill</strong>!<br></div><div class="spacer battle-history"><br></div><div class="battle-history">Latios used <strong>Roost</strong>!<br></div><div class="battle-history"><small>Latios restored its HP.</small><br></div><div class="spacer battle-history"><br></div><h2 class="battle-history">Turn 51</h2><div class="spacer battle-history"><br></div><div class="battle-history">Latios used <strong>Earthquake</strong>!<br></div><div class="battle-history"><small>It's super effective!</small><br></div><div class="battle-history"><small>(The opposing Excadrill lost <abbr title="−180/361">49.9%</abbr> of its health!)</small><br></div><div class="spacer battle-history"><br></div><div class="battle-history">The opposing Excadrill fainted!<br></div><div class="spacer battle-history"><br></div><div class="battle-history">ms pinguino 2 sent out <strong>Zeraora</strong>!<br></div><div class="spacer battle-history"><br></div><h2 class="battle-history">Turn 52</h2><div class="chat chatmessage-staryonaka"><strong style="color:hsl(4,46%,51.81909226206877%)"><small>か</small><span class="username" data-name="❣Star Yonaka">❣Star Yonaka</span>:</strong> <em>lindo 6-0</em></div><div class="chat chatmessage-staryonaka"><strong style="color:hsl(4,46%,51.81909226206877%)"><small>か</small><span class="username" data-name="❣Star Yonaka">❣Star Yonaka</span>:</strong> <em>👀</em></div><div class="chat chatmessage-mspinguino2"><strong style="color:hsl(110,45%,35.69279863040313%)"><small>☆</small><span class="username" data-name="ms pinguino 2">ms pinguino 2</span>:</strong> <em>esto me dolera</em></div><div class="chat chatmessage-mspinguino2"><strong style="color:hsl(110,45%,35.69279863040313%)"><small>☆</small><span class="username" data-name="ms pinguino 2">ms pinguino 2</span>:</strong> <em>xd</em></div><div class="spacer battle-history"><br></div><div class="battle-history">The opposing Zeraora used <strong>Volt Switch</strong>!<br></div><div class="battle-history"><small>It's not very effective...</small><br></div><div class="battle-history"><small>(Latios lost <abbr title="−44/301">14.6%</abbr> of its health!)</small><br></div><div class="spacer battle-history"><br></div><div class="battle-history">The opposing Zeraora went back to ms pinguino 2!<br></div><div class="battle-history">ms pinguino 2 sent out Charizard (<strong>Charizard-Mega-Y</strong>)!<br></div><div class="battle-history"><small>[The opposing Charizard's Drought]</small><br><small>The sunlight turned harsh!</small><br></div><div class="spacer battle-history"><br></div><div class="battle-history">Latios used <strong>Psychic</strong>!<br></div><div class="battle-history"><small>(The opposing Charizard lost <abbr title="−174/297">58.6%</abbr> of its health!)</small><br></div><div class="spacer battle-history"><br></div><div class="battle-history"><small>(The sunlight is strong!)</small><br></div><div class="spacer battle-history"><br></div><h2 class="battle-history">Turn 53</h2><div class="spacer battle-history"><br></div><div class="battle-history">Latios used <strong>Psychic</strong>!<br></div><div class="battle-history"><small>(The opposing Charizard lost <abbr title="−3/297">1.0%</abbr> of its health!)</small><br></div><div class="spacer battle-history"><br></div><div class="battle-history">The opposing Charizard fainted!<br></div><div class="spacer battle-history"><br></div><div class="battle-history"><small>(The sunlight is strong!)</small><br></div><div class="spacer battle-history"><br></div><div class="battle-history">ms pinguino 2 sent out <strong>Zeraora</strong>!<br></div><div class="spacer battle-history"><br></div><h2 class="battle-history">Turn 54</h2><div class="chat chatmessage-mspinguino2"><strong style="color:hsl(110,45%,35.69279863040313%)"><small>☆</small><span class="username" data-name="ms pinguino 2">ms pinguino 2</span>:</strong> <em>ya vali nepe</em></div><div class="spacer battle-history"><br></div><div class="battle-history">Latios, come back!<br></div><div class="battle-history">Go! <strong>Ferrothorn</strong>!<br></div><div class="spacer battle-history"><br></div><div class="battle-history">The opposing Zeraora used <strong>Close Combat</strong>!<br></div><div class="battle-history"><small>It's super effective!</small><br></div><div class="battle-history"><small>(Ferrothorn lost <abbr title="−188/352">53.4%</abbr> of its health!)</small><br></div><div class="battle-history"><small>[Ferrothorn's Iron Barbs]</small><br><small>The opposing Zeraora was hurt!</small><br></div><div class="battle-history"><small>The opposing Zeraora's Defense fell!</small><br></div><div class="battle-history"><small>The opposing Zeraora's Special Defense fell!</small><br></div><div class="spacer battle-history"><br></div><div class="battle-history"><small>(The sunlight is strong!)</small><br></div><div class="spacer battle-history"><br></div><h2 class="battle-history">Turn 55</h2><div class="chat chatmessage-yeluu"><strong style="color:hsl(2,68%,47.711250953365095%)"><small>☆</small><span class="username" data-name="Yeluu">Yeluu</span>:</strong> <em>nada nuevo ;)</em></div><div class="spacer battle-history"><br></div><div class="battle-history">Ferrothorn, come back!<br></div><div class="battle-history">Go! Landorus (<strong>Landorus-Therian</strong>)!<br></div><div class="battle-history"><small>[Landorus's Intimidate]</small><br></div><div class="battle-history"><small>The opposing Zeraora's Attack fell!</small><br></div><div class="spacer battle-history"><br></div><div class="battle-history">The opposing Zeraora used <strong>Close Combat</strong>!<br></div><div class="battle-history"><small>It's not very effective...</small><br></div><div class="battle-history"><small>(Landorus lost <abbr title="−42/319">13.2%</abbr> of its health!)</small><br></div><div class="battle-history"><small>The opposing Zeraora's Defense fell!</small><br></div><div class="battle-history"><small>The opposing Zeraora's Special Defense fell!</small><br></div><div class="spacer battle-history"><br></div><div class="battle-history"><small>(The sunlight is strong!)</small><br></div><div class="spacer battle-history"><br></div><h2 class="battle-history">Turn 56</h2><div class="chat chatmessage-danieldl"><strong style="color:hsl(85,60%,34%)"><small>+</small><span class="username" data-name="DanielDL">DanielDL</span>:</strong> <em>ahora</em></div><div class="spacer battle-history"><br></div><div class="battle-history">The opposing Zeraora used <strong>Close Combat</strong>!<br></div><div class="battle-history"><small>It's not very effective...</small><br></div><div class="battle-history"><small>(Landorus lost <abbr title="−45/319">14.1%</abbr> of its health!)</small><br></div><div class="battle-history"><small>The opposing Zeraora's Defense fell!</small><br></div><div class="battle-history"><small>The opposing Zeraora's Special Defense fell!</small><br></div><div class="spacer battle-history"><br></div><div class="battle-history">Landorus used <strong>Defog</strong>!<br></div><div class="battle-history"><small>The opposing Zeraora's evasiveness fell!</small><br></div><div class="battle-history"><small>But it failed!</small><br></div><div class="spacer battle-history"><br></div><div class="battle-history"><small>The sunlight faded.</small><br></div><div class="spacer battle-history"><br></div><h2 class="battle-history">Turn 57</h2><div class="chat chatmessage-camilacruz"><strong style="color:hsl(107,48%,44.819126939248115%)"><small>ஐ</small><span class="username" data-name="Camila Cruzヤミ♥">Camila Cruzヤミ♥</span>:</strong> <em>[00:01] ms pinguino 2: quieres jugar</em></div><div class="chat chatmessage-danieldl"><strong style="color:hsl(85,60%,34%)"><small>+</small><span class="username" data-name="DanielDL">DanielDL</span>:</strong> <em>vamos a ver su es scarf</em></div><div class="chat chatmessage-camilacruz"><strong style="color:hsl(107,48%,44.819126939248115%)"><small>ஐ</small><span class="username" data-name="Camila Cruzヤミ♥">Camila Cruzヤミ♥</span>:</strong> <em>[00:01] ms pinguino 2: y ver que no soy un charlatan</em></div><div class="chat chatmessage-danieldl"><strong style="color:hsl(85,60%,34%)"><small>+</small><span class="username" data-name="DanielDL">DanielDL</span>:</strong> <em>que vergas</em></div><div class="chat chatmessage-camilacruz"><strong style="color:hsl(107,48%,44.819126939248115%)"><small>ஐ</small><span class="username" data-name="Camila Cruzヤミ♥">Camila Cruzヤミ♥</span>:</strong> <em></em></div><div class="spacer battle-history"><br></div><div class="battle-history">The opposing Zeraora used <strong>Close Combat</strong>!<br></div><div class="battle-history"><small>It's not very effective...</small><br></div><div class="battle-history"><small>(Landorus lost <abbr title="−42/319">13.2%</abbr> of its health!)</small><br></div><div class="battle-history"><small>The opposing Zeraora's Defense fell!</small><br></div><div class="battle-history"><small>The opposing Zeraora's Special Defense fell!</small><br></div><div class="spacer battle-history"><br></div><div class="battle-history">Landorus used <strong>Defog</strong>!<br></div><div class="battle-history"><small>The opposing Zeraora's evasiveness fell!</small><br></div><div class="battle-history"><small>But it failed!</small><br></div><div class="spacer battle-history"><br></div><h2 class="battle-history">Turn 58</h2><div class="chat chatmessage-mspinguino2"><strong style="color:hsl(110,45%,35.69279863040313%)"><small>☆</small><span class="username" data-name="ms pinguino 2">ms pinguino 2</span>:</strong> <em>xddd</em></div><div class="chat chatmessage-yeluu"><strong style="color:hsl(2,68%,47.711250953365095%)"><small>☆</small><span class="username" data-name="Yeluu">Yeluu</span>:</strong> <em>si es scarf</em></div><div class="chat chatmessage-yeluu"><strong style="color:hsl(2,68%,47.711250953365095%)"><small>☆</small><span class="username" data-name="Yeluu">Yeluu</span>:</strong> <em>lmao</em></div><div class="chat chatmessage-mspinguino2"><strong style="color:hsl(110,45%,35.69279863040313%)"><small>☆</small><span class="username" data-name="ms pinguino 2">ms pinguino 2</span>:</strong> <em>mañana sera otro dia</em></div><div class="spacer battle-history"><br></div><div class="battle-history">The opposing Zeraora used <strong>Close Combat</strong>!<br></div><div class="battle-history"><small>It's not very effective...</small><br></div><div class="battle-history"><small>(Landorus lost <abbr title="−45/319">14.1%</abbr> of its health!)</small><br></div><div class="battle-history"><small>The opposing Zeraora's Defense fell!</small><br></div><div class="battle-history"><small>The opposing Zeraora's Special Defense fell!</small><br></div><div class="spacer battle-history"><br></div><div class="battle-history">Landorus used <strong>Defog</strong>!<br></div><div class="battle-history"><small>The opposing Zeraora's evasiveness fell!</small><br></div><div class="battle-history"><small>But it failed!</small><br></div><div class="spacer battle-history"><br></div><h2 class="battle-history">Turn 59</h2><div class="chat chatmessage-yeluu"><strong style="color:hsl(2,68%,47.711250953365095%)"><small>☆</small><span class="username" data-name="Yeluu">Yeluu</span>:</strong> <em>izi</em></div><div class="spacer battle-history"><br></div><div class="battle-history">Landorus, come back!<br></div><div class="battle-history">Go! <strong>Clefable</strong>!<br></div><div class="spacer battle-history"><br></div><div class="battle-history">The opposing Zeraora used <strong>Close Combat</strong>!<br></div><div class="battle-history"><small>It's not very effective...</small><br></div><div class="battle-history"><small>(Clefable lost <abbr title="−40/393">10.2%</abbr> of its health!)</small><br></div><div class="battle-history"><small>The opposing Zeraora's Defense fell!</small><br></div><div class="battle-history"><small>The opposing Zeraora's Special Defense fell!</small><br></div><div class="spacer battle-history"><br></div><div class="battle-history"><small>Clefable restored a little HP using its Leftovers!</small><br></div><div class="spacer battle-history"><br></div><h2 class="battle-history">Turn 60</h2><div class="chat chatmessage-danieldl"><strong style="color:hsl(85,60%,34%)"><small>+</small><span class="username" data-name="DanielDL">DanielDL</span>:</strong> <em>yeluu</em></div><div class="spacer battle-history"><br></div><div class="battle-history">The opposing Zeraora used <strong>Close Combat</strong>!<br></div><div class="battle-history"><small>It's not very effective...</small><br></div><div class="battle-history"><small>(Clefable lost <abbr title="−35/393">8.9%</abbr> of its health!)</small><br></div><div class="spacer battle-history"><br></div><div class="battle-history">Clefable used <strong>Soft-Boiled</strong>!<br></div><div class="battle-history"><small>Clefable restored its HP.</small><br></div><div class="spacer battle-history"><br></div><div class="battle-history"><small>Clefable restored a little HP using its Leftovers!</small><br></div><div class="spacer battle-history"><br></div><h2 class="battle-history">Turn 61</h2><div class="chat chatmessage-danieldl"><strong style="color:hsl(85,60%,34%)"><small>+</small><span class="username" data-name="DanielDL">DanielDL</span>:</strong> <em>el lando es scarf no?</em></div><div class="spacer battle-history"><br></div><div class="battle-history">The opposing Zeraora used <strong>Close Combat</strong>!<br></div><div class="battle-history"><small>It's not very effective...</small><br></div><div class="battle-history"><small>(Clefable lost <abbr title="−36/393">9.2%</abbr> of its health!)</small><br></div><div class="spacer battle-history"><br></div><div class="battle-history">Clefable used <strong>Wish</strong>!<br></div><div class="spacer battle-history"><br></div><div class="battle-history"><small>Clefable restored a little HP using its Leftovers!</small><br></div><div class="spacer battle-history"><br></div><h2 class="battle-history">Turn 62</h2><div class="chat chatmessage-yeluu"><strong style="color:hsl(2,68%,47.711250953365095%)"><small>☆</small><span class="username" data-name="Yeluu">Yeluu</span>:</strong> <em>yep</em></div><div class="chat chatmessage-danieldl"><strong style="color:hsl(85,60%,34%)"><small>+</small><span class="username" data-name="DanielDL">DanielDL</span>:</strong> <em>ya sabia</em></div><div class="chat chatmessage-danieldl"><strong style="color:hsl(85,60%,34%)"><small>+</small><span class="username" data-name="DanielDL">DanielDL</span>:</strong> <em>xD</em></div><div class="spacer battle-history"><br></div><div class="battle-history">Clefable, come back!<br></div><div class="battle-history">Go! Landorus (<strong>Landorus-Therian</strong>)!<br></div><div class="battle-history"><small>[Landorus's Intimidate]</small><br></div><div class="battle-history"><small>The opposing Zeraora's Attack fell!</small><br></div><div class="battle-history"><small>The opposing Zeraora has no moves left!</small><br></div><div class="spacer battle-history"><br></div><div class="battle-history">The opposing Zeraora used <strong>Struggle</strong>!<br></div><div class="battle-history"><small>(Landorus lost <abbr title="−29/319">9.1%</abbr> of its health!)</small><br></div><div class="battle-history"><small>The opposing Zeraora is damaged by the recoil!</small><br></div><div class="spacer battle-history"><br></div><div class="battle-history"><small>Clefable's wish came true!</small><br></div><div class="spacer battle-history"><br></div><h2 class="battle-history">Turn 63</h2><div class="chat chatmessage-staryonaka"><strong style="color:hsl(4,46%,51.81909226206877%)"><small>か</small><span class="username" data-name="❣Star Yonaka">❣Star Yonaka</span>:</strong> <em>xd</em></div><div class="spacer battle-history"><br></div><div class="battle-history">Landorus, come back!<br></div><div class="battle-history">Go! <strong>Heatran</strong>!<br></div><div class="battle-history"><small>The opposing Zeraora has no moves left!</small><br></div><div class="spacer battle-history"><br></div><div class="battle-history">The opposing Zeraora used <strong>Struggle</strong>!<br></div><div class="battle-history"><small>(Heatran lost <abbr title="−28/323">8.7%</abbr> of its health!)</small><br></div><div class="battle-history"><small>The opposing Zeraora is damaged by the recoil!</small><br></div><div class="spacer battle-history"><br></div><h2 class="battle-history">Turn 64</h2><div class="spacer battle-history"><br></div><div class="battle-history"><small>The opposing Zeraora has no moves left!</small><br></div><div class="spacer battle-history"><br></div><div class="battle-history">The opposing Zeraora used <strong>Struggle</strong>!<br></div><div class="battle-history"><small>(Heatran lost <abbr title="−26/323">8.0%</abbr> of its health!)</small><br></div><div class="battle-history"><small>The opposing Zeraora is damaged by the recoil!</small><br></div><div class="battle-history"><small>Heatran surrounded itself with its Z-Power!</small><br></div><div class="spacer battle-history"><br></div><div class="battle-history">Heatran used <strong>Inferno Overdrive</strong>!<br></div><div class="battle-history"><small>(The opposing Zeraora lost <abbr title="−2/317">0.6%</abbr> of its health!)</small><br></div><div class="spacer battle-history"><br></div><div class="battle-history">The opposing Zeraora fainted!<br></div><div class="spacer battle-history"><br></div><div class="battle-history"><strong>Yeluu</strong> won the battle!<br></div></div><div class="inner-preempt"></div></div></div>
</div>
<script>
let daily = Math.floor(Date.now()/1000/60/60/24);document.write('<script src="https://play.pokemonshowdown.com/js/replay-embed.js?version'+daily+'"></'+'script>');
</script>
