<!DOCTYPE html>
<meta charset="utf-8" />
<!-- version 1 -->
<title>OU replay: RayParK_ vs. jules5678</title>
<style>
html,body {font-family:Verdana, sans-serif;font-size:10pt;margin:0;padding:0;}body{padding:12px 0;} .battle-log {font-family:Verdana, sans-serif;font-size:10pt;} .battle-log-inline {border:1px solid #AAAAAA;background:#EEF2F5;color:black;max-width:640px;margin:0 auto 80px;padding-bottom:5px;} .battle-log .inner {padding:4px 8px 0px 8px;} .battle-log .inner-preempt {padding:0 8px 4px 8px;} .battle-log .inner-after {margin-top:0.5em;} .battle-log h2 {margin:0.5em -8px;padding:4px 8px;border:1px solid #AAAAAA;background:#E0E7EA;border-left:0;border-right:0;font-family:Verdana, sans-serif;font-size:13pt;} .battle-log .chat {vertical-align:middle;padding:3px 0 3px 0;font-size:8pt;} .battle-log .chat strong {color:#40576A;} .battle-log .chat em {padding:1px 4px 1px 3px;color:#000000;font-style:normal;} .chat.mine {background:rgba(0,0,0,0.05);margin-left:-8px;margin-right:-8px;padding-left:8px;padding-right:8px;} .spoiler {color:#BBBBBB;background:#BBBBBB;padding:0px 3px;} .spoiler:hover, .spoiler:active, .spoiler-shown {color:#000000;background:#E2E2E2;padding:0px 3px;} .spoiler a {color:#BBBBBB;} .spoiler:hover a, .spoiler:active a, .spoiler-shown a {color:#2288CC;} .chat code, .chat .spoiler:hover code, .chat .spoiler:active code, .chat .spoiler-shown code {border:1px solid #C0C0C0;background:#EEEEEE;color:black;padding:0 2px;} .chat .spoiler code {border:1px solid #CCCCCC;background:#CCCCCC;color:#CCCCCC;} .battle-log .rated {padding:3px 4px;} .battle-log .rated strong {color:white;background:#89A;padding:1px 4px;border-radius:4px;} .spacer {margin-top:0.5em;} .message-announce {background:#6688AA;color:white;padding:1px 4px 2px;} .message-announce a, .broadcast-green a, .broadcast-blue a, .broadcast-red a {color:#DDEEFF;} .broadcast-green {background-color:#559955;color:white;padding:2px 4px;} .broadcast-blue {background-color:#6688AA;color:white;padding:2px 4px;} .infobox {border:1px solid #6688AA;padding:2px 4px;} .infobox-limited {max-height:200px;overflow:auto;overflow-x:hidden;} .broadcast-red {background-color:#AA5544;color:white;padding:2px 4px;} .message-learn-canlearn {font-weight:bold;color:#228822;text-decoration:underline;} .message-learn-cannotlearn {font-weight:bold;color:#CC2222;text-decoration:underline;} .message-effect-weak {font-weight:bold;color:#CC2222;} .message-effect-resist {font-weight:bold;color:#6688AA;} .message-effect-immune {font-weight:bold;color:#666666;} .message-learn-list {margin-top:0;margin-bottom:0;} .message-throttle-notice, .message-error {color:#992222;} .message-overflow, .chat small.message-overflow {font-size:0pt;} .message-overflow::before {font-size:9pt;content:'...';} .subtle {color:#3A4A66;}
</style>
<div class="wrapper replay-wrapper" style="max-width:1180px;margin:0 auto">
<input type="hidden" name="replayid" value="destiny-ou-416233" />
<div class="battle"></div><div class="battle-log"></div><div class="replay-controls"></div><div class="replay-controls-2"></div>
<h1 style="font-weight:normal;text-align:center"><strong>OU</strong><br /><a href="http://pokemonshowdown.com/users/raypark" class="subtle" target="_blank">RayParK_</a> vs. <a href="http://pokemonshowdown.com/users/jules5678" class="subtle" target="_blank">jules5678</a></h1>
<script type="text/plain" class="battle-log-data">|player|p1|RayParK_|101
|teamsize|p1|6
|player|p2|jules5678|jules5678-2.gif?da847782
|teamsize|p2|6
|teamsize|p1|6
|teamsize|p2|6
|gametype|singles
|gen|7
|tier|OU
|rated
|seed|7663,27507,9412,42476
|rule|Cláusula-Mod de Dormir: solo puedes dormir a uno de tus oponentes a la vez.
|rule|Cláusula de Especie: Hasta un Pokémon de cada especie
|rule|Cláusula de Golpe Fulminante: los movimientos fulminantes (OHKO) estan prohibidos
|rule|Cláusula de Veleta: la habilidad Veleta está prohibida
|rule|Cláusula de Movimientos Evasivos: los movimientos de Evasión están prohibidos.
|rule|Cláusula de Batallas Eternas: forzar batallas eternas está prohibido
|clearpoke
|poke|p1|Clefable, F, shiny|item
|poke|p1|Landorus-Therian, M|item
|poke|p1|Pinsir, M|item
|poke|p1|Zygarde|item
|poke|p1|Chansey, F|item
|poke|p1|Tapu Bulu|item
|poke|p2|Metagross|item
|poke|p2|Medicham, F|item
|poke|p2|Tyranitar, F|item
|poke|p2|Landorus-Therian, M|item
|poke|p2|Chesnaught, F|item
|poke|p2|Tapu Koko|item
|teampreview|undefined
|choice|*|*team 423156
|choice|*team 623451|*
|choice|team 6, 2, 3, 4, 5, 1|team 4, 2, 3, 1, 5, 6
|
|start
|switch|p1a: Tapu Bulu|Tapu Bulu|281\/281
|switch|p2a: Landorus|Landorus-Therian, M|319\/319
|-fieldstart|move: Grassy Terrain|[from] ability: Grassy Surge|[of] p1a: Tapu Bulu
|-ability|p2a: Landorus|Intimidate|boost
|-unboost|p1a: Tapu Bulu|atk|1
|turn|1
|choice|*|*move 4
|choice|*switch 2|*
|choice|switch 2|move sludgewave
|
|switch|p1a: Landorus|Landorus-Therian, M|382\/382
|-ability|p1a: Landorus|Intimidate|boost
|-unboost|p2a: Landorus|atk|1
|move|p2a: Landorus|Sludge Wave|p1a: Landorus
|-resisted|p1a: Landorus
|-damage|p1a: Landorus|300\/382
|-damage|p2a: Landorus|288\/319|[from] item: Life Orb
|
|upkeep
|turn|2
|choice|*|*move 1
|choice|*switch 5|*
|choice|switch 5|move hiddenpower
|
|switch|p1a: Chansey|Chansey, F|704\/704
|move|p2a: Landorus|Hidden Power|p1a: Chansey
|-crit|p1a: Chansey
|-damage|p1a: Chansey|617\/704
|-damage|p2a: Landorus|257\/319|[from] item: Life Orb
|
|-heal|p1a: Chansey|661\/704|[from] Grassy Terrain
|upkeep
|turn|3
|choice|*|*switch 3
|choice|*move 4|*
|choice|move thunderwave|switch 3
|
|switch|p2a: Tyranitar|Tyranitar, F|404\/404
|-weather|Sandstorm|[from] ability: Sand Stream|[of] p2a: Tyranitar
|move|p1a: Chansey|Thunder Wave|p2a: Tyranitar
|-status|p2a: Tyranitar|par
|
|-weather|Sandstorm|[upkeep]
|-damage|p1a: Chansey|617\/704|[from] sandstorm
|-heal|p1a: Chansey|661\/704|[from] Grassy Terrain
|upkeep
|turn|4
|choice|*|*move 2 mega
|choice|*switch 5|*
|choice|switch 5|move stealthrock mega
|
|switch|p1a: Landorus|Landorus-Therian, M|300\/382
|-ability|p1a: Landorus|Intimidate|boost
|-unboost|p2a: Tyranitar|atk|1
|-mega|p2a: Tyranitar|Tyranitar|Tyranitarite
|detailschange|p2a: Tyranitar|Tyranitar-Mega, F
|move|p2a: Tyranitar|Stealth Rock|p1a: Landorus
|-sidestart|p1: RayParK_|move: Stealth Rock
|
|-weather|Sandstorm|[upkeep]
|upkeep
|turn|5
|choice|*move 4|*
|choice|*|*switch 3
|choice|move defog|switch 3
|
|switch|p2a: Landorus|Landorus-Therian, M|257\/319
|-ability|p2a: Landorus|Intimidate|boost
|-unboost|p1a: Landorus|atk|1
|move|p1a: Landorus|Defog|p2a: Landorus
|-unboost|p2a: Landorus|evasion|1
|-sideend|p1: RayParK_|Stealth Rock|[from] move: Defog|[of] p1a: Landorus
|
|-weather|Sandstorm|[upkeep]
|-fieldend|move: Grassy Terrain
|upkeep
|turn|6
|choice|*|*switch 2
|choice|*move 2|*
|choice|*|*switch 5
|choice|move hiddenpower|switch 5
|
|switch|p2a: Chesnaught|Chesnaught, F|379\/379
|move|p1a: Landorus|Hidden Power|p2a: Chesnaught
|-supereffective|p2a: Chesnaught
|-damage|p2a: Chesnaught|291\/379
|
|-weather|Sandstorm|[upkeep]
|-damage|p2a: Chesnaught|268\/379|[from] sandstorm
|-heal|p2a: Chesnaught|291\/379|[from] item: Leftovers
|upkeep
|turn|7
|c|☆jules5678|lol
|choice|*|*move 4
|choice|*switch 3|*
|choice|switch 3|move spikes
|
|switch|p1a: Pinsir|Pinsir, M|272\/272
|move|p2a: Chesnaught|Spikes|p1a: Pinsir
|-sidestart|p1: RayParK_|Spikes
|
|-weather|none
|-heal|p2a: Chesnaught|314\/379|[from] item: Leftovers
|upkeep
|turn|8
|choice|*|*switch 6
|choice|*move 2 mega|*
|choice|move frustration mega|switch 6
|
|switch|p2a: Tapu Koko|Tapu Koko|281\/281
|-fieldstart|move: Electric Terrain|[from] ability: Electric Surge|[of] p2a: Tapu Koko
|-mega|p1a: Pinsir|Pinsir|Pinsirite
|detailschange|p1a: Pinsir|Pinsir-Mega, M
|move|p1a: Pinsir|Frustration|p2a: Tapu Koko
|-resisted|p2a: Tapu Koko
|-damage|p2a: Tapu Koko|137\/281
|
|upkeep
|turn|9
|choice|*|*move 1
|choice|*|*move 2
|choice|*switch 5|*
|choice|switch 5|move uturn
|
|switch|p1a: Chansey|Chansey, F|661\/704
|-damage|p1a: Chansey|573\/704|[from] Spikes
|move|p2a: Tapu Koko|U-turn|p1a: Chansey
|-damage|p1a: Chansey|506\/704
|choice|*|*switch 2
|choice||switch 2
|
|switch|p2a: Medicham|Medicham, F|261\/261|[from]move: U-turn
|
|upkeep
|turn|10
|choice|*switch 6|*
|choice|*|*move 2
|choice|switch 6|move zenheadbutt
|
|switch|p1a: Clefable|Clefable, F, shiny|394\/394
|move|p2a: Medicham|Zen Headbutt|p1a: Clefable
|-damage|p1a: Clefable|247\/394
|
|-heal|p1a: Clefable|271\/394|[from] item: Leftovers
|upkeep
|turn|11
|choice|*|*switch 4
|choice|*move 2|*
|choice|move stealthrock|switch 4
|
|switch|p2a: Metagross|Metagross|301\/301
|move|p1a: Clefable|Stealth Rock|p2a: Metagross
|-sidestart|p2: jules5678|move: Stealth Rock
|
|-heal|p1a: Clefable|295\/394|[from] item: Leftovers
|upkeep
|turn|12
|choice|*switch 3|*
|choice|*|*move 4
|choice|switch 3|move meteormash
|
|switch|p1a: Landorus|Landorus-Therian, M|300\/382
|-ability|p1a: Landorus|Intimidate|boost
|-fail|p2a: Metagross|unboost|[from] ability: Clear Body|[of] p2a: Metagross
|move|p2a: Metagross|Meteor Mash|p1a: Landorus
|-damage|p1a: Landorus|162\/382
|-damage|p2a: Metagross|251\/301|[from] item: Rocky Helmet|[of] p1a: Landorus
|
|-fieldend|move: Electric Terrain
|upkeep
|turn|13
|choice|*move 2|*
|choice|*|*switch 5
|choice|move hiddenpower|switch 5
|
|switch|p2a: Landorus|Landorus-Therian, M|257\/319
|-damage|p2a: Landorus|218\/319|[from] Stealth Rock
|-ability|p2a: Landorus|Intimidate|boost
|-unboost|p1a: Landorus|atk|1
|move|p1a: Landorus|Hidden Power|p2a: Landorus
|-supereffective|p2a: Landorus
|-damage|p2a: Landorus|0 fnt
|faint|p2a: Landorus
|
|upkeep
|choice|*|*switch 6
|choice||switch 6
|
|switch|p2a: Chesnaught|Chesnaught, F|314\/379
|-damage|p2a: Chesnaught|291\/379|[from] Stealth Rock
|turn|14
|choice|*|*move 4
|choice|*switch 5|*
|choice|switch 5|move spikes
|
|switch|p1a: Pinsir|Pinsir-Mega, M|272\/272
|move|p2a: Chesnaught|Spikes|p1a: Pinsir
|-sidestart|p1: RayParK_|Spikes
|
|-heal|p2a: Chesnaught|314\/379|[from] item: Leftovers
|upkeep
|turn|15
|choice|*move 2|*
|choice|*|*move 2
|choice|move frustration|move woodhammer
|
|move|p1a: Pinsir|Frustration|p2a: Chesnaught
|-supereffective|p2a: Chesnaught
|-crit|p2a: Chesnaught
|-damage|p2a: Chesnaught|0 fnt
|faint|p2a: Chesnaught
|
|upkeep
|choice|*|*switch 2
|choice||switch 2
|
|switch|p2a: Tapu Koko|Tapu Koko|137\/281
|-damage|p2a: Tapu Koko|102\/281|[from] Stealth Rock
|-fieldstart|move: Electric Terrain|[from] ability: Electric Surge|[of] p2a: Tapu Koko
|turn|16
|choice|*|*move 1
|choice|*switch 2|*
|choice|switch 2|move thunderbolt
|
|switch|p1a: Tapu Bulu|Tapu Bulu|281\/281
|-damage|p1a: Tapu Bulu|235\/281|[from] Spikes
|-fieldstart|move: Grassy Terrain|[from] ability: Grassy Surge|[of] p1a: Tapu Bulu
|move|p2a: Tapu Koko|Thunderbolt|p1a: Tapu Bulu
|-resisted|p1a: Tapu Bulu
|-damage|p1a: Tapu Bulu|173\/281
|
|-heal|p2a: Tapu Koko|119\/281|[from] Grassy Terrain
|-heal|p1a: Tapu Bulu|190\/281|[from] Grassy Terrain
|upkeep
|turn|17
|choice|*|*switch 5
|choice|*move 2|*
|choice|move hornleech|switch 5
|
|switch|p2a: Metagross|Metagross|251\/301
|-damage|p2a: Metagross|233\/301|[from] Stealth Rock
|move|p1a: Tapu Bulu|Horn Leech|p2a: Metagross
|-resisted|p2a: Metagross
|-damage|p2a: Metagross|153\/301
|-heal|p1a: Tapu Bulu|230\/281|[from] drain|[of] p2a: Metagross
|
|-heal|p1a: Tapu Bulu|247\/281|[from] Grassy Terrain
|-heal|p2a: Metagross|171\/301|[from] Grassy Terrain
|upkeep
|turn|18
|choice|*|*move 4
|choice|*switch 5|*
|choice|switch 5|move meteormash
|
|switch|p1a: Landorus|Landorus-Therian, M|162\/382
|-ability|p1a: Landorus|Intimidate|boost
|-fail|p2a: Metagross|unboost|[from] ability: Clear Body|[of] p2a: Metagross
|move|p2a: Metagross|Meteor Mash|p1a: Landorus
|-damage|p1a: Landorus|15\/382
|-damage|p2a: Metagross|121\/301|[from] item: Rocky Helmet|[of] p1a: Landorus
|
|-heal|p2a: Metagross|139\/301|[from] Grassy Terrain
|upkeep
|turn|19
|choice|*move 1|*
|choice|*|*move 4
|choice|move earthquake|move meteormash
|
|move|p2a: Metagross|Meteor Mash|p1a: Landorus
|-crit|p1a: Landorus
|-damage|p1a: Landorus|0 fnt
|-damage|p2a: Metagross|89\/301|[from] item: Rocky Helmet|[of] p1a: Landorus
|faint|p1a: Landorus
|
|-heal|p2a: Metagross|107\/301|[from] Grassy Terrain
|upkeep
|choice|*switch 2|*
|choice|switch 2|
|
|switch|p1a: Pinsir|Pinsir-Mega, M|272\/272
|turn|20
|choice|*move 3|*
|choice|*|*switch 4
|choice|move earthquake|switch 4
|
|switch|p2a: Medicham|Medicham, F|261\/261
|-damage|p2a: Medicham|245\/261|[from] Stealth Rock
|move|p1a: Pinsir|Earthquake|p2a: Medicham
|-damage|p2a: Medicham|154\/261
|
|-heal|p2a: Medicham|170\/261|[from] Grassy Terrain
|-fieldend|move: Grassy Terrain
|upkeep
|turn|21
|choice|*|*switch 3
|choice|*|*move 1
|choice|*switch 3|*
|choice|switch 3|move icepunch
|
|switch|p1a: Clefable|Clefable, F, shiny|295\/394
|move|p2a: Medicham|Ice Punch|p1a: Clefable
|-damage|p1a: Clefable|200\/394
|
|-heal|p1a: Clefable|224\/394|[from] item: Leftovers
|upkeep
|turn|22
|choice|*|*switch 4
|choice|*move 4|*
|choice|move softboiled|switch 4
|
|switch|p2a: Metagross|Metagross|107\/301
|-damage|p2a: Metagross|89\/301|[from] Stealth Rock
|move|p1a: Clefable|Soft-Boiled|p1a: Clefable
|-heal|p1a: Clefable|394\/394
|
|upkeep
|turn|23
|choice|*|*move 1
|choice|*move 1|*
|choice|move fireblast|move rockpolish
|
|move|p2a: Metagross|Rock Polish|p2a: Metagross
|-boost|p2a: Metagross|spe|2
|move|p1a: Clefable|Fire Blast|p2a: Metagross
|-supereffective|p2a: Metagross
|-damage|p2a: Metagross|0 fnt
|faint|p2a: Metagross
|
|upkeep
|choice|*|*switch 3
|choice||switch 3
|
|switch|p2a: Tyranitar|Tyranitar-Mega, F|404\/404 par
|-damage|p2a: Tyranitar|354\/404 par|[from] Stealth Rock
|-weather|Sandstorm|[from] ability: Sand Stream|[of] p2a: Tyranitar
|turn|24
|choice|*switch 5|*
|choice|*|*move 2
|choice|switch 5|move stealthrock
|
|switch|p1a: Tapu Bulu|Tapu Bulu|247\/281
|-damage|p1a: Tapu Bulu|201\/281|[from] Spikes
|-fieldstart|move: Grassy Terrain|[from] ability: Grassy Surge|[of] p1a: Tapu Bulu
|cant|p2a: Tyranitar|par
|
|-weather|Sandstorm|[upkeep]
|-damage|p1a: Tapu Bulu|184\/281|[from] sandstorm
|-heal|p1a: Tapu Bulu|201\/281|[from] Grassy Terrain
|-heal|p2a: Tyranitar|379\/404 par|[from] Grassy Terrain
|upkeep
|turn|25
|choice|*|*move 2
|choice|*move 1|*
|choice|move woodhammer|move stealthrock
|
|move|p1a: Tapu Bulu|Wood Hammer|p2a: Tyranitar
|-supereffective|p2a: Tyranitar
|-damage|p2a: Tyranitar|0 fnt
|-damage|p1a: Tapu Bulu|76\/281|[from] recoil
|faint|p2a: Tyranitar
|
|-weather|Sandstorm|[upkeep]
|-damage|p1a: Tapu Bulu|59\/281|[from] sandstorm
|-heal|p1a: Tapu Bulu|76\/281|[from] Grassy Terrain
|upkeep
|-message|jules5678 se rindió.
|
|win|RayParK_
RayParK_ ha ganado 8 PokeDolares.
|raw|Puntaje de RayParK_: 1369 &rarr; <strong>1384<\/strong><br \/>(+15 por ganar)
|raw|Puntaje de jules5678: 1291 &rarr; <strong>1272<\/strong><br \/>(-19 por perder)
</script>
</div>
<div class="battle-log battle-log-inline"><div class="inner"><div class="battle-options"></div><div class="inner"><div class=""><small>Format:</small> <br><strong>OU</strong></div><div class="rated"><strong>Rated battle</strong></div><div class=""><small><em>Cláusula-Mod de Dormir:</em> solo puedes dormir a uno de tus oponentes a la vez.</small></div><div class=""><small><em>Cláusula de Especie:</em> Hasta un Pokémon de cada especie</small></div><div class=""><small><em>Cláusula de Golpe Fulminante:</em> los movimientos fulminantes (OHKO) estan prohibidos</small></div><div class=""><small><em>Cláusula de Veleta:</em> la habilidad Veleta está prohibida</small></div><div class=""><small><em>Cláusula de Movimientos Evasivos:</em> los movimientos de Evasión están prohibidos.</small></div><div class=""><small><em>Cláusula de Batallas Eternas:</em> forzar batallas eternas está prohibido</small></div><div class="chat battle-history"><strong>RayParK_'s team:</strong> <em style="color:#445566;display:block;">Clefable / Landorus-Therian / Pinsir / Zygarde / Chansey / Tapu Bulu</em></div><div class="chat battle-history"><strong>jules5678's team:</strong> <em style="color:#445566;display:block;">Metagross / Medicham / Tyranitar / Landorus-Therian / Chesnaught / Tapu Koko</em></div><div class="spacer battle-history"><br></div><div class="battle-history">Battle started between RayParK_ and jules5678!<br></div><div class="spacer battle-history"><br></div><div class="battle-history">Go! <strong>Tapu Bulu</strong>!<br></div><div class="spacer battle-history"><br></div><div class="battle-history">jules5678 sent out Landorus (<strong>Landorus-Therian</strong>)!<br></div><div class="battle-history"><small>[Tapu Bulu's Grassy Surge]</small><br><small>Grass grew to cover the battlefield!</small><br></div><div class="battle-history"><small>[The opposing Landorus's Intimidate]</small><br></div><div class="battle-history"><small>Tapu Bulu's Attack fell!</small><br></div><div class="spacer battle-history"><br></div><h2 class="battle-history">Turn 1</h2><div class="spacer battle-history"><br></div><div class="battle-history">Tapu Bulu, come back!<br></div><div class="battle-history">Go! Landorus (<strong>Landorus-Therian</strong>)!<br></div><div class="battle-history"><small>[Landorus's Intimidate]</small><br></div><div class="battle-history"><small>The opposing Landorus's Attack fell!</small><br></div><div class="spacer battle-history"><br></div><div class="battle-history">The opposing Landorus used <strong>Sludge Wave</strong>!<br></div><div class="battle-history"><small>It's not very effective...</small><br></div><div class="battle-history"><small>(Landorus lost <abbr title="−82/382">21.5%</abbr> of its health!)</small><br></div><div class="battle-history"><small>The opposing Landorus lost some of its HP!</small><br></div><div class="spacer battle-history"><br></div><h2 class="battle-history">Turn 2</h2><div class="spacer battle-history"><br></div><div class="battle-history">Landorus, come back!<br></div><div class="battle-history">Go! <strong>Chansey</strong>!<br></div><div class="spacer battle-history"><br></div><div class="battle-history">The opposing Landorus used <strong>Hidden Power</strong>!<br></div><div class="battle-history"><small>A critical hit!</small><br></div><div class="battle-history"><small>(Chansey lost <abbr title="−87/704">12.4%</abbr> of its health!)</small><br></div><div class="battle-history"><small>The opposing Landorus lost some of its HP!</small><br></div><div class="spacer battle-history"><br></div><div class="battle-history"><small>Chansey restored HP using its Grassy Terrain!</small><br></div><div class="spacer battle-history"><br></div><h2 class="battle-history">Turn 3</h2><div class="spacer battle-history"><br></div><div class="battle-history">jules5678 withdrew Landorus!<br></div><div class="battle-history">jules5678 sent out <strong>Tyranitar</strong>!<br></div><div class="battle-history"><small>[The opposing Tyranitar's Sand Stream]</small><br><small>A sandstorm kicked up!</small><br></div><div class="spacer battle-history"><br></div><div class="battle-history">Chansey used <strong>Thunder Wave</strong>!<br></div><div class="battle-history"><small>The opposing Tyranitar is paralyzed! It may be unable to move!</small><br></div><div class="spacer battle-history"><br></div><div class="battle-history"><small>The sandstorm is raging.</small><br></div><div class="battle-history"><small>Chansey is buffeted by the sandstorm!</small><br></div><div class="battle-history"><small>Chansey restored HP using its Grassy Terrain!</small><br></div><div class="spacer battle-history"><br></div><h2 class="battle-history">Turn 4</h2><div class="spacer battle-history"><br></div><div class="battle-history">Chansey, come back!<br></div><div class="battle-history">Go! Landorus (<strong>Landorus-Therian</strong>)!<br></div><div class="battle-history"><small>[Landorus's Intimidate]</small><br></div><div class="battle-history"><small>The opposing Tyranitar's Attack fell!</small><br></div><div class="spacer battle-history"><br></div><div class="battle-history"><small>The opposing Tyranitar's Tyranitarite is reacting to the Key Stone!</small><br>The opposing Tyranitar has Mega Evolved into Mega Tyranitar!<br></div><div class="spacer battle-history"><br></div><div class="battle-history">The opposing Tyranitar used <strong>Stealth Rock</strong>!<br></div><div class="battle-history"><small>Pointed stones float in the air around your team!</small><br></div><div class="spacer battle-history"><br></div><div class="battle-history"><small>The sandstorm is raging.</small><br></div><div class="spacer battle-history"><br></div><h2 class="battle-history">Turn 5</h2><div class="spacer battle-history"><br></div><div class="battle-history">jules5678 withdrew Tyranitar!<br></div><div class="battle-history">jules5678 sent out Landorus (<strong>Landorus-Therian</strong>)!<br></div><div class="battle-history"><small>[The opposing Landorus's Intimidate]</small><br></div><div class="battle-history"><small>Landorus's Attack fell!</small><br></div><div class="spacer battle-history"><br></div><div class="battle-history">Landorus used <strong>Defog</strong>!<br></div><div class="battle-history"><small>The opposing Landorus's evasiveness fell!</small><br></div><div class="battle-history"><small>The pointed stones disappeared from around your team!</small><br></div><div class="spacer battle-history"><br></div><div class="battle-history"><small>The sandstorm is raging.</small><br></div><div class="battle-history"><small>The grass disappeared from the battlefield.</small><br></div><div class="spacer battle-history"><br></div><h2 class="battle-history">Turn 6</h2><div class="spacer battle-history"><br></div><div class="battle-history">jules5678 withdrew Landorus!<br></div><div class="battle-history">jules5678 sent out <strong>Chesnaught</strong>!<br></div><div class="spacer battle-history"><br></div><div class="battle-history">Landorus used <strong>Hidden Power</strong>!<br></div><div class="battle-history"><small>It's super effective!</small><br></div><div class="battle-history"><small>(The opposing Chesnaught lost <abbr title="−88/379">23.2%</abbr> of its health!)</small><br></div><div class="spacer battle-history"><br></div><div class="battle-history"><small>The sandstorm is raging.</small><br></div><div class="battle-history"><small>The opposing Chesnaught is buffeted by the sandstorm!</small><br></div><div class="battle-history"><small>The opposing Chesnaught restored a little HP using its Leftovers!</small><br></div><div class="spacer battle-history"><br></div><h2 class="battle-history">Turn 7</h2><div class="chat chatmessage-jules5678"><strong style="color:hsl(200,51%,43.08437359172921%)"><small>☆</small><span class="username" data-name="jules5678">jules5678</span>:</strong> <em>lol</em></div><div class="spacer battle-history"><br></div><div class="battle-history">Landorus, come back!<br></div><div class="battle-history">Go! <strong>Pinsir</strong>!<br></div><div class="spacer battle-history"><br></div><div class="battle-history">The opposing Chesnaught used <strong>Spikes</strong>!<br></div><div class="battle-history"><small>Spikes were scattered on the ground all around your team!</small><br></div><div class="spacer battle-history"><br></div><div class="battle-history"><small>The sandstorm subsided.</small><br></div><div class="battle-history"><small>The opposing Chesnaught restored a little HP using its Leftovers!</small><br></div><div class="spacer battle-history"><br></div><h2 class="battle-history">Turn 8</h2><div class="spacer battle-history"><br></div><div class="battle-history">jules5678 withdrew Chesnaught!<br></div><div class="battle-history">jules5678 sent out <strong>Tapu Koko</strong>!<br></div><div class="battle-history"><small>[The opposing Tapu Koko's Electric Surge]</small><br><small>An electric current runs across the battlefield!</small><br></div><div class="spacer battle-history"><br></div><div class="battle-history"><small>Pinsir's Pinsirite is reacting to the Key Stone!</small><br>Pinsir has Mega Evolved into Mega Pinsir!<br></div><div class="spacer battle-history"><br></div><div class="battle-history">Pinsir used <strong>Frustration</strong>!<br></div><div class="battle-history"><small>It's not very effective...</small><br></div><div class="battle-history"><small>(The opposing Tapu Koko lost <abbr title="−144/281">51.2%</abbr> of its health!)</small><br></div><div class="spacer battle-history"><br></div><h2 class="battle-history">Turn 9</h2><div class="spacer battle-history"><br></div><div class="battle-history">Pinsir, come back!<br></div><div class="battle-history">Go! <strong>Chansey</strong>!<br></div><div class="battle-history"><small>Chansey is hurt by the spikes!</small><br></div><div class="spacer battle-history"><br></div><div class="battle-history">The opposing Tapu Koko used <strong>U-turn</strong>!<br></div><div class="battle-history"><small>(Chansey lost <abbr title="−67/704">9.5%</abbr> of its health!)</small><br></div><div class="spacer battle-history"><br></div><div class="battle-history">The opposing Tapu Koko went back to jules5678!<br></div><div class="battle-history">jules5678 sent out <strong>Medicham</strong>!<br></div><div class="spacer battle-history"><br></div><h2 class="battle-history">Turn 10</h2><div class="spacer battle-history"><br></div><div class="battle-history">Chansey, come back!<br></div><div class="battle-history">Go! <strong>Clefable</strong>!<br></div><div class="spacer battle-history"><br></div><div class="battle-history">The opposing Medicham used <strong>Zen Headbutt</strong>!<br></div><div class="battle-history"><small>(Clefable lost <abbr title="−147/394">37.3%</abbr> of its health!)</small><br></div><div class="spacer battle-history"><br></div><div class="battle-history"><small>Clefable restored a little HP using its Leftovers!</small><br></div><div class="spacer battle-history"><br></div><h2 class="battle-history">Turn 11</h2><div class="spacer battle-history"><br></div><div class="battle-history">jules5678 withdrew Medicham!<br></div><div class="battle-history">jules5678 sent out <strong>Metagross</strong>!<br></div><div class="spacer battle-history"><br></div><div class="battle-history">Clefable used <strong>Stealth Rock</strong>!<br></div><div class="battle-history"><small>Pointed stones float in the air around the opposing team!</small><br></div><div class="spacer battle-history"><br></div><div class="battle-history"><small>Clefable restored a little HP using its Leftovers!</small><br></div><div class="spacer battle-history"><br></div><h2 class="battle-history">Turn 12</h2><div class="spacer battle-history"><br></div><div class="battle-history">Clefable, come back!<br></div><div class="battle-history">Go! Landorus (<strong>Landorus-Therian</strong>)!<br></div><div class="battle-history"><small>[Landorus's Intimidate]</small><br></div><div class="battle-history"><small>[The opposing Metagross's Clear Body]</small><br><small>The opposing Metagross's stats were not lowered!</small><br></div><div class="spacer battle-history"><br></div><div class="battle-history">The opposing Metagross used <strong>Meteor Mash</strong>!<br></div><div class="battle-history"><small>(Landorus lost <abbr title="−138/382">36.1%</abbr> of its health!)</small><br></div><div class="battle-history"><small>The opposing Metagross was hurt by the Rocky Helmet!</small><br></div><div class="spacer battle-history"><br></div><div class="battle-history"><small>The electricity disappeared from the battlefield.</small><br></div><div class="spacer battle-history"><br></div><h2 class="battle-history">Turn 13</h2><div class="spacer battle-history"><br></div><div class="battle-history">jules5678 withdrew Metagross!<br></div><div class="battle-history">jules5678 sent out Landorus (<strong>Landorus-Therian</strong>)!<br></div><div class="battle-history"><small>Pointed stones dug into the opposing Landorus!</small><br></div><div class="battle-history"><small>[The opposing Landorus's Intimidate]</small><br></div><div class="battle-history"><small>Landorus's Attack fell!</small><br></div><div class="spacer battle-history"><br></div><div class="battle-history">Landorus used <strong>Hidden Power</strong>!<br></div><div class="battle-history"><small>It's super effective!</small><br></div><div class="battle-history"><small>(The opposing Landorus lost <abbr title="−218/319">68.3%</abbr> of its health!)</small><br></div><div class="spacer battle-history"><br></div><div class="battle-history">The opposing Landorus fainted!<br></div><div class="spacer battle-history"><br></div><div class="battle-history">jules5678 sent out <strong>Chesnaught</strong>!<br></div><div class="battle-history"><small>Pointed stones dug into the opposing Chesnaught!</small><br></div><div class="spacer battle-history"><br></div><h2 class="battle-history">Turn 14</h2><div class="spacer battle-history"><br></div><div class="battle-history">Landorus, come back!<br></div><div class="battle-history">Go! Pinsir (<strong>Pinsir-Mega</strong>)!<br></div><div class="spacer battle-history"><br></div><div class="battle-history">The opposing Chesnaught used <strong>Spikes</strong>!<br></div><div class="battle-history"><small>Spikes were scattered on the ground all around your team!</small><br></div><div class="spacer battle-history"><br></div><div class="battle-history"><small>The opposing Chesnaught restored a little HP using its Leftovers!</small><br></div><div class="spacer battle-history"><br></div><h2 class="battle-history">Turn 15</h2><div class="spacer battle-history"><br></div><div class="battle-history">Pinsir used <strong>Frustration</strong>!<br></div><div class="battle-history"><small>It's super effective!</small><br></div><div class="battle-history"><small>A critical hit!</small><br></div><div class="battle-history"><small>(The opposing Chesnaught lost <abbr title="−314/379">82.8%</abbr> of its health!)</small><br></div><div class="spacer battle-history"><br></div><div class="battle-history">The opposing Chesnaught fainted!<br></div><div class="spacer battle-history"><br></div><div class="battle-history">jules5678 sent out <strong>Tapu Koko</strong>!<br></div><div class="battle-history"><small>Pointed stones dug into the opposing Tapu Koko!</small><br></div><div class="battle-history"><small>[The opposing Tapu Koko's Electric Surge]</small><br><small>An electric current runs across the battlefield!</small><br></div><div class="spacer battle-history"><br></div><h2 class="battle-history">Turn 16</h2><div class="spacer battle-history"><br></div><div class="battle-history">Pinsir, come back!<br></div><div class="battle-history">Go! <strong>Tapu Bulu</strong>!<br></div><div class="battle-history"><small>Tapu Bulu is hurt by the spikes!</small><br></div><div class="battle-history"><small>[Tapu Bulu's Grassy Surge]</small><br><small>Grass grew to cover the battlefield!</small><br></div><div class="spacer battle-history"><br></div><div class="battle-history">The opposing Tapu Koko used <strong>Thunderbolt</strong>!<br></div><div class="battle-history"><small>It's not very effective...</small><br></div><div class="battle-history"><small>(Tapu Bulu lost <abbr title="−62/281">22.1%</abbr> of its health!)</small><br></div><div class="spacer battle-history"><br></div><div class="battle-history"><small>The opposing Tapu Koko restored HP using its Grassy Terrain!</small><br></div><div class="battle-history"><small>Tapu Bulu restored HP using its Grassy Terrain!</small><br></div><div class="spacer battle-history"><br></div><h2 class="battle-history">Turn 17</h2><div class="spacer battle-history"><br></div><div class="battle-history">jules5678 withdrew Tapu Koko!<br></div><div class="battle-history">jules5678 sent out <strong>Metagross</strong>!<br></div><div class="battle-history"><small>Pointed stones dug into the opposing Metagross!</small><br></div><div class="spacer battle-history"><br></div><div class="battle-history">Tapu Bulu used <strong>Horn Leech</strong>!<br></div><div class="battle-history"><small>It's not very effective...</small><br></div><div class="battle-history"><small>(The opposing Metagross lost <abbr title="−80/301">26.6%</abbr> of its health!)</small><br></div><div class="battle-history"><small>The opposing Metagross had its energy drained!</small><br></div><div class="spacer battle-history"><br></div><div class="battle-history"><small>Tapu Bulu restored HP using its Grassy Terrain!</small><br></div><div class="battle-history"><small>The opposing Metagross restored HP using its Grassy Terrain!</small><br></div><div class="spacer battle-history"><br></div><h2 class="battle-history">Turn 18</h2><div class="spacer battle-history"><br></div><div class="battle-history">Tapu Bulu, come back!<br></div><div class="battle-history">Go! Landorus (<strong>Landorus-Therian</strong>)!<br></div><div class="battle-history"><small>[Landorus's Intimidate]</small><br></div><div class="battle-history"><small>[The opposing Metagross's Clear Body]</small><br><small>The opposing Metagross's stats were not lowered!</small><br></div><div class="spacer battle-history"><br></div><div class="battle-history">The opposing Metagross used <strong>Meteor Mash</strong>!<br></div><div class="battle-history"><small>(Landorus lost <abbr title="−147/382">38.5%</abbr> of its health!)</small><br></div><div class="battle-history"><small>The opposing Metagross was hurt by the Rocky Helmet!</small><br></div><div class="spacer battle-history"><br></div><div class="battle-history"><small>The opposing Metagross restored HP using its Grassy Terrain!</small><br></div><div class="spacer battle-history"><br></div><h2 class="battle-history">Turn 19</h2><div class="spacer battle-history"><br></div><div class="battle-history">The opposing Metagross used <strong>Meteor Mash</strong>!<br></div><div class="battle-history"><small>A critical hit!</small><br></div><div class="battle-history"><small>(Landorus lost <abbr title="−15/382">3.9%</abbr> of its health!)</small><br></div><div class="battle-history"><small>The opposing Metagross was hurt by the Rocky Helmet!</small><br></div><div class="spacer battle-history"><br></div><div class="battle-history">Landorus fainted!<br></div><div class="spacer battle-history"><br></div><div class="battle-history"><small>The opposing Metagross restored HP using its Grassy Terrain!</small><br></div><div class="spacer battle-history"><br></div><div class="battle-history">Go! Pinsir (<strong>Pinsir-Mega</strong>)!<br></div><div class="spacer battle-history"><br></div><h2 class="battle-history">Turn 20</h2><div class="spacer battle-history"><br></div><div class="battle-history">jules5678 withdrew Metagross!<br></div><div class="battle-history">jules5678 sent out <strong>Medicham</strong>!<br></div><div class="battle-history"><small>Pointed stones dug into the opposing Medicham!</small><br></div><div class="spacer battle-history"><br></div><div class="battle-history">Pinsir used <strong>Earthquake</strong>!<br></div><div class="battle-history"><small>(The opposing Medicham lost <abbr title="−91/261">34.9%</abbr> of its health!)</small><br></div><div class="spacer battle-history"><br></div><div class="battle-history"><small>The opposing Medicham restored HP using its Grassy Terrain!</small><br></div><div class="battle-history"><small>The grass disappeared from the battlefield.</small><br></div><div class="spacer battle-history"><br></div><h2 class="battle-history">Turn 21</h2><div class="spacer battle-history"><br></div><div class="battle-history">Pinsir, come back!<br></div><div class="battle-history">Go! <strong>Clefable</strong>!<br></div><div class="spacer battle-history"><br></div><div class="battle-history">The opposing Medicham used <strong>Ice Punch</strong>!<br></div><div class="battle-history"><small>(Clefable lost <abbr title="−95/394">24.1%</abbr> of its health!)</small><br></div><div class="spacer battle-history"><br></div><div class="battle-history"><small>Clefable restored a little HP using its Leftovers!</small><br></div><div class="spacer battle-history"><br></div><h2 class="battle-history">Turn 22</h2><div class="spacer battle-history"><br></div><div class="battle-history">jules5678 withdrew Medicham!<br></div><div class="battle-history">jules5678 sent out <strong>Metagross</strong>!<br></div><div class="battle-history"><small>Pointed stones dug into the opposing Metagross!</small><br></div><div class="spacer battle-history"><br></div><div class="battle-history">Clefable used <strong>Soft-Boiled</strong>!<br></div><div class="battle-history"><small>Clefable restored its HP.</small><br></div><div class="spacer battle-history"><br></div><h2 class="battle-history">Turn 23</h2><div class="spacer battle-history"><br></div><div class="battle-history">The opposing Metagross used <strong>Rock Polish</strong>!<br></div><div class="battle-history"><small>The opposing Metagross's Speed rose sharply!</small><br></div><div class="spacer battle-history"><br></div><div class="battle-history">Clefable used <strong>Fire Blast</strong>!<br></div><div class="battle-history"><small>It's super effective!</small><br></div><div class="battle-history"><small>(The opposing Metagross lost <abbr title="−89/301">29.6%</abbr> of its health!)</small><br></div><div class="spacer battle-history"><br></div><div class="battle-history">The opposing Metagross fainted!<br></div><div class="spacer battle-history"><br></div><div class="battle-history">jules5678 sent out Tyranitar (<strong>Tyranitar-Mega</strong>)!<br></div><div class="battle-history"><small>Pointed stones dug into the opposing Tyranitar!</small><br></div><div class="battle-history"><small>[The opposing Tyranitar's Sand Stream]</small><br><small>A sandstorm kicked up!</small><br></div><div class="spacer battle-history"><br></div><h2 class="battle-history">Turn 24</h2><div class="spacer battle-history"><br></div><div class="battle-history">Clefable, come back!<br></div><div class="battle-history">Go! <strong>Tapu Bulu</strong>!<br></div><div class="battle-history"><small>Tapu Bulu is hurt by the spikes!</small><br></div><div class="battle-history"><small>[Tapu Bulu's Grassy Surge]</small><br><small>Grass grew to cover the battlefield!</small><br></div><div class="spacer battle-history"><br></div><div class="battle-history">The opposing Tyranitar is paralyzed! It can't move!<br></div><div class="spacer battle-history"><br></div><div class="battle-history"><small>The sandstorm is raging.</small><br></div><div class="battle-history"><small>Tapu Bulu is buffeted by the sandstorm!</small><br></div><div class="battle-history"><small>Tapu Bulu restored HP using its Grassy Terrain!</small><br></div><div class="battle-history"><small>The opposing Tyranitar restored HP using its Grassy Terrain!</small><br></div><div class="spacer battle-history"><br></div><h2 class="battle-history">Turn 25</h2><div class="spacer battle-history"><br></div><div class="battle-history">Tapu Bulu used <strong>Wood Hammer</strong>!<br></div><div class="battle-history"><small>It's super effective!</small><br></div><div class="battle-history"><small>(The opposing Tyranitar lost <abbr title="−379/404">93.8%</abbr> of its health!)</small><br></div><div class="battle-history"><small>Tapu Bulu is damaged by the recoil!</small><br></div><div class="spacer battle-history"><br></div><div class="battle-history">The opposing Tyranitar fainted!<br></div><div class="spacer battle-history"><br></div><div class="battle-history"><small>The sandstorm is raging.</small><br></div><div class="battle-history"><small>Tapu Bulu is buffeted by the sandstorm!</small><br></div><div class="battle-history"><small>Tapu Bulu restored HP using its Grassy Terrain!</small><br></div><div class="spacer battle-history"><br></div><div class="battle-history"><small>jules5678 se rindió.</small><br></div><div class="spacer battle-history"><br></div><div class="battle-history"><strong>RayParK_</strong> won the battle!<br></div><div class="chat">RayParK_ ha ganado 8 PokeDolares.</div><div class="chat">Puntaje de RayParK_: 1369 → <strong>1384</strong><br>(+15 por ganar)</div><div class="chat">Puntaje de jules5678: 1291 → <strong>1272</strong><br>(-19 por perder)</div></div><div class="inner-preempt"></div></div></div>
</div>
<script>
let daily = Math.floor(Date.now()/1000/60/60/24);document.write('<script src="https://play.pokemonshowdown.com/js/replay-embed.js?version'+daily+'"></'+'script>');
</script>
