<!DOCTYPE html>
<meta charset="utf-8" />
<!-- version 1 -->
<title>OU replay: DR Caetano93 vs. Camila Cruz♥</title>
<style>
html,body {font-family:Verdana, sans-serif;font-size:10pt;margin:0;padding:0;}body{padding:12px 0;} .battle-log {font-family:Verdana, sans-serif;font-size:10pt;} .battle-log-inline {border:1px solid #AAAAAA;background:#EEF2F5;color:black;max-width:640px;margin:0 auto 80px;padding-bottom:5px;} .battle-log .inner {padding:4px 8px 0px 8px;} .battle-log .inner-preempt {padding:0 8px 4px 8px;} .battle-log .inner-after {margin-top:0.5em;} .battle-log h2 {margin:0.5em -8px;padding:4px 8px;border:1px solid #AAAAAA;background:#E0E7EA;border-left:0;border-right:0;font-family:Verdana, sans-serif;font-size:13pt;} .battle-log .chat {vertical-align:middle;padding:3px 0 3px 0;font-size:8pt;} .battle-log .chat strong {color:#40576A;} .battle-log .chat em {padding:1px 4px 1px 3px;color:#000000;font-style:normal;} .chat.mine {background:rgba(0,0,0,0.05);margin-left:-8px;margin-right:-8px;padding-left:8px;padding-right:8px;} .spoiler {color:#BBBBBB;background:#BBBBBB;padding:0px 3px;} .spoiler:hover, .spoiler:active, .spoiler-shown {color:#000000;background:#E2E2E2;padding:0px 3px;} .spoiler a {color:#BBBBBB;} .spoiler:hover a, .spoiler:active a, .spoiler-shown a {color:#2288CC;} .chat code, .chat .spoiler:hover code, .chat .spoiler:active code, .chat .spoiler-shown code {border:1px solid #C0C0C0;background:#EEEEEE;color:black;padding:0 2px;} .chat .spoiler code {border:1px solid #CCCCCC;background:#CCCCCC;color:#CCCCCC;} .battle-log .rated {padding:3px 4px;} .battle-log .rated strong {color:white;background:#89A;padding:1px 4px;border-radius:4px;} .spacer {margin-top:0.5em;} .message-announce {background:#6688AA;color:white;padding:1px 4px 2px;} .message-announce a, .broadcast-green a, .broadcast-blue a, .broadcast-red a {color:#DDEEFF;} .broadcast-green {background-color:#559955;color:white;padding:2px 4px;} .broadcast-blue {background-color:#6688AA;color:white;padding:2px 4px;} .infobox {border:1px solid #6688AA;padding:2px 4px;} .infobox-limited {max-height:200px;overflow:auto;overflow-x:hidden;} .broadcast-red {background-color:#AA5544;color:white;padding:2px 4px;} .message-learn-canlearn {font-weight:bold;color:#228822;text-decoration:underline;} .message-learn-cannotlearn {font-weight:bold;color:#CC2222;text-decoration:underline;} .message-effect-weak {font-weight:bold;color:#CC2222;} .message-effect-resist {font-weight:bold;color:#6688AA;} .message-effect-immune {font-weight:bold;color:#666666;} .message-learn-list {margin-top:0;margin-bottom:0;} .message-throttle-notice, .message-error {color:#992222;} .message-overflow, .chat small.message-overflow {font-size:0pt;} .message-overflow::before {font-size:9pt;content:'...';} .subtle {color:#3A4A66;}
</style>
<div class="wrapper replay-wrapper" style="max-width:1180px;margin:0 auto">
<input type="hidden" name="replayid" value="destiny-ou-468191" />
<div class="battle"></div><div class="battle-log"></div><div class="replay-controls"></div><div class="replay-controls-2"></div>
<h1 style="font-weight:normal;text-align:center"><strong>OU</strong><br /><a href="http://pokemonshowdown.com/users/drcaetano93" class="subtle" target="_blank">DR Caetano93</a> vs. <a href="http://pokemonshowdown.com/users/camilacruz" class="subtle" target="_blank">Camila Cruz♥</a></h1>
<script type="text/plain" class="battle-log-data">|player|p1|DR Caetano93|130
|teamsize|p1|6
|player|p2|Camila Cruz♥|camilacruz-14.gif?047115d9
|teamsize|p2|6
|teamsize|p1|6
|teamsize|p2|6
|gametype|singles
|gen|7
|tier|OU
|seed|16927,48202,51029,25474
|rule|Cláusula-Mod de Dormir: solo puedes dormir a uno de tus oponentes a la vez.
|rule|Cláusula de Especie: Hasta un Pokémon de cada especie
|rule|Cláusula de Golpe Fulminante: los movimientos fulminantes (OHKO) estan prohibidos
|rule|Cláusula de Veleta: la habilidad Veleta está prohibida
|rule|Cláusula de Movimientos Evasivos: los movimientos de Evasión están prohibidos.
|rule|Cláusula de Batallas Eternas: forzar batallas eternas está prohibido
|clearpoke
|poke|p1|Mawile, M|item
|poke|p1|Tapu Bulu|item
|poke|p1|Gengar, M|item
|poke|p1|Landorus-Therian, M|item
|poke|p1|Heatran, F|item
|poke|p1|Latios, M|item
|poke|p2|Mawile, F|item
|poke|p2|Garchomp, M|item
|poke|p2|Zapdos|item
|poke|p2|Ferrothorn, F|item
|poke|p2|Greninja, M|item
|poke|p2|Landorus-Therian, M|item
|teampreview|undefined
|c|☆DR Caetano93|gl hf
|c|☆Camila Cruz♥|gl hf
|choice|*|*team 213456
|choice|*|*team 523416
|choice|*team 423156|*
|choice|team 4, 2, 3, 1, 5, 6|team 5, 2, 3, 4, 1, 6
|
|start
|switch|p1a: Landorus|Landorus-Therian, M|382\/382
|switch|p2a: Greninja|Greninja, M|285\/285
|-ability|p1a: Landorus|Intimidate|boost
|-unboost|p2a: Greninja|atk|1
|turn|1
|choice|*switch 2|*
|choice|*|*move 4
|choice|switch 2|move icebeam
|
|switch|p1a: Tapu Bulu|Tapu Bulu|337\/337
|-fieldstart|move: Grassy Terrain|[from] ability: Grassy Surge|[of] p1a: Tapu Bulu
|move|p2a: Greninja|Ice Beam|p1a: Tapu Bulu
|-supereffective|p1a: Tapu Bulu
|-damage|p1a: Tapu Bulu|119\/337
|
|-heal|p1a: Tapu Bulu|140\/337|[from] item: Leftovers
|-heal|p1a: Tapu Bulu|161\/337|[from] Grassy Terrain
|upkeep
|turn|2
|choice|*switch 5|*
|choice|*|*move 4
|choice|switch 5|move icebeam
|
|switch|p1a: Heatran|Heatran, F|323\/323
|move|p2a: Greninja|Ice Beam|p1a: Heatran
|-resisted|p1a: Heatran
|-damage|p1a: Heatran|292\/323
|
|-heal|p1a: Heatran|312\/323|[from] Grassy Terrain
|upkeep
|turn|3
|choice|*switch 6|*
|choice|*|*switch 3
|choice|switch 6|switch 3
|
|switch|p2a: Zapdos|Zapdos|383\/383
|switch|p1a: Latios|Latios, M|301\/301
|
|upkeep
|turn|4
|choice|*|*switch 4
|choice|*switch 6|*
|choice|switch 6|switch 4
|
|switch|p1a: Heatran|Heatran, F|312\/323
|switch|p2a: Ferrothorn|Ferrothorn, F|352\/352
|
|-heal|p1a: Heatran|323\/323|[from] Grassy Terrain
|upkeep
|turn|5
|choice|*|*switch 2
|choice|*move 3 zmove|*
|choice|move solarbeam zmove|switch 2
|
|switch|p2a: Garchomp|Garchomp, M|357\/357
|-zpower|p1a: Heatran
|move|p1a: Heatran|Bloom Doom|p2a: Garchomp|[zeffect]
|-damage|p2a: Garchomp|0 fnt
|faint|p2a: Garchomp
|
|-fieldend|move: Grassy Terrain
|upkeep
|choice|*|*switch 3
|choice||switch 3
|
|switch|p2a: Greninja|Greninja, M|285\/285
|turn|6
|choice|*switch 5|*
|choice|*|*move 1
|choice|switch 5|move hydropump
|
|switch|p1a: Tapu Bulu|Tapu Bulu|161\/337
|-fieldstart|move: Grassy Terrain|[from] ability: Grassy Surge|[of] p1a: Tapu Bulu
|move|p2a: Greninja|Hydro Pump|p1a: Tapu Bulu
|-resisted|p1a: Tapu Bulu
|-damage|p1a: Tapu Bulu|65\/337
|
|-heal|p1a: Tapu Bulu|86\/337|[from] item: Leftovers
|-heal|p1a: Tapu Bulu|107\/337|[from] Grassy Terrain
|upkeep
|turn|7
|choice|*|*switch 2
|choice|*move 4|*
|choice|move synthesis|switch 2
|
|switch|p2a: Ferrothorn|Ferrothorn, F|352\/352
|move|p1a: Tapu Bulu|Synthesis|p1a: Tapu Bulu
|-heal|p1a: Tapu Bulu|275\/337
|
|-heal|p1a: Tapu Bulu|296\/337|[from] item: Leftovers
|-heal|p1a: Tapu Bulu|317\/337|[from] Grassy Terrain
|upkeep
|turn|8
|choice|*switch 5|*
|choice|*|*move 2
|choice|switch 5|move thunderwave
|
|switch|p1a: Heatran|Heatran, F|323\/323
|move|p2a: Ferrothorn|Thunder Wave|p1a: Heatran
|-status|p1a: Heatran|par
|
|upkeep
|turn|9
|choice|*|*switch 2
|choice|*move 1|*
|choice|move magmastorm|switch 2
|
|switch|p2a: Greninja|Greninja, M|285\/285
|move|p1a: Heatran|Magma Storm|p2a: Greninja|[miss]
|-miss|p1a: Heatran|p2a: Greninja
|
|upkeep
|turn|10
|choice|*switch 5|*
|choice|*|*move 4
|choice|switch 5|move icebeam
|
|switch|p1a: Tapu Bulu|Tapu Bulu|317\/337
|move|p2a: Greninja|Ice Beam|p1a: Tapu Bulu
|-supereffective|p1a: Tapu Bulu
|-damage|p1a: Tapu Bulu|89\/337
|
|-heal|p1a: Tapu Bulu|110\/337|[from] item: Leftovers
|-heal|p1a: Tapu Bulu|131\/337|[from] Grassy Terrain
|-fieldend|move: Grassy Terrain
|upkeep
|turn|11
|choice|*switch 4|*
|choice|*|*switch 6
|choice|switch 4|switch 6
|
|switch|p2a: Landorus|Landorus-Therian, M|319\/319
|-ability|p2a: Landorus|Intimidate|boost
|-unboost|p1a: Tapu Bulu|atk|1
|switch|p1a: Mawile|Mawile, M|251\/251
|-ability|p1a: Mawile|Intimidate|boost
|-unboost|p2a: Landorus|atk|1
|
|upkeep
|turn|12
|choice|*switch 2|*
|choice|*|*move 2
|choice|switch 2|move uturn
|
|switch|p1a: Landorus|Landorus-Therian, M|382\/382
|-ability|p1a: Landorus|Intimidate|boost
|-unboost|p2a: Landorus|atk|1
|move|p2a: Landorus|U-turn|p1a: Landorus
|-resisted|p1a: Landorus
|-damage|p1a: Landorus|363\/382
|choice|*|*switch 6
|choice||switch 6
|
|switch|p2a: Greninja|Greninja, M|285\/285|[from]move: U-turn
|
|upkeep
|turn|13
|choice|*switch 6|*
|choice|*|*move 4
|choice|switch 6|move icebeam
|
|switch|p1a: Latios|Latios, M|301\/301
|move|p2a: Greninja|Ice Beam|p1a: Latios
|-supereffective|p1a: Latios
|-damage|p1a: Latios|55\/301
|
|upkeep
|turn|14
|choice|*|*switch 5
|choice|*move 1|*
|choice|move dracometeor|switch 5
|
|switch|p2a: Mawile|Mawile, F|241\/241
|-ability|p2a: Mawile|Intimidate|boost
|-unboost|p1a: Latios|atk|1
|move|p1a: Latios|Draco Meteor|p2a: Mawile
|-immune|p2a: Mawile|[msg]
|
|upkeep
|turn|15
|choice|*switch 6|*
|choice|*|*move 4 mega
|choice|switch 6|move thunderpunch mega
|
|switch|p1a: Landorus|Landorus-Therian, M|363\/382
|-ability|p1a: Landorus|Intimidate|boost
|-unboost|p2a: Mawile|atk|1
|-mega|p2a: Mawile|Mawile|Mawilite
|detailschange|p2a: Mawile|Mawile-Mega, F
|move|p2a: Mawile|Thunder Punch|p1a: Landorus
|-immune|p1a: Landorus|[msg]
|
|upkeep
|turn|16
|choice|*|*switch 6
|choice|*move 1|*
|choice|move stealthrock|switch 6
|
|switch|p2a: Landorus|Landorus-Therian, M|319\/319
|-ability|p2a: Landorus|Intimidate|boost
|-unboost|p1a: Landorus|atk|1
|move|p1a: Landorus|Stealth Rock|p2a: Landorus
|-sidestart|p2: Camila Cruz♥|move: Stealth Rock
|
|upkeep
|turn|17
|choice|*move 3|*
|choice|*|*move 3
|choice|move hiddenpower|move hiddenpower
|
|move|p2a: Landorus|Hidden Power|p1a: Landorus
|-supereffective|p1a: Landorus
|-enditem|p1a: Landorus|Yache Berry|[eat]
|-enditem|p1a: Landorus|Yache Berry|[weaken]
|-damage|p1a: Landorus|257\/382
|move|p1a: Landorus|Hidden Power|p2a: Landorus
|-supereffective|p2a: Landorus
|-damage|p2a: Landorus|123\/319
|
|upkeep
|turn|18
|choice|*|*switch 4
|choice|*switch 3|*
|choice|switch 3|switch 4
|
|switch|p2a: Zapdos|Zapdos|383\/383
|-damage|p2a: Zapdos|288\/383|[from] Stealth Rock
|switch|p1a: Gengar|Gengar, M|262\/262
|
|-heal|p2a: Zapdos|311\/383|[from] item: Leftovers
|upkeep
|turn|19
|choice|*|*move 1
|choice|*move 1|*
|choice|move shadowball|move voltswitch
|
|move|p1a: Gengar|Shadow Ball|p2a: Zapdos
|-damage|p2a: Zapdos|146\/383
|-unboost|p2a: Zapdos|spd|1
|move|p2a: Zapdos|Volt Switch|p1a: Gengar
|-damage|p1a: Gengar|141\/262
|-start|p2a: Zapdos|Disable|Volt Switch|[from] ability: Cursed Body|[of] p1a: Gengar
|choice|*|*switch 5
|choice||switch 5
|
|switch|p2a: Greninja|Greninja, M|285\/285|[from]move: Volt Switch
|-damage|p2a: Greninja|250\/285|[from] Stealth Rock
|
|upkeep
|turn|20
|choice|*switch 5|*
|choice|*|*move 1
|choice|switch 5|move hydropump
|
|switch|p1a: Heatran|Heatran, F|323\/323 par
|move|p2a: Greninja|Hydro Pump|p1a: Heatran
|-supereffective|p1a: Heatran
|-damage|p1a: Heatran|0 fnt
|faint|p1a: Heatran
|-activate|p2a: Greninja|ability: Battle Bond
|detailschange|p2a: Greninja|Greninja-Ash, M
|
|upkeep
|choice|*switch 4|*
|choice|switch 4|
|
|switch|p1a: Tapu Bulu|Tapu Bulu|131\/337
|-fieldstart|move: Grassy Terrain|[from] ability: Grassy Surge|[of] p1a: Tapu Bulu
|turn|21
|choice|*move 2|*
|choice|*|*move 1
|choice|move swordsdance|move hydropump
|
|move|p2a: Greninja|Hydro Pump|p1a: Tapu Bulu
|-resisted|p1a: Tapu Bulu
|-damage|p1a: Tapu Bulu|9\/337
|move|p1a: Tapu Bulu|Swords Dance|p1a: Tapu Bulu
|-boost|p1a: Tapu Bulu|atk|2
|
|-heal|p2a: Greninja|267\/285|[from] Grassy Terrain
|-heal|p1a: Tapu Bulu|30\/337|[from] item: Leftovers
|-heal|p1a: Tapu Bulu|51\/337|[from] Grassy Terrain
|upkeep
|turn|22
|c|☆DR Caetano93|lol
|choice|*move 1|*
|c|ღEG Yellоw|overpredict fren
|choice|*|*switch 2
|choice|move hornleech|switch 2
|
|switch|p2a: Ferrothorn|Ferrothorn, F|352\/352
|-damage|p2a: Ferrothorn|330\/352|[from] Stealth Rock
|move|p1a: Tapu Bulu|Horn Leech|p2a: Ferrothorn
|-resisted|p2a: Ferrothorn
|-crit|p2a: Ferrothorn
|-damage|p2a: Ferrothorn|240\/352
|-heal|p1a: Tapu Bulu|96\/337|[from] drain|[of] p2a: Ferrothorn
|-damage|p1a: Tapu Bulu|54\/337|[from] ability: Iron Barbs|[of] p2a: Ferrothorn
|
|-heal|p1a: Tapu Bulu|75\/337|[from] item: Leftovers
|-heal|p1a: Tapu Bulu|96\/337|[from] Grassy Terrain
|-heal|p2a: Ferrothorn|262\/352|[from] item: Leftovers
|-heal|p2a: Ferrothorn|284\/352|[from] Grassy Terrain
|upkeep
|turn|23
|choice|*move 3|*
|choice|*move 4|*
|choice|*|*move 2
|choice|move synthesis|move thunderwave
|
|move|p1a: Tapu Bulu|Synthesis|p1a: Tapu Bulu
|-heal|p1a: Tapu Bulu|264\/337
|move|p2a: Ferrothorn|Thunder Wave|p1a: Tapu Bulu
|-status|p1a: Tapu Bulu|par
|
|-heal|p1a: Tapu Bulu|285\/337 par|[from] item: Leftovers
|-heal|p1a: Tapu Bulu|306\/337 par|[from] Grassy Terrain
|-heal|p2a: Ferrothorn|306\/352|[from] item: Leftovers
|-heal|p2a: Ferrothorn|328\/352|[from] Grassy Terrain
|upkeep
|turn|24
|choice|*|*move 4
|choice|*move 3|*
|choice|move superpower|move spikes
|
|move|p1a: Tapu Bulu|Superpower|p2a: Ferrothorn
|-supereffective|p2a: Ferrothorn
|-damage|p2a: Ferrothorn|0 fnt
|-damage|p1a: Tapu Bulu|264\/337 par|[from] ability: Iron Barbs|[of] p2a: Ferrothorn
|-unboost|p1a: Tapu Bulu|atk|1
|-unboost|p1a: Tapu Bulu|def|1
|faint|p2a: Ferrothorn
|
|-heal|p1a: Tapu Bulu|285\/337 par|[from] item: Leftovers
|-heal|p1a: Tapu Bulu|306\/337 par|[from] Grassy Terrain
|upkeep
|choice|*|*switch 6
|choice||switch 6
|
|switch|p2a: Mawile|Mawile-Mega, F|241\/241
|-damage|p2a: Mawile|226\/241|[from] Stealth Rock
|turn|25
|choice|*|*move 1
|choice|*switch 5|*
|choice|switch 5|move playrough
|
|switch|p1a: Gengar|Gengar, M|141\/262
|move|p2a: Mawile|Play Rough|p1a: Gengar
|-resisted|p1a: Gengar
|-damage|p1a: Gengar|0 fnt
|faint|p1a: Gengar
|
|-heal|p2a: Mawile|241\/241|[from] Grassy Terrain
|-fieldend|move: Grassy Terrain
|upkeep
|choice|*switch 3|*
|choice|switch 3|
|
|switch|p1a: Landorus|Landorus-Therian, M|257\/382
|-ability|p1a: Landorus|Intimidate|boost
|-unboost|p2a: Mawile|atk|1
|turn|26
|choice|*|*switch 5
|choice|*move 4|*
|choice|move uturn|switch 5
|
|switch|p2a: Zapdos|Zapdos|146\/383
|-damage|p2a: Zapdos|51\/383|[from] Stealth Rock
|move|p1a: Landorus|U-turn|p2a: Zapdos
|-resisted|p2a: Zapdos
|-crit|p2a: Zapdos
|-damage|p2a: Zapdos|6\/383
|-status|p1a: Landorus|par|[from] ability: Static|[of] p2a: Zapdos
|c|%Neblina εїз|go caetano
|c|☆DR Caetano93|ta dificil nebby
|choice|*switch 6|*
|choice|switch 6|
|
|switch|p1a: Latios|Latios, M|55\/301|[from]move: U-turn
|
|-heal|p2a: Zapdos|29\/383|[from] item: Leftovers
|upkeep
|turn|27
|choice|*move 2|*
|choice|*|*move 3
|choice|move psyshock|move defog
|
|move|p1a: Latios|Psyshock|p2a: Zapdos
|-damage|p2a: Zapdos|0 fnt
|faint|p2a: Zapdos
|
|upkeep
|choice|*|*switch 2
|choice||switch 2
|
|switch|p2a: Greninja|Greninja-Ash, M|267\/285
|-damage|p2a: Greninja|232\/285|[from] Stealth Rock
|turn|28
|choice|*switch 6|*
|choice|*|*move 4
|choice|switch 6|move icebeam
|
|switch|p1a: Landorus|Landorus-Therian, M|257\/382 par
|-ability|p1a: Landorus|Intimidate|boost
|-unboost|p2a: Greninja|atk|1
|move|p2a: Greninja|Ice Beam|p1a: Landorus
|-supereffective|p1a: Landorus
|-damage|p1a: Landorus|0 fnt
|faint|p1a: Landorus
|
|upkeep
|choice|*switch 2|*
|choice|switch 2|
|
|switch|p1a: Mawile|Mawile, M|251\/251
|-ability|p1a: Mawile|Intimidate|boost
|-unboost|p2a: Greninja|atk|1
|turn|29
|choice|*|*switch 4
|choice|*move 2 mega|*
|choice|move playrough mega|switch 4
|
|switch|p2a: Landorus|Landorus-Therian, M|123\/319
|-damage|p2a: Landorus|84\/319|[from] Stealth Rock
|-ability|p2a: Landorus|Intimidate|boost
|-unboost|p1a: Mawile|atk|1
|-mega|p1a: Mawile|Mawile|Mawilite
|detailschange|p1a: Mawile|Mawile-Mega, M
|move|p1a: Mawile|Play Rough|p2a: Landorus
|-damage|p2a: Landorus|0 fnt
|faint|p2a: Landorus
|
|upkeep
|choice|*|*switch 5
|choice||switch 5
|
|switch|p2a: Mawile|Mawile-Mega, F|241\/241
|-damage|p2a: Mawile|226\/241|[from] Stealth Rock
|turn|30
|choice|*|*move 2
|choice|*switch 6|*
|choice|switch 6|move firefang
|
|switch|p1a: Latios|Latios, M|55\/301
|move|p2a: Mawile|Fire Fang|p1a: Latios
|-resisted|p1a: Latios
|-damage|p1a: Latios|0 fnt
|faint|p1a: Latios
|
|upkeep
|choice|*switch 5|*
|choice|switch 5|
|
|switch|p1a: Tapu Bulu|Tapu Bulu|306\/337 par
|-fieldstart|move: Grassy Terrain|[from] ability: Grassy Surge|[of] p1a: Tapu Bulu
|turn|31
|choice|*move 3|*
|choice|*|*move 2
|choice|move superpower|move firefang
|
|move|p2a: Mawile|Fire Fang|p1a: Tapu Bulu
|-supereffective|p1a: Tapu Bulu
|-crit|p1a: Tapu Bulu
|-damage|p1a: Tapu Bulu|0 fnt
|faint|p1a: Tapu Bulu
|
|-heal|p2a: Mawile|241\/241|[from] Grassy Terrain
|upkeep
|c|☆DR Caetano93|...
|choice|*switch 6|*
|choice|switch 6|
|
|switch|p1a: Mawile|Mawile-Mega, M|251\/251
|turn|32
|choice|*|*move 2
|choice|*move 2|*
|choice|move playrough|move firefang
|
|move|p2a: Mawile|Fire Fang|p1a: Mawile
|-supereffective|p1a: Mawile
|-damage|p1a: Mawile|21\/251
|cant|p1a: Mawile|flinch
|
|-heal|p1a: Mawile|36\/251|[from] Grassy Terrain
|upkeep
|turn|33
|c|☆DR Caetano93|ok
|choice|*|*move 4
|c|☆DR Caetano93|this was bs
|c|☆Camila Cruz♥|water shuriken
|c|☆Camila Cruz♥|xd
|c|☆DR Caetano93|but you played well
|c|☆Camila Cruz♥|gg
|c|☆DR Caetano93|gg
|-message|DR Caetano93 se rindió.
|
|win|Camila Cruz♥
</script>
</div>
<div class="battle-log battle-log-inline"><div class="inner"><div class="battle-options"></div><div class="inner"><div class=""><small>Format:</small> <br><strong>OU</strong></div><div class=""><small><em>Cláusula-Mod de Dormir:</em> solo puedes dormir a uno de tus oponentes a la vez.</small></div><div class=""><small><em>Cláusula de Especie:</em> Hasta un Pokémon de cada especie</small></div><div class=""><small><em>Cláusula de Golpe Fulminante:</em> los movimientos fulminantes (OHKO) estan prohibidos</small></div><div class=""><small><em>Cláusula de Veleta:</em> la habilidad Veleta está prohibida</small></div><div class=""><small><em>Cláusula de Movimientos Evasivos:</em> los movimientos de Evasión están prohibidos.</small></div><div class=""><small><em>Cláusula de Batallas Eternas:</em> forzar batallas eternas está prohibido</small></div><div class="chat battle-history"><strong>DR Caetano93's team:</strong> <em style="color:#445566;display:block;">Mawile / Tapu Bulu / Gengar / Landorus-Therian / Heatran / Latios</em></div><div class="chat battle-history"><strong>Camila Cruz♥'s team:</strong> <em style="color:#445566;display:block;">Mawile / Garchomp / Zapdos / Ferrothorn / Greninja / Landorus-Therian</em></div><div class="chat chatmessage-drcaetano93"><strong style="color:hsl(96,65%,39.65927752523052%)"><small>☆</small><span class="username" data-name="DR Caetano93">DR Caetano93</span>:</strong> <em>gl hf</em></div><div class="chat chatmessage-camilacruz"><strong style="color:hsl(107,48%,44.819126939248115%)"><small>☆</small><span class="username" data-name="Camila Cruz♥">Camila Cruz♥</span>:</strong> <em>gl hf</em></div><div class="spacer battle-history"><br></div><div class="battle-history">Battle started between DR Caetano93 and Camila Cruz♥!<br></div><div class="spacer battle-history"><br></div><div class="battle-history">Go! Landorus (<strong>Landorus-Therian</strong>)!<br></div><div class="spacer battle-history"><br></div><div class="battle-history">Camila Cruz♥ sent out <strong>Greninja</strong>!<br></div><div class="battle-history"><small>[Landorus's Intimidate]</small><br></div><div class="battle-history"><small>The opposing Greninja's Attack fell!</small><br></div><div class="spacer battle-history"><br></div><h2 class="battle-history">Turn 1</h2><div class="spacer battle-history"><br></div><div class="battle-history">Landorus, come back!<br></div><div class="battle-history">Go! <strong>Tapu Bulu</strong>!<br></div><div class="battle-history"><small>[Tapu Bulu's Grassy Surge]</small><br><small>Grass grew to cover the battlefield!</small><br></div><div class="spacer battle-history"><br></div><div class="battle-history">The opposing Greninja used <strong>Ice Beam</strong>!<br></div><div class="battle-history"><small>It's super effective!</small><br></div><div class="battle-history"><small>(Tapu Bulu lost <abbr title="−218/337">64.7%</abbr> of its health!)</small><br></div><div class="spacer battle-history"><br></div><div class="battle-history"><small>Tapu Bulu restored a little HP using its Leftovers!</small><br></div><div class="battle-history"><small>Tapu Bulu restored HP using its Grassy Terrain!</small><br></div><div class="spacer battle-history"><br></div><h2 class="battle-history">Turn 2</h2><div class="spacer battle-history"><br></div><div class="battle-history">Tapu Bulu, come back!<br></div><div class="battle-history">Go! <strong>Heatran</strong>!<br></div><div class="spacer battle-history"><br></div><div class="battle-history">The opposing Greninja used <strong>Ice Beam</strong>!<br></div><div class="battle-history"><small>It's not very effective...</small><br></div><div class="battle-history"><small>(Heatran lost <abbr title="−31/323">9.6%</abbr> of its health!)</small><br></div><div class="spacer battle-history"><br></div><div class="battle-history"><small>Heatran restored HP using its Grassy Terrain!</small><br></div><div class="spacer battle-history"><br></div><h2 class="battle-history">Turn 3</h2><div class="spacer battle-history"><br></div><div class="battle-history">Camila Cruz♥ withdrew Greninja!<br></div><div class="battle-history">Camila Cruz♥ sent out <strong>Zapdos</strong>!<br></div><div class="spacer battle-history"><br></div><div class="battle-history">Heatran, come back!<br></div><div class="battle-history">Go! <strong>Latios</strong>!<br></div><div class="spacer battle-history"><br></div><h2 class="battle-history">Turn 4</h2><div class="spacer battle-history"><br></div><div class="battle-history">Latios, come back!<br></div><div class="battle-history">Go! <strong>Heatran</strong>!<br></div><div class="spacer battle-history"><br></div><div class="battle-history">Camila Cruz♥ withdrew Zapdos!<br></div><div class="battle-history">Camila Cruz♥ sent out <strong>Ferrothorn</strong>!<br></div><div class="spacer battle-history"><br></div><div class="battle-history"><small>Heatran restored HP using its Grassy Terrain!</small><br></div><div class="spacer battle-history"><br></div><h2 class="battle-history">Turn 5</h2><div class="spacer battle-history"><br></div><div class="battle-history">Camila Cruz♥ withdrew Ferrothorn!<br></div><div class="battle-history">Camila Cruz♥ sent out <strong>Garchomp</strong>!<br></div><div class="battle-history"><small>Heatran surrounded itself with its Z-Power!</small><br></div><div class="spacer battle-history"><br></div><div class="battle-history">Heatran used <strong>Bloom Doom</strong>!<br></div><div class="battle-history"><small>(The opposing Garchomp lost <abbr title="−357/357">100%</abbr> of its health!)</small><br></div><div class="spacer battle-history"><br></div><div class="battle-history">The opposing Garchomp fainted!<br></div><div class="spacer battle-history"><br></div><div class="battle-history"><small>The grass disappeared from the battlefield.</small><br></div><div class="spacer battle-history"><br></div><div class="battle-history">Camila Cruz♥ sent out <strong>Greninja</strong>!<br></div><div class="spacer battle-history"><br></div><h2 class="battle-history">Turn 6</h2><div class="spacer battle-history"><br></div><div class="battle-history">Heatran, come back!<br></div><div class="battle-history">Go! <strong>Tapu Bulu</strong>!<br></div><div class="battle-history"><small>[Tapu Bulu's Grassy Surge]</small><br><small>Grass grew to cover the battlefield!</small><br></div><div class="spacer battle-history"><br></div><div class="battle-history">The opposing Greninja used <strong>Hydro Pump</strong>!<br></div><div class="battle-history"><small>It's not very effective...</small><br></div><div class="battle-history"><small>(Tapu Bulu lost <abbr title="−96/337">28.5%</abbr> of its health!)</small><br></div><div class="spacer battle-history"><br></div><div class="battle-history"><small>Tapu Bulu restored a little HP using its Leftovers!</small><br></div><div class="battle-history"><small>Tapu Bulu restored HP using its Grassy Terrain!</small><br></div><div class="spacer battle-history"><br></div><h2 class="battle-history">Turn 7</h2><div class="spacer battle-history"><br></div><div class="battle-history">Camila Cruz♥ withdrew Greninja!<br></div><div class="battle-history">Camila Cruz♥ sent out <strong>Ferrothorn</strong>!<br></div><div class="spacer battle-history"><br></div><div class="battle-history">Tapu Bulu used <strong>Synthesis</strong>!<br></div><div class="battle-history"><small>Tapu Bulu restored its HP.</small><br></div><div class="spacer battle-history"><br></div><div class="battle-history"><small>Tapu Bulu restored a little HP using its Leftovers!</small><br></div><div class="battle-history"><small>Tapu Bulu restored HP using its Grassy Terrain!</small><br></div><div class="spacer battle-history"><br></div><h2 class="battle-history">Turn 8</h2><div class="spacer battle-history"><br></div><div class="battle-history">Tapu Bulu, come back!<br></div><div class="battle-history">Go! <strong>Heatran</strong>!<br></div><div class="spacer battle-history"><br></div><div class="battle-history">The opposing Ferrothorn used <strong>Thunder Wave</strong>!<br></div><div class="battle-history"><small>Heatran is paralyzed! It may be unable to move!</small><br></div><div class="spacer battle-history"><br></div><h2 class="battle-history">Turn 9</h2><div class="spacer battle-history"><br></div><div class="battle-history">Camila Cruz♥ withdrew Ferrothorn!<br></div><div class="battle-history">Camila Cruz♥ sent out <strong>Greninja</strong>!<br></div><div class="spacer battle-history"><br></div><div class="battle-history">Heatran used <strong>Magma Storm</strong>!<br></div><div class="battle-history"><small>The opposing Greninja avoided the attack!</small><br></div><div class="spacer battle-history"><br></div><h2 class="battle-history">Turn 10</h2><div class="spacer battle-history"><br></div><div class="battle-history">Heatran, come back!<br></div><div class="battle-history">Go! <strong>Tapu Bulu</strong>!<br></div><div class="spacer battle-history"><br></div><div class="battle-history">The opposing Greninja used <strong>Ice Beam</strong>!<br></div><div class="battle-history"><small>It's super effective!</small><br></div><div class="battle-history"><small>(Tapu Bulu lost <abbr title="−228/337">67.7%</abbr> of its health!)</small><br></div><div class="spacer battle-history"><br></div><div class="battle-history"><small>Tapu Bulu restored a little HP using its Leftovers!</small><br></div><div class="battle-history"><small>Tapu Bulu restored HP using its Grassy Terrain!</small><br></div><div class="battle-history"><small>The grass disappeared from the battlefield.</small><br></div><div class="spacer battle-history"><br></div><h2 class="battle-history">Turn 11</h2><div class="spacer battle-history"><br></div><div class="battle-history">Camila Cruz♥ withdrew Greninja!<br></div><div class="battle-history">Camila Cruz♥ sent out Landorus (<strong>Landorus-Therian</strong>)!<br></div><div class="battle-history"><small>[The opposing Landorus's Intimidate]</small><br></div><div class="battle-history"><small>Tapu Bulu's Attack fell!</small><br></div><div class="spacer battle-history"><br></div><div class="battle-history">Tapu Bulu, come back!<br></div><div class="battle-history">Go! <strong>Mawile</strong>!<br></div><div class="battle-history"><small>[Mawile's Intimidate]</small><br></div><div class="battle-history"><small>The opposing Landorus's Attack fell!</small><br></div><div class="spacer battle-history"><br></div><h2 class="battle-history">Turn 12</h2><div class="spacer battle-history"><br></div><div class="battle-history">Mawile, come back!<br></div><div class="battle-history">Go! Landorus (<strong>Landorus-Therian</strong>)!<br></div><div class="battle-history"><small>[Landorus's Intimidate]</small><br></div><div class="battle-history"><small>The opposing Landorus's Attack fell!</small><br></div><div class="spacer battle-history"><br></div><div class="battle-history">The opposing Landorus used <strong>U-turn</strong>!<br></div><div class="battle-history"><small>It's not very effective...</small><br></div><div class="battle-history"><small>(Landorus lost <abbr title="−19/382">5.0%</abbr> of its health!)</small><br></div><div class="spacer battle-history"><br></div><div class="battle-history">The opposing Landorus went back to Camila Cruz♥!<br></div><div class="battle-history">Camila Cruz♥ sent out <strong>Greninja</strong>!<br></div><div class="spacer battle-history"><br></div><h2 class="battle-history">Turn 13</h2><div class="spacer battle-history"><br></div><div class="battle-history">Landorus, come back!<br></div><div class="battle-history">Go! <strong>Latios</strong>!<br></div><div class="spacer battle-history"><br></div><div class="battle-history">The opposing Greninja used <strong>Ice Beam</strong>!<br></div><div class="battle-history"><small>It's super effective!</small><br></div><div class="battle-history"><small>(Latios lost <abbr title="−246/301">81.7%</abbr> of its health!)</small><br></div><div class="spacer battle-history"><br></div><h2 class="battle-history">Turn 14</h2><div class="spacer battle-history"><br></div><div class="battle-history">Camila Cruz♥ withdrew Greninja!<br></div><div class="battle-history">Camila Cruz♥ sent out <strong>Mawile</strong>!<br></div><div class="battle-history"><small>[The opposing Mawile's Intimidate]</small><br></div><div class="battle-history"><small>Latios's Attack fell!</small><br></div><div class="spacer battle-history"><br></div><div class="battle-history">Latios used <strong>Draco Meteor</strong>!<br></div><div class="battle-history"><small>It doesn't affect the opposing Mawile...</small><br></div><div class="spacer battle-history"><br></div><h2 class="battle-history">Turn 15</h2><div class="spacer battle-history"><br></div><div class="battle-history">Latios, come back!<br></div><div class="battle-history">Go! Landorus (<strong>Landorus-Therian</strong>)!<br></div><div class="battle-history"><small>[Landorus's Intimidate]</small><br></div><div class="battle-history"><small>The opposing Mawile's Attack fell!</small><br></div><div class="spacer battle-history"><br></div><div class="battle-history"><small>The opposing Mawile's Mawilite is reacting to the Key Stone!</small><br>The opposing Mawile has Mega Evolved into Mega Mawile!<br></div><div class="spacer battle-history"><br></div><div class="battle-history">The opposing Mawile used <strong>Thunder Punch</strong>!<br></div><div class="battle-history"><small>It doesn't affect Landorus...</small><br></div><div class="spacer battle-history"><br></div><h2 class="battle-history">Turn 16</h2><div class="spacer battle-history"><br></div><div class="battle-history">Camila Cruz♥ withdrew Mawile!<br></div><div class="battle-history">Camila Cruz♥ sent out Landorus (<strong>Landorus-Therian</strong>)!<br></div><div class="battle-history"><small>[The opposing Landorus's Intimidate]</small><br></div><div class="battle-history"><small>Landorus's Attack fell!</small><br></div><div class="spacer battle-history"><br></div><div class="battle-history">Landorus used <strong>Stealth Rock</strong>!<br></div><div class="battle-history"><small>Pointed stones float in the air around the opposing team!</small><br></div><div class="spacer battle-history"><br></div><h2 class="battle-history">Turn 17</h2><div class="spacer battle-history"><br></div><div class="battle-history">The opposing Landorus used <strong>Hidden Power</strong>!<br></div><div class="battle-history"><small>It's super effective!</small><br></div><div class="battle-history"><small>Landorus ate its Yache Berry!</small><br></div><div class="battle-history"><small>The Yache Berry weakened the damage to Landorus!</small><br></div><div class="battle-history"><small>(Landorus lost <abbr title="−106/382">27.7%</abbr> of its health!)</small><br></div><div class="spacer battle-history"><br></div><div class="battle-history">Landorus used <strong>Hidden Power</strong>!<br></div><div class="battle-history"><small>It's super effective!</small><br></div><div class="battle-history"><small>(The opposing Landorus lost <abbr title="−196/319">61.4%</abbr> of its health!)</small><br></div><div class="spacer battle-history"><br></div><h2 class="battle-history">Turn 18</h2><div class="spacer battle-history"><br></div><div class="battle-history">Camila Cruz♥ withdrew Landorus!<br></div><div class="battle-history">Camila Cruz♥ sent out <strong>Zapdos</strong>!<br></div><div class="battle-history"><small>Pointed stones dug into the opposing Zapdos!</small><br></div><div class="spacer battle-history"><br></div><div class="battle-history">Landorus, come back!<br></div><div class="battle-history">Go! <strong>Gengar</strong>!<br></div><div class="spacer battle-history"><br></div><div class="battle-history"><small>The opposing Zapdos restored a little HP using its Leftovers!</small><br></div><div class="spacer battle-history"><br></div><h2 class="battle-history">Turn 19</h2><div class="spacer battle-history"><br></div><div class="battle-history">Gengar used <strong>Shadow Ball</strong>!<br></div><div class="battle-history"><small>(The opposing Zapdos lost <abbr title="−165/383">43.1%</abbr> of its health!)</small><br></div><div class="battle-history"><small>The opposing Zapdos's Special Defense fell!</small><br></div><div class="spacer battle-history"><br></div><div class="battle-history">The opposing Zapdos used <strong>Volt Switch</strong>!<br></div><div class="battle-history"><small>(Gengar lost <abbr title="−121/262">46.2%</abbr> of its health!)</small><br></div><div class="battle-history"><small>[Gengar's Cursed Body]</small><br><small>The opposing Zapdos's Volt Switch was disabled!</small><br></div><div class="spacer battle-history"><br></div><div class="battle-history">The opposing Zapdos went back to Camila Cruz♥!<br></div><div class="battle-history">Camila Cruz♥ sent out <strong>Greninja</strong>!<br></div><div class="battle-history"><small>Pointed stones dug into the opposing Greninja!</small><br></div><div class="spacer battle-history"><br></div><h2 class="battle-history">Turn 20</h2><div class="spacer battle-history"><br></div><div class="battle-history">Gengar, come back!<br></div><div class="battle-history">Go! <strong>Heatran</strong>!<br></div><div class="spacer battle-history"><br></div><div class="battle-history">The opposing Greninja used <strong>Hydro Pump</strong>!<br></div><div class="battle-history"><small>It's super effective!</small><br></div><div class="battle-history"><small>(Heatran lost <abbr title="−323/323">100%</abbr> of its health!)</small><br></div><div class="spacer battle-history"><br></div><div class="battle-history">Heatran fainted!<br></div><div class="battle-history"><small>[The opposing Greninja's Battle Bond]</small><br><small>The opposing Greninja became fully charged due to its bond with its Trainer!</small><br></div><div class="battle-history">The opposing Greninja became Ash-Greninja!<br></div><div class="spacer battle-history"><br></div><div class="battle-history">Go! <strong>Tapu Bulu</strong>!<br></div><div class="battle-history"><small>[Tapu Bulu's Grassy Surge]</small><br><small>Grass grew to cover the battlefield!</small><br></div><div class="spacer battle-history"><br></div><h2 class="battle-history">Turn 21</h2><div class="spacer battle-history"><br></div><div class="battle-history">The opposing Greninja used <strong>Hydro Pump</strong>!<br></div><div class="battle-history"><small>It's not very effective...</small><br></div><div class="battle-history"><small>(Tapu Bulu lost <abbr title="−122/337">36.2%</abbr> of its health!)</small><br></div><div class="spacer battle-history"><br></div><div class="battle-history">Tapu Bulu used <strong>Swords Dance</strong>!<br></div><div class="battle-history"><small>Tapu Bulu's Attack rose sharply!</small><br></div><div class="spacer battle-history"><br></div><div class="battle-history"><small>The opposing Greninja restored HP using its Grassy Terrain!</small><br></div><div class="battle-history"><small>Tapu Bulu restored a little HP using its Leftovers!</small><br></div><div class="battle-history"><small>Tapu Bulu restored HP using its Grassy Terrain!</small><br></div><div class="spacer battle-history"><br></div><h2 class="battle-history">Turn 22</h2><div class="chat chatmessage-drcaetano93"><strong style="color:hsl(96,65%,39.65927752523052%)"><small>☆</small><span class="username" data-name="DR Caetano93">DR Caetano93</span>:</strong> <em>lol</em></div><div class="chat chatmessage-egyellw"><strong style="color:hsl(44,71%,42.05793948165526%)"><small>ღ</small><span class="username" data-name="EG Yellоw">EG Yellоw</span>:</strong> <em>overpredict fren</em></div><div class="spacer battle-history"><br></div><div class="battle-history">Camila Cruz♥ withdrew Greninja!<br></div><div class="battle-history">Camila Cruz♥ sent out <strong>Ferrothorn</strong>!<br></div><div class="battle-history"><small>Pointed stones dug into the opposing Ferrothorn!</small><br></div><div class="spacer battle-history"><br></div><div class="battle-history">Tapu Bulu used <strong>Horn Leech</strong>!<br></div><div class="battle-history"><small>It's not very effective...</small><br></div><div class="battle-history"><small>A critical hit!</small><br></div><div class="battle-history"><small>(The opposing Ferrothorn lost <abbr title="−90/352">25.6%</abbr> of its health!)</small><br></div><div class="battle-history"><small>The opposing Ferrothorn had its energy drained!</small><br></div><div class="battle-history"><small>[The opposing Ferrothorn's Iron Barbs]</small><br><small>Tapu Bulu was hurt!</small><br></div><div class="spacer battle-history"><br></div><div class="battle-history"><small>Tapu Bulu restored a little HP using its Leftovers!</small><br></div><div class="battle-history"><small>Tapu Bulu restored HP using its Grassy Terrain!</small><br></div><div class="battle-history"><small>The opposing Ferrothorn restored a little HP using its Leftovers!</small><br></div><div class="battle-history"><small>The opposing Ferrothorn restored HP using its Grassy Terrain!</small><br></div><div class="spacer battle-history"><br></div><h2 class="battle-history">Turn 23</h2><div class="spacer battle-history"><br></div><div class="battle-history">Tapu Bulu used <strong>Synthesis</strong>!<br></div><div class="battle-history"><small>Tapu Bulu restored its HP.</small><br></div><div class="spacer battle-history"><br></div><div class="battle-history">The opposing Ferrothorn used <strong>Thunder Wave</strong>!<br></div><div class="battle-history"><small>Tapu Bulu is paralyzed! It may be unable to move!</small><br></div><div class="spacer battle-history"><br></div><div class="battle-history"><small>Tapu Bulu restored a little HP using its Leftovers!</small><br></div><div class="battle-history"><small>Tapu Bulu restored HP using its Grassy Terrain!</small><br></div><div class="battle-history"><small>The opposing Ferrothorn restored a little HP using its Leftovers!</small><br></div><div class="battle-history"><small>The opposing Ferrothorn restored HP using its Grassy Terrain!</small><br></div><div class="spacer battle-history"><br></div><h2 class="battle-history">Turn 24</h2><div class="spacer battle-history"><br></div><div class="battle-history">Tapu Bulu used <strong>Superpower</strong>!<br></div><div class="battle-history"><small>It's super effective!</small><br></div><div class="battle-history"><small>(The opposing Ferrothorn lost <abbr title="−328/352">93.2%</abbr> of its health!)</small><br></div><div class="battle-history"><small>[The opposing Ferrothorn's Iron Barbs]</small><br><small>Tapu Bulu was hurt!</small><br></div><div class="battle-history"><small>Tapu Bulu's Attack fell!</small><br></div><div class="battle-history"><small>Tapu Bulu's Defense fell!</small><br></div><div class="spacer battle-history"><br></div><div class="battle-history">The opposing Ferrothorn fainted!<br></div><div class="spacer battle-history"><br></div><div class="battle-history"><small>Tapu Bulu restored a little HP using its Leftovers!</small><br></div><div class="battle-history"><small>Tapu Bulu restored HP using its Grassy Terrain!</small><br></div><div class="spacer battle-history"><br></div><div class="battle-history">Camila Cruz♥ sent out Mawile (<strong>Mawile-Mega</strong>)!<br></div><div class="battle-history"><small>Pointed stones dug into the opposing Mawile!</small><br></div><div class="spacer battle-history"><br></div><h2 class="battle-history">Turn 25</h2><div class="spacer battle-history"><br></div><div class="battle-history">Tapu Bulu, come back!<br></div><div class="battle-history">Go! <strong>Gengar</strong>!<br></div><div class="spacer battle-history"><br></div><div class="battle-history">The opposing Mawile used <strong>Play Rough</strong>!<br></div><div class="battle-history"><small>It's not very effective...</small><br></div><div class="battle-history"><small>(Gengar lost <abbr title="−141/262">53.8%</abbr> of its health!)</small><br></div><div class="spacer battle-history"><br></div><div class="battle-history">Gengar fainted!<br></div><div class="spacer battle-history"><br></div><div class="battle-history"><small>The opposing Mawile restored HP using its Grassy Terrain!</small><br></div><div class="battle-history"><small>The grass disappeared from the battlefield.</small><br></div><div class="spacer battle-history"><br></div><div class="battle-history">Go! Landorus (<strong>Landorus-Therian</strong>)!<br></div><div class="battle-history"><small>[Landorus's Intimidate]</small><br></div><div class="battle-history"><small>The opposing Mawile's Attack fell!</small><br></div><div class="spacer battle-history"><br></div><h2 class="battle-history">Turn 26</h2><div class="spacer battle-history"><br></div><div class="battle-history">Camila Cruz♥ withdrew Mawile!<br></div><div class="battle-history">Camila Cruz♥ sent out <strong>Zapdos</strong>!<br></div><div class="battle-history"><small>Pointed stones dug into the opposing Zapdos!</small><br></div><div class="spacer battle-history"><br></div><div class="battle-history">Landorus used <strong>U-turn</strong>!<br></div><div class="battle-history"><small>It's not very effective...</small><br></div><div class="battle-history"><small>A critical hit!</small><br></div><div class="battle-history"><small>(The opposing Zapdos lost <abbr title="−45/383">11.7%</abbr> of its health!)</small><br></div><div class="battle-history"><small>[The opposing Zapdos's Static]</small><br><small>Landorus is paralyzed! It may be unable to move!</small><br></div><div class="chat chatmessage-neblina"><strong style="color:hsl(176,89%,34.213001678159486%)"><small>%</small><span class="username" data-name="Neblina εїз">Neblina εїз</span>:</strong> <em>go caetano</em></div><div class="chat chatmessage-drcaetano93"><strong style="color:hsl(96,65%,39.65927752523052%)"><small>☆</small><span class="username" data-name="DR Caetano93">DR Caetano93</span>:</strong> <em>ta dificil nebby</em></div><div class="spacer battle-history"><br></div><div class="battle-history">Landorus went back to DR Caetano93!<br></div><div class="battle-history">Go! <strong>Latios</strong>!<br></div><div class="spacer battle-history"><br></div><div class="battle-history"><small>The opposing Zapdos restored a little HP using its Leftovers!</small><br></div><div class="spacer battle-history"><br></div><h2 class="battle-history">Turn 27</h2><div class="spacer battle-history"><br></div><div class="battle-history">Latios used <strong>Psyshock</strong>!<br></div><div class="battle-history"><small>(The opposing Zapdos lost <abbr title="−29/383">7.6%</abbr> of its health!)</small><br></div><div class="spacer battle-history"><br></div><div class="battle-history">The opposing Zapdos fainted!<br></div><div class="spacer battle-history"><br></div><div class="battle-history">Camila Cruz♥ sent out Greninja (<strong>Greninja-Ash</strong>)!<br></div><div class="battle-history"><small>Pointed stones dug into the opposing Greninja!</small><br></div><div class="spacer battle-history"><br></div><h2 class="battle-history">Turn 28</h2><div class="spacer battle-history"><br></div><div class="battle-history">Latios, come back!<br></div><div class="battle-history">Go! Landorus (<strong>Landorus-Therian</strong>)!<br></div><div class="battle-history"><small>[Landorus's Intimidate]</small><br></div><div class="battle-history"><small>The opposing Greninja's Attack fell!</small><br></div><div class="spacer battle-history"><br></div><div class="battle-history">The opposing Greninja used <strong>Ice Beam</strong>!<br></div><div class="battle-history"><small>It's super effective!</small><br></div><div class="battle-history"><small>(Landorus lost <abbr title="−257/382">67.3%</abbr> of its health!)</small><br></div><div class="spacer battle-history"><br></div><div class="battle-history">Landorus fainted!<br></div><div class="spacer battle-history"><br></div><div class="battle-history">Go! <strong>Mawile</strong>!<br></div><div class="battle-history"><small>[Mawile's Intimidate]</small><br></div><div class="battle-history"><small>The opposing Greninja's Attack fell!</small><br></div><div class="spacer battle-history"><br></div><h2 class="battle-history">Turn 29</h2><div class="spacer battle-history"><br></div><div class="battle-history">Camila Cruz♥ withdrew Greninja!<br></div><div class="battle-history">Camila Cruz♥ sent out Landorus (<strong>Landorus-Therian</strong>)!<br></div><div class="battle-history"><small>Pointed stones dug into the opposing Landorus!</small><br></div><div class="battle-history"><small>[The opposing Landorus's Intimidate]</small><br></div><div class="battle-history"><small>Mawile's Attack fell!</small><br></div><div class="spacer battle-history"><br></div><div class="battle-history"><small>Mawile's Mawilite is reacting to the Key Stone!</small><br>Mawile has Mega Evolved into Mega Mawile!<br></div><div class="spacer battle-history"><br></div><div class="battle-history">Mawile used <strong>Play Rough</strong>!<br></div><div class="battle-history"><small>(The opposing Landorus lost <abbr title="−84/319">26.3%</abbr> of its health!)</small><br></div><div class="spacer battle-history"><br></div><div class="battle-history">The opposing Landorus fainted!<br></div><div class="spacer battle-history"><br></div><div class="battle-history">Camila Cruz♥ sent out Mawile (<strong>Mawile-Mega</strong>)!<br></div><div class="battle-history"><small>Pointed stones dug into the opposing Mawile!</small><br></div><div class="spacer battle-history"><br></div><h2 class="battle-history">Turn 30</h2><div class="spacer battle-history"><br></div><div class="battle-history">Mawile, come back!<br></div><div class="battle-history">Go! <strong>Latios</strong>!<br></div><div class="spacer battle-history"><br></div><div class="battle-history">The opposing Mawile used <strong>Fire Fang</strong>!<br></div><div class="battle-history"><small>It's not very effective...</small><br></div><div class="battle-history"><small>(Latios lost <abbr title="−55/301">18.3%</abbr> of its health!)</small><br></div><div class="spacer battle-history"><br></div><div class="battle-history">Latios fainted!<br></div><div class="spacer battle-history"><br></div><div class="battle-history">Go! <strong>Tapu Bulu</strong>!<br></div><div class="battle-history"><small>[Tapu Bulu's Grassy Surge]</small><br><small>Grass grew to cover the battlefield!</small><br></div><div class="spacer battle-history"><br></div><h2 class="battle-history">Turn 31</h2><div class="spacer battle-history"><br></div><div class="battle-history">The opposing Mawile used <strong>Fire Fang</strong>!<br></div><div class="battle-history"><small>It's super effective!</small><br></div><div class="battle-history"><small>A critical hit!</small><br></div><div class="battle-history"><small>(Tapu Bulu lost <abbr title="−306/337">90.8%</abbr> of its health!)</small><br></div><div class="spacer battle-history"><br></div><div class="battle-history">Tapu Bulu fainted!<br></div><div class="spacer battle-history"><br></div><div class="battle-history"><small>The opposing Mawile restored HP using its Grassy Terrain!</small><br></div><div class="chat chatmessage-drcaetano93"><strong style="color:hsl(96,65%,39.65927752523052%)"><small>☆</small><span class="username" data-name="DR Caetano93">DR Caetano93</span>:</strong> <em>...</em></div><div class="spacer battle-history"><br></div><div class="battle-history">Go! Mawile (<strong>Mawile-Mega</strong>)!<br></div><div class="spacer battle-history"><br></div><h2 class="battle-history">Turn 32</h2><div class="spacer battle-history"><br></div><div class="battle-history">The opposing Mawile used <strong>Fire Fang</strong>!<br></div><div class="battle-history"><small>It's super effective!</small><br></div><div class="battle-history"><small>(Mawile lost <abbr title="−230/251">91.6%</abbr> of its health!)</small><br></div><div class="spacer battle-history"><br></div><div class="battle-history">Mawile flinched and couldn't move!<br></div><div class="spacer battle-history"><br></div><div class="battle-history"><small>Mawile restored HP using its Grassy Terrain!</small><br></div><div class="spacer battle-history"><br></div><h2 class="battle-history">Turn 33</h2><div class="chat chatmessage-drcaetano93"><strong style="color:hsl(96,65%,39.65927752523052%)"><small>☆</small><span class="username" data-name="DR Caetano93">DR Caetano93</span>:</strong> <em>ok</em></div><div class="chat chatmessage-drcaetano93"><strong style="color:hsl(96,65%,39.65927752523052%)"><small>☆</small><span class="username" data-name="DR Caetano93">DR Caetano93</span>:</strong> <em>this was bs</em></div><div class="chat chatmessage-camilacruz"><strong style="color:hsl(107,48%,44.819126939248115%)"><small>☆</small><span class="username" data-name="Camila Cruz♥">Camila Cruz♥</span>:</strong> <em>water shuriken</em></div><div class="chat chatmessage-camilacruz"><strong style="color:hsl(107,48%,44.819126939248115%)"><small>☆</small><span class="username" data-name="Camila Cruz♥">Camila Cruz♥</span>:</strong> <em>xd</em></div><div class="chat chatmessage-drcaetano93"><strong style="color:hsl(96,65%,39.65927752523052%)"><small>☆</small><span class="username" data-name="DR Caetano93">DR Caetano93</span>:</strong> <em>but you played well</em></div><div class="chat chatmessage-camilacruz"><strong style="color:hsl(107,48%,44.819126939248115%)"><small>☆</small><span class="username" data-name="Camila Cruz♥">Camila Cruz♥</span>:</strong> <em>gg</em></div><div class="chat chatmessage-drcaetano93"><strong style="color:hsl(96,65%,39.65927752523052%)"><small>☆</small><span class="username" data-name="DR Caetano93">DR Caetano93</span>:</strong> <em>gg</em></div><div class="spacer battle-history"><br></div><div class="battle-history"><small>DR Caetano93 se rindió.</small><br></div><div class="spacer battle-history"><br></div><div class="battle-history"><strong>Camila Cruz♥</strong> won the battle!<br></div></div><div class="inner-preempt"></div></div></div>
</div>
<script>
let daily = Math.floor(Date.now()/1000/60/60/24);document.write('<script src="https://play.pokemonshowdown.com/js/replay-embed.js?version'+daily+'"></'+'script>');
</script>
