<!DOCTYPE html>
<meta charset="utf-8" />
<!-- version 1 -->
<title>OU replay: pucho213 vs. wicho_45</title>
<style>
html,body {font-family:Verdana, sans-serif;font-size:10pt;margin:0;padding:0;}body{padding:12px 0;} .battle-log {font-family:Verdana, sans-serif;font-size:10pt;} .battle-log-inline {border:1px solid #AAAAAA;background:#EEF2F5;color:black;max-width:640px;margin:0 auto 80px;padding-bottom:5px;} .battle-log .inner {padding:4px 8px 0px 8px;} .battle-log .inner-preempt {padding:0 8px 4px 8px;} .battle-log .inner-after {margin-top:0.5em;} .battle-log h2 {margin:0.5em -8px;padding:4px 8px;border:1px solid #AAAAAA;background:#E0E7EA;border-left:0;border-right:0;font-family:Verdana, sans-serif;font-size:13pt;} .battle-log .chat {vertical-align:middle;padding:3px 0 3px 0;font-size:8pt;} .battle-log .chat strong {color:#40576A;} .battle-log .chat em {padding:1px 4px 1px 3px;color:#000000;font-style:normal;} .chat.mine {background:rgba(0,0,0,0.05);margin-left:-8px;margin-right:-8px;padding-left:8px;padding-right:8px;} .spoiler {color:#BBBBBB;background:#BBBBBB;padding:0px 3px;} .spoiler:hover, .spoiler:active, .spoiler-shown {color:#000000;background:#E2E2E2;padding:0px 3px;} .spoiler a {color:#BBBBBB;} .spoiler:hover a, .spoiler:active a, .spoiler-shown a {color:#2288CC;} .chat code, .chat .spoiler:hover code, .chat .spoiler:active code, .chat .spoiler-shown code {border:1px solid #C0C0C0;background:#EEEEEE;color:black;padding:0 2px;} .chat .spoiler code {border:1px solid #CCCCCC;background:#CCCCCC;color:#CCCCCC;} .battle-log .rated {padding:3px 4px;} .battle-log .rated strong {color:white;background:#89A;padding:1px 4px;border-radius:4px;} .spacer {margin-top:0.5em;} .message-announce {background:#6688AA;color:white;padding:1px 4px 2px;} .message-announce a, .broadcast-green a, .broadcast-blue a, .broadcast-red a {color:#DDEEFF;} .broadcast-green {background-color:#559955;color:white;padding:2px 4px;} .broadcast-blue {background-color:#6688AA;color:white;padding:2px 4px;} .infobox {border:1px solid #6688AA;padding:2px 4px;} .infobox-limited {max-height:200px;overflow:auto;overflow-x:hidden;} .broadcast-red {background-color:#AA5544;color:white;padding:2px 4px;} .message-learn-canlearn {font-weight:bold;color:#228822;text-decoration:underline;} .message-learn-cannotlearn {font-weight:bold;color:#CC2222;text-decoration:underline;} .message-effect-weak {font-weight:bold;color:#CC2222;} .message-effect-resist {font-weight:bold;color:#6688AA;} .message-effect-immune {font-weight:bold;color:#666666;} .message-learn-list {margin-top:0;margin-bottom:0;} .message-throttle-notice, .message-error {color:#992222;} .message-overflow, .chat small.message-overflow {font-size:0pt;} .message-overflow::before {font-size:9pt;content:'...';} .subtle {color:#3A4A66;}
</style>
<div class="wrapper replay-wrapper" style="max-width:1180px;margin:0 auto">
<input type="hidden" name="replayid" value="destiny-ou-484592" />
<div class="battle"></div><div class="battle-log"></div><div class="replay-controls"></div><div class="replay-controls-2"></div>
<h1 style="font-weight:normal;text-align:center"><strong>OU</strong><br /><a href="http://pokemonshowdown.com/users/pucho213" class="subtle" target="_blank">pucho213</a> vs. <a href="http://pokemonshowdown.com/users/wicho45" class="subtle" target="_blank">wicho_45</a></h1>
<script type="text/plain" class="battle-log-data">|player|p1|pucho213|266
|teamsize|p1|6
|player|p2|wicho_45|2027
|teamsize|p2|6
|teamsize|p1|6
|teamsize|p2|6
|gametype|singles
|gen|7
|tier|OU
|rated
|seed|32992,24013,27771,34757
|rule|Cláusula-Mod de Dormir: solo puedes dormir a uno de tus oponentes a la vez.
|rule|Cláusula de Especie: Hasta un Pokémon de cada especie
|rule|Cláusula de Golpe Fulminante: los movimientos fulminantes (OHKO) estan prohibidos
|rule|Cláusula de Veleta: la habilidad Veleta está prohibida
|rule|Cláusula de Movimientos Evasivos: los movimientos de Evasión están prohibidos.
|rule|Cláusula de Batallas Eternas: forzar batallas eternas está prohibido
|clearpoke
|poke|p1|Alakazam, F|item
|poke|p1|Tapu Lele|item
|poke|p1|Celesteela|item
|poke|p1|Gastrodon, F|item
|poke|p1|Kartana|item
|poke|p1|Victini|item
|poke|p2|Empoleon, M, shiny|item
|poke|p2|Vikavolt, M, shiny|item
|poke|p2|Charizard, M, shiny|item
|poke|p2|Mimikyu, F, shiny|item
|poke|p2|Crobat, M|item
|poke|p2|Mamoswine, M|item
|teampreview|undefined
|choice|*|*team 321456
|choice|*team 623451|*
|choice|team 6, 2, 3, 4, 5, 1|team 3, 2, 1, 4, 5, 6
|
|start
|switch|p1a: Victini|Victini|341\/341
|switch|p2a: Charizard|Charizard, M, shiny|335\/335
|turn|1
|choice|*move 3|*
|choice|*|*move 2 mega
|choice|move thunderpunch|move flamethrower mega
|
|-mega|p2a: Charizard|Charizard|Charizardite Y
|detailschange|p2a: Charizard|Charizard-Mega-Y, M, shiny
|-weather|SunnyDay|[from] ability: Drought|[of] p2a: Charizard
|move|p1a: Victini|Thunder Punch|p2a: Charizard
|-supereffective|p2a: Charizard
|-damage|p2a: Charizard|177\/335
|move|p2a: Charizard|Flamethrower|p1a: Victini
|-resisted|p1a: Victini
|-damage|p1a: Victini|206\/341
|
|-weather|SunnyDay|[upkeep]
|upkeep
|turn|2
|choice|*move 1 zmove|*
|choice|*|*move 2
|choice|move celebrate zmove|move flamethrower
|
|-zpower|p1a: Victini
|move|p1a: Victini|Z-Celebrate|p1a: Victini|[anim]Celebrate
|-boost|p1a: Victini|atk|1|[zeffect]
|-boost|p1a: Victini|def|1|[zeffect]
|-boost|p1a: Victini|spa|1|[zeffect]
|-boost|p1a: Victini|spd|1|[zeffect]
|-boost|p1a: Victini|spe|1|[zeffect]
|-activate|p1a: Victini|move: Celebrate
|-fail|p1a: Victini
|move|p2a: Charizard|Flamethrower|p1a: Victini
|-resisted|p1a: Victini
|-damage|p1a: Victini|110\/341
|
|-weather|SunnyDay|[upkeep]
|upkeep
|turn|3
|choice|*|*switch 6
|choice|*move 3|*
|choice|move thunderpunch|switch 6
|
|switch|p2a: Mamoswine|Mamoswine, M|402\/402
|move|p1a: Victini|Thunder Punch|p2a: Mamoswine
|-immune|p2a: Mamoswine|[msg]
|
|-weather|SunnyDay|[upkeep]
|upkeep
|turn|4
|choice|*move 2|*
|choice|*|*move 3
|choice|move vcreate|move earthquake
|
|move|p1a: Victini|V-create|p2a: Mamoswine
|-supereffective|p2a: Mamoswine
|-damage|p2a: Mamoswine|0 fnt
|-unboost|p1a: Victini|spe|1
|-unboost|p1a: Victini|def|1
|-unboost|p1a: Victini|spd|1
|faint|p2a: Mamoswine
|
|-weather|SunnyDay|[upkeep]
|upkeep
|choice|*|*switch 4
|choice||switch 4
|
|switch|p2a: Mimikyu|Mimikyu, F, shiny|251\/251
|turn|5
|choice|*|*move 1
|choice|*move 4|*
|choice|move zenheadbutt|move shadowsneak
|
|move|p2a: Mimikyu|Shadow Sneak|p1a: Victini
|-supereffective|p1a: Victini
|-damage|p1a: Victini|0 fnt
|faint|p1a: Victini
|
|-weather|none
|upkeep
|choice|*switch 2|*
|choice|switch 2|
|
|switch|p1a: Tapu Lele|Tapu Lele|281\/281
|-fieldstart|move: Psychic Terrain|[from] ability: Psychic Surge|[of] p1a: Tapu Lele
|turn|6
|choice|*|*move 4
|choice|*move 1|*
|choice|move moonblast|move swordsdance
|
|move|p2a: Mimikyu|Swords Dance|p2a: Mimikyu
|-boost|p2a: Mimikyu|atk|2
|move|p1a: Tapu Lele|Moonblast|p2a: Mimikyu
|-activate|p2a: Mimikyu|ability: Disguise
|-damage|p2a: Mimikyu|251\/251
|detailschange|p2a: Mimikyu|Mimikyu-Busted, F, shiny
|-damage|p1a: Tapu Lele|253\/281|[from] item: Life Orb
|
|upkeep
|turn|7
|choice|*switch 3|*
|choice|*|*move 1
|choice|switch 3|move shadowsneak
|
|switch|p1a: Celesteela|Celesteela|398\/398
|move|p2a: Mimikyu|Shadow Sneak|p1a: Celesteela
|-damage|p1a: Celesteela|302\/398
|
|-heal|p1a: Celesteela|326\/398|[from] item: Leftovers
|upkeep
|turn|8
|choice|*|*move 2
|choice|*move 3|*
|choice|move heavyslam|move playrough
|
|move|p2a: Mimikyu|Play Rough|p1a: Celesteela
|-resisted|p1a: Celesteela
|-damage|p1a: Celesteela|234\/398
|move|p1a: Celesteela|Heavy Slam|p2a: Mimikyu
|-supereffective|p2a: Mimikyu
|-damage|p2a: Mimikyu|0 fnt
|faint|p2a: Mimikyu
|-ability|p1a: Celesteela|Beast Boost|boost
|-boost|p1a: Celesteela|def|1
|
|-heal|p1a: Celesteela|258\/398|[from] item: Leftovers
|upkeep
|choice|*|*switch 6
|choice||switch 6
|
|switch|p2a: Charizard|Charizard-Mega-Y, M, shiny|177\/335
|-weather|SunnyDay|[from] ability: Drought|[of] p2a: Charizard
|turn|9
|choice|*move 2|*
|choice|*|*move 3
|choice|move protect|move roost
|
|move|p1a: Celesteela|Protect|p1a: Celesteela
|-singleturn|p1a: Celesteela|Protect
|move|p2a: Charizard|Roost|p2a: Charizard
|-heal|p2a: Charizard|335\/335
|
|-weather|SunnyDay|[upkeep]
|-heal|p1a: Celesteela|282\/398|[from] item: Leftovers
|upkeep
|turn|10
|choice|*switch 3|*
|choice|*|*move 2
|choice|switch 3|move flamethrower
|
|switch|p1a: Tapu Lele|Tapu Lele|253\/281
|move|p2a: Charizard|Flamethrower|p1a: Tapu Lele
|-damage|p1a: Tapu Lele|4\/281
|
|-weather|SunnyDay|[upkeep]
|-fieldend|move: Psychic Terrain
|upkeep
|turn|11
|inactive|Reloj de batalla ENCENDIDO. El jugador inactivo será descalificado (solicitado por pucho213).
|choice|*move 2|*
|choice|*|*move 2
|choice|move psyshock|move flamethrower
|
|move|p1a: Tapu Lele|Psyshock|p2a: Charizard
|-damage|p2a: Charizard|150\/335
|-damage|p1a: Tapu Lele|0 fnt|[from] item: Life Orb
|faint|p1a: Tapu Lele
|move|p2a: Charizard|Flamethrower|p1: Tapu Lele|[notarget]
|-notarget
|
|-weather|SunnyDay|[upkeep]
|upkeep
|choice|*switch 6|*
|choice|switch 6|
|
|switch|p1a: Alakazam|Alakazam, F|251\/251
|turn|12
|choice|*move 3 mega|*
|choice|*|*move 2
|choice|move psychic mega|move flamethrower
|
|-mega|p1a: Alakazam|Alakazam|Alakazite
|detailschange|p1a: Alakazam|Alakazam-Mega, F
|-ability|p1a: Alakazam|Drought|[from] ability: Trace|[of] p2a: Charizard
|move|p1a: Alakazam|Psychic|p2a: Charizard
|-damage|p2a: Charizard|0 fnt
|faint|p2a: Charizard
|
|-weather|SunnyDay|[upkeep]
|upkeep
|choice|*|*switch 2
|choice||switch 2
|
|switch|p2a: Vikavolt|Vikavolt, M, shiny|295\/295
|turn|13
|choice|*|*move 2
|choice|*switch 4|*
|choice|switch 4|move discharge
|
|switch|p1a: Gastrodon|Gastrodon, F|426\/426
|move|p2a: Vikavolt|Discharge|p1a: Gastrodon
|-immune|p1a: Gastrodon|[msg]
|
|-weather|none
|upkeep
|turn|14
|choice|*|*move 4
|choice|*move 1|*
|choice|move scald|move energyball
|
|move|p2a: Vikavolt|Energy Ball|p1a: Gastrodon
|-supereffective|p1a: Gastrodon
|-damage|p1a: Gastrodon|46\/426
|move|p1a: Gastrodon|Scald|p2a: Vikavolt
|-damage|p2a: Vikavolt|196\/295
|-status|p2a: Vikavolt|brn
|
|-heal|p1a: Gastrodon|72\/426|[from] item: Leftovers
|-damage|p2a: Vikavolt|178\/295 brn|[from] brn
|upkeep
|turn|15
|choice|*|*move 4
|choice|*move 4|*
|choice|move earthpower|move energyball
|
|move|p2a: Vikavolt|Energy Ball|p1a: Gastrodon
|-supereffective|p1a: Gastrodon
|-damage|p1a: Gastrodon|0 fnt
|faint|p1a: Gastrodon
|
|-damage|p2a: Vikavolt|160\/295 brn|[from] brn
|upkeep
|inactive|pucho213 tiene 135 segundos restantes.
|choice|*switch 4|*
|choice|switch 4|
|
|switch|p1a: Alakazam|Alakazam-Mega, F|251\/251
|-ability|p1a: Alakazam|Levitate|[from] ability: Trace|[of] p2a: Vikavolt
|turn|16
|choice|*move 3|*
|choice|*|*move 1
|choice|move psychic|move bugbuzz
|
|move|p1a: Alakazam|Psychic|p2a: Vikavolt
|-damage|p2a: Vikavolt|0 fnt
|faint|p2a: Vikavolt
|
|upkeep
|choice|*|*switch 3
|choice||switch 3
|
|switch|p2a: Empoleon|Empoleon, M, shiny|372\/372
|turn|17
|choice|*switch 3|*
|choice|*|*move 1
|choice|switch 3|move knockoff
|
|switch|p1a: Celesteela|Celesteela|282\/398
|move|p2a: Empoleon|Knock Off|p1a: Celesteela
|-damage|p1a: Celesteela|199\/398
|-enditem|p1a: Celesteela|Leftovers|[from] move: Knock Off|[of] p2a: Empoleon
|-damage|p2a: Empoleon|335\/372|[from] item: Life Orb
|
|upkeep
|turn|18
|choice|*move 1|*
|choice|*|*move 3
|choice|move leechseed|move brine
|
|move|p1a: Celesteela|Leech Seed|p2a: Empoleon|[miss]
|-miss|p1a: Celesteela|p2a: Empoleon
|move|p2a: Empoleon|Brine|p1a: Celesteela
|-damage|p1a: Celesteela|82\/398
|-damage|p2a: Empoleon|298\/372|[from] item: Life Orb
|
|upkeep
|turn|19
|choice|*move 1|*
|choice|*|*move 3
|choice|move leechseed|move brine
|
|move|p1a: Celesteela|Leech Seed|p2a: Empoleon|[miss]
|-miss|p1a: Celesteela|p2a: Empoleon
|move|p2a: Empoleon|Brine|p1a: Celesteela
|-damage|p1a: Celesteela|0 fnt
|-damage|p2a: Empoleon|261\/372|[from] item: Life Orb
|faint|p1a: Celesteela
|
|upkeep
|choice|*switch 5|*
|choice|switch 5|
|
|switch|p1a: Kartana|Kartana|259\/259
|turn|20
|choice|*move 2|*
|choice|*|*switch 5
|choice|move sacredsword|switch 5
|
|switch|p2a: Crobat|Crobat, M|332\/332
|move|p1a: Kartana|Sacred Sword|p2a: Crobat
|-resisted|p2a: Crobat
|-damage|p2a: Crobat|299\/332
|
|-heal|p2a: Crobat|319\/332|[from] item: Black Sludge
|upkeep
|turn|21
|choice|*move 2|*
|choice|*|*move 3
|choice|move sacredsword|move confuseray
|
|move|p1a: Kartana|Sacred Sword|p2a: Crobat
|-resisted|p2a: Crobat
|-damage|p2a: Crobat|283\/332
|move|p2a: Crobat|Confuse Ray|p1a: Kartana
|-start|p1a: Kartana|confusion
|
|-heal|p2a: Crobat|303\/332|[from] item: Black Sludge
|upkeep
|turn|22
|choice|*move 2|*
|inactive|wicho_45 tiene 135 segundos restantes.
|choice|*|*move 2
|choice|move sacredsword|move acrobatics
|
|-activate|p1a: Kartana|confusion
|-damage|p1a: Kartana|211\/259|[from] confusion
|move|p2a: Crobat|Acrobatics|p1a: Kartana
|-damage|p1a: Kartana|150\/259
|
|-heal|p2a: Crobat|323\/332|[from] item: Black Sludge
|upkeep
|turn|23
|choice|*move 2|*
|choice|*|*move 2
|choice|move sacredsword|move acrobatics
|
|-activate|p1a: Kartana|confusion
|move|p1a: Kartana|Sacred Sword|p2a: Crobat
|-resisted|p2a: Crobat
|-damage|p2a: Crobat|288\/332
|move|p2a: Crobat|Acrobatics|p1a: Kartana
|-damage|p1a: Kartana|83\/259
|
|-heal|p2a: Crobat|308\/332|[from] item: Black Sludge
|upkeep
|turn|24
|choice|*move 2|*
|choice|*|*move 2
|choice|move sacredsword|move acrobatics
|
|-activate|p1a: Kartana|confusion
|move|p1a: Kartana|Sacred Sword|p2a: Crobat
|-resisted|p2a: Crobat
|-damage|p2a: Crobat|273\/332
|move|p2a: Crobat|Acrobatics|p1a: Kartana
|-damage|p1a: Kartana|20\/259
|
|-heal|p2a: Crobat|293\/332|[from] item: Black Sludge
|upkeep
|turn|25
|choice|*move 2|*
|choice|*|*move 2
|choice|move sacredsword|move acrobatics
|
|-activate|p1a: Kartana|confusion
|move|p1a: Kartana|Sacred Sword|p2a: Crobat
|-resisted|p2a: Crobat
|-damage|p2a: Crobat|260\/332
|move|p2a: Crobat|Acrobatics|p1a: Kartana
|-damage|p1a: Kartana|0 fnt
|faint|p1a: Kartana
|
|-heal|p2a: Crobat|280\/332|[from] item: Black Sludge
|upkeep
|choice|*switch 3|*
|choice|switch 3|
|
|switch|p1a: Alakazam|Alakazam-Mega, F|251\/251
|-ability|p1a: Alakazam|Infiltrator|[from] ability: Trace|[of] p2a: Crobat
|turn|26
|choice|*move 3|*
|choice|*|*move 3
|choice|move psychic|move confuseray
|
|move|p1a: Alakazam|Psychic|p2a: Crobat
|-supereffective|p2a: Crobat
|-damage|p2a: Crobat|0 fnt
|faint|p2a: Crobat
|
|upkeep
|choice|*|*switch 5
|choice||switch 5
|
|switch|p2a: Empoleon|Empoleon, M, shiny|261\/372
|turn|27
|choice|*|*move 1
|choice|*move 4|*
|choice|move energyball|move knockoff
|
|move|p1a: Alakazam|Energy Ball|p2a: Empoleon
|-damage|p2a: Empoleon|136\/372
|move|p2a: Empoleon|Knock Off|p1a: Alakazam
|-supereffective|p1a: Alakazam
|-damage|p1a: Alakazam|25\/251
|-damage|p2a: Empoleon|99\/372|[from] item: Life Orb
|
|upkeep
|turn|28
|choice|*|*move 2
|choice|*move 4|*
|choice|move energyball|move aquajet
|
|move|p2a: Empoleon|Aqua Jet|p1a: Alakazam
|-damage|p1a: Alakazam|0 fnt
|-damage|p2a: Empoleon|62\/372|[from] item: Life Orb
|faint|p1a: Alakazam
|
|win|wicho_45
wicho_45 ha ganado 5.5 PokeDolares.
|raw|Puntaje de pucho213: 1069 &rarr; <strong>1057<\/strong><br \/>(-12 por perder)
|raw|Puntaje de wicho_45: 1043 &rarr; <strong>1087<\/strong><br \/>(+44 por ganar)
|c|☆wicho_45|uf
</script>
</div>
<div class="battle-log battle-log-inline"><div class="inner"><div class="battle-options"></div><div class="inner"><div class=""><small>Format:</small> <br><strong>OU</strong></div><div class="rated"><strong>Rated battle</strong></div><div class=""><small><em>Cláusula-Mod de Dormir:</em> solo puedes dormir a uno de tus oponentes a la vez.</small></div><div class=""><small><em>Cláusula de Especie:</em> Hasta un Pokémon de cada especie</small></div><div class=""><small><em>Cláusula de Golpe Fulminante:</em> los movimientos fulminantes (OHKO) estan prohibidos</small></div><div class=""><small><em>Cláusula de Veleta:</em> la habilidad Veleta está prohibida</small></div><div class=""><small><em>Cláusula de Movimientos Evasivos:</em> los movimientos de Evasión están prohibidos.</small></div><div class=""><small><em>Cláusula de Batallas Eternas:</em> forzar batallas eternas está prohibido</small></div><div class="chat battle-history"><strong>pucho213's team:</strong> <em style="color:#445566;display:block;">Alakazam / Tapu Lele / Celesteela / Gastrodon / Kartana / Victini</em></div><div class="chat battle-history"><strong>wicho_45's team:</strong> <em style="color:#445566;display:block;">Empoleon / Vikavolt / Charizard / Mimikyu / Crobat / Mamoswine</em></div><div class="spacer battle-history"><br></div><div class="battle-history">Battle started between pucho213 and wicho_45!<br></div><div class="spacer battle-history"><br></div><div class="battle-history">Go! <strong>Victini</strong>!<br></div><div class="spacer battle-history"><br></div><div class="battle-history">wicho_45 sent out <strong>Charizard</strong>!<br></div><div class="spacer battle-history"><br></div><h2 class="battle-history">Turn 1</h2><div class="spacer battle-history"><br></div><div class="battle-history"><small>The opposing Charizard's Charizardite Y is reacting to the Key Stone!</small><br>The opposing Charizard has Mega Evolved into Mega Charizard!<br></div><div class="battle-history"><small>[The opposing Charizard's Drought]</small><br><small>The sunlight turned harsh!</small><br></div><div class="spacer battle-history"><br></div><div class="battle-history">Victini used <strong>Thunder Punch</strong>!<br></div><div class="battle-history"><small>It's super effective!</small><br></div><div class="battle-history"><small>(The opposing Charizard lost <abbr title="−158/335">47.2%</abbr> of its health!)</small><br></div><div class="spacer battle-history"><br></div><div class="battle-history">The opposing Charizard used <strong>Flamethrower</strong>!<br></div><div class="battle-history"><small>It's not very effective...</small><br></div><div class="battle-history"><small>(Victini lost <abbr title="−135/341">39.6%</abbr> of its health!)</small><br></div><div class="spacer battle-history"><br></div><div class="battle-history"><small>(The sunlight is strong!)</small><br></div><div class="spacer battle-history"><br></div><h2 class="battle-history">Turn 2</h2><div class="spacer battle-history"><br></div><div class="battle-history"><small>Victini surrounded itself with its Z-Power!</small><br></div><div class="spacer battle-history"><br></div><div class="battle-history">Victini used <strong>Z-Celebrate</strong>!<br></div><div class="battle-history"><small>Victini boosted its Attack using its Z-Power!</small><br></div><div class="battle-history"><small>Victini boosted its Defense using its Z-Power!</small><br></div><div class="battle-history"><small>Victini boosted its Special Attack using its Z-Power!</small><br></div><div class="battle-history"><small>Victini boosted its Special Defense using its Z-Power!</small><br></div><div class="battle-history"><small>Victini boosted its Speed using its Z-Power!</small><br></div><div class="battle-history"><small>Congratulations, pucho213!</small><br></div><div class="battle-history"><small>But it failed!</small><br></div><div class="spacer battle-history"><br></div><div class="battle-history">The opposing Charizard used <strong>Flamethrower</strong>!<br></div><div class="battle-history"><small>It's not very effective...</small><br></div><div class="battle-history"><small>(Victini lost <abbr title="−96/341">28.2%</abbr> of its health!)</small><br></div><div class="spacer battle-history"><br></div><div class="battle-history"><small>(The sunlight is strong!)</small><br></div><div class="spacer battle-history"><br></div><h2 class="battle-history">Turn 3</h2><div class="spacer battle-history"><br></div><div class="battle-history">wicho_45 withdrew Charizard!<br></div><div class="battle-history">wicho_45 sent out <strong>Mamoswine</strong>!<br></div><div class="spacer battle-history"><br></div><div class="battle-history">Victini used <strong>Thunder Punch</strong>!<br></div><div class="battle-history"><small>It doesn't affect the opposing Mamoswine...</small><br></div><div class="spacer battle-history"><br></div><div class="battle-history"><small>(The sunlight is strong!)</small><br></div><div class="spacer battle-history"><br></div><h2 class="battle-history">Turn 4</h2><div class="spacer battle-history"><br></div><div class="battle-history">Victini used <strong>V-create</strong>!<br></div><div class="battle-history"><small>It's super effective!</small><br></div><div class="battle-history"><small>(The opposing Mamoswine lost <abbr title="−402/402">100%</abbr> of its health!)</small><br></div><div class="battle-history"><small>Victini's Speed fell!</small><br></div><div class="battle-history"><small>Victini's Defense fell!</small><br></div><div class="battle-history"><small>Victini's Special Defense fell!</small><br></div><div class="spacer battle-history"><br></div><div class="battle-history">The opposing Mamoswine fainted!<br></div><div class="spacer battle-history"><br></div><div class="battle-history"><small>(The sunlight is strong!)</small><br></div><div class="spacer battle-history"><br></div><div class="battle-history">wicho_45 sent out <strong>Mimikyu</strong>!<br></div><div class="spacer battle-history"><br></div><h2 class="battle-history">Turn 5</h2><div class="spacer battle-history"><br></div><div class="battle-history">The opposing Mimikyu used <strong>Shadow Sneak</strong>!<br></div><div class="battle-history"><small>It's super effective!</small><br></div><div class="battle-history"><small>(Victini lost <abbr title="−110/341">32.3%</abbr> of its health!)</small><br></div><div class="spacer battle-history"><br></div><div class="battle-history">Victini fainted!<br></div><div class="spacer battle-history"><br></div><div class="battle-history"><small>The sunlight faded.</small><br></div><div class="spacer battle-history"><br></div><div class="battle-history">Go! <strong>Tapu Lele</strong>!<br></div><div class="battle-history"><small>[Tapu Lele's Psychic Surge]</small><br><small>The battlefield got weird!</small><br></div><div class="spacer battle-history"><br></div><h2 class="battle-history">Turn 6</h2><div class="spacer battle-history"><br></div><div class="battle-history">The opposing Mimikyu used <strong>Swords Dance</strong>!<br></div><div class="battle-history"><small>The opposing Mimikyu's Attack rose sharply!</small><br></div><div class="spacer battle-history"><br></div><div class="battle-history">Tapu Lele used <strong>Moonblast</strong>!<br></div><div class="battle-history"><small>[The opposing Mimikyu's Disguise]</small><br><small>Its disguise served it as a decoy!</small><br></div><div class="battle-history"><small>(The opposing Mimikyu lost <abbr title="0/251">0%</abbr> of its health!)</small><br></div><div class="battle-history">The opposing Mimikyu's disguise was busted!<br></div><div class="battle-history"><small>Tapu Lele lost some of its HP!</small><br></div><div class="spacer battle-history"><br></div><h2 class="battle-history">Turn 7</h2><div class="spacer battle-history"><br></div><div class="battle-history">Tapu Lele, come back!<br></div><div class="battle-history">Go! <strong>Celesteela</strong>!<br></div><div class="spacer battle-history"><br></div><div class="battle-history">The opposing Mimikyu used <strong>Shadow Sneak</strong>!<br></div><div class="battle-history"><small>(Celesteela lost <abbr title="−96/398">24.1%</abbr> of its health!)</small><br></div><div class="spacer battle-history"><br></div><div class="battle-history"><small>Celesteela restored a little HP using its Leftovers!</small><br></div><div class="spacer battle-history"><br></div><h2 class="battle-history">Turn 8</h2><div class="spacer battle-history"><br></div><div class="battle-history">The opposing Mimikyu used <strong>Play Rough</strong>!<br></div><div class="battle-history"><small>It's not very effective...</small><br></div><div class="battle-history"><small>(Celesteela lost <abbr title="−92/398">23.1%</abbr> of its health!)</small><br></div><div class="spacer battle-history"><br></div><div class="battle-history">Celesteela used <strong>Heavy Slam</strong>!<br></div><div class="battle-history"><small>It's super effective!</small><br></div><div class="battle-history"><small>(The opposing Mimikyu lost <abbr title="−251/251">100%</abbr> of its health!)</small><br></div><div class="spacer battle-history"><br></div><div class="battle-history">The opposing Mimikyu fainted!<br></div><div class="battle-history"><small>[Celesteela's Beast Boost]</small><br></div><div class="battle-history"><small>Celesteela's Defense rose!</small><br></div><div class="spacer battle-history"><br></div><div class="battle-history"><small>Celesteela restored a little HP using its Leftovers!</small><br></div><div class="spacer battle-history"><br></div><div class="battle-history">wicho_45 sent out Charizard (<strong>Charizard-Mega-Y</strong>)!<br></div><div class="battle-history"><small>[The opposing Charizard's Drought]</small><br><small>The sunlight turned harsh!</small><br></div><div class="spacer battle-history"><br></div><h2 class="battle-history">Turn 9</h2><div class="spacer battle-history"><br></div><div class="battle-history">Celesteela used <strong>Protect</strong>!<br></div><div class="battle-history"><small>Celesteela protected itself!</small><br></div><div class="spacer battle-history"><br></div><div class="battle-history">The opposing Charizard used <strong>Roost</strong>!<br></div><div class="battle-history"><small>The opposing Charizard restored its HP.</small><br></div><div class="spacer battle-history"><br></div><div class="battle-history"><small>(The sunlight is strong!)</small><br></div><div class="battle-history"><small>Celesteela restored a little HP using its Leftovers!</small><br></div><div class="spacer battle-history"><br></div><h2 class="battle-history">Turn 10</h2><div class="spacer battle-history"><br></div><div class="battle-history">Celesteela, come back!<br></div><div class="battle-history">Go! <strong>Tapu Lele</strong>!<br></div><div class="spacer battle-history"><br></div><div class="battle-history">The opposing Charizard used <strong>Flamethrower</strong>!<br></div><div class="battle-history"><small>(Tapu Lele lost <abbr title="−249/281">88.6%</abbr> of its health!)</small><br></div><div class="spacer battle-history"><br></div><div class="battle-history"><small>(The sunlight is strong!)</small><br></div><div class="battle-history"><small>The weirdness disappeared from the battlefield!</small><br></div><div class="spacer battle-history"><br></div><h2 class="battle-history">Turn 11</h2><div class="chat message-error">Reloj de batalla ENCENDIDO. El jugador inactivo será descalificado (solicitado por pucho213).</div><div class="spacer battle-history"><br></div><div class="battle-history">Tapu Lele used <strong>Psyshock</strong>!<br></div><div class="battle-history"><small>(The opposing Charizard lost <abbr title="−185/335">55.2%</abbr> of its health!)</small><br></div><div class="battle-history"><small>Tapu Lele lost some of its HP!</small><br></div><div class="spacer battle-history"><br></div><div class="battle-history">Tapu Lele fainted!<br></div><div class="battle-history">The opposing Charizard used <strong>Flamethrower</strong>!<br></div><div class="battle-history"><small>But there was no target...</small><br></div><div class="spacer battle-history"><br></div><div class="battle-history"><small>(The sunlight is strong!)</small><br></div><div class="spacer battle-history"><br></div><div class="battle-history">Go! <strong>Alakazam</strong>!<br></div><div class="spacer battle-history"><br></div><h2 class="battle-history">Turn 12</h2><div class="spacer battle-history"><br></div><div class="battle-history"><small>Alakazam's Alakazite is reacting to the Key Stone!</small><br>Alakazam has Mega Evolved into Mega Alakazam!<br></div><div class="battle-history"><small>[Alakazam's Trace]</small><br><small>[Alakazam's Drought]</small><br><small>Alakazam traced the opposing Charizard's Drought!</small><br></div><div class="spacer battle-history"><br></div><div class="battle-history">Alakazam used <strong>Psychic</strong>!<br></div><div class="battle-history"><small>(The opposing Charizard lost <abbr title="−150/335">44.8%</abbr> of its health!)</small><br></div><div class="spacer battle-history"><br></div><div class="battle-history">The opposing Charizard fainted!<br></div><div class="spacer battle-history"><br></div><div class="battle-history"><small>(The sunlight is strong!)</small><br></div><div class="spacer battle-history"><br></div><div class="battle-history">wicho_45 sent out <strong>Vikavolt</strong>!<br></div><div class="spacer battle-history"><br></div><h2 class="battle-history">Turn 13</h2><div class="spacer battle-history"><br></div><div class="battle-history">Alakazam, come back!<br></div><div class="battle-history">Go! <strong>Gastrodon</strong>!<br></div><div class="spacer battle-history"><br></div><div class="battle-history">The opposing Vikavolt used <strong>Discharge</strong>!<br></div><div class="battle-history"><small>It doesn't affect Gastrodon...</small><br></div><div class="spacer battle-history"><br></div><div class="battle-history"><small>The sunlight faded.</small><br></div><div class="spacer battle-history"><br></div><h2 class="battle-history">Turn 14</h2><div class="spacer battle-history"><br></div><div class="battle-history">The opposing Vikavolt used <strong>Energy Ball</strong>!<br></div><div class="battle-history"><small>It's super effective!</small><br></div><div class="battle-history"><small>(Gastrodon lost <abbr title="−380/426">89.2%</abbr> of its health!)</small><br></div><div class="spacer battle-history"><br></div><div class="battle-history">Gastrodon used <strong>Scald</strong>!<br></div><div class="battle-history"><small>(The opposing Vikavolt lost <abbr title="−99/295">33.6%</abbr> of its health!)</small><br></div><div class="battle-history"><small>The opposing Vikavolt was burned!</small><br></div><div class="spacer battle-history"><br></div><div class="battle-history"><small>Gastrodon restored a little HP using its Leftovers!</small><br></div><div class="battle-history"><small>The opposing Vikavolt was hurt by its burn!</small><br></div><div class="spacer battle-history"><br></div><h2 class="battle-history">Turn 15</h2><div class="spacer battle-history"><br></div><div class="battle-history">The opposing Vikavolt used <strong>Energy Ball</strong>!<br></div><div class="battle-history"><small>It's super effective!</small><br></div><div class="battle-history"><small>(Gastrodon lost <abbr title="−72/426">16.9%</abbr> of its health!)</small><br></div><div class="spacer battle-history"><br></div><div class="battle-history">Gastrodon fainted!<br></div><div class="spacer battle-history"><br></div><div class="battle-history"><small>The opposing Vikavolt was hurt by its burn!</small><br></div><div class="chat message-error">pucho213 tiene 135 segundos restantes.</div><div class="spacer battle-history"><br></div><div class="battle-history">Go! Alakazam (<strong>Alakazam-Mega</strong>)!<br></div><div class="battle-history"><small>[Alakazam's Trace]</small><br><small>[Alakazam's Levitate]</small><br><small>Alakazam traced the opposing Vikavolt's Levitate!</small><br></div><div class="spacer battle-history"><br></div><h2 class="battle-history">Turn 16</h2><div class="spacer battle-history"><br></div><div class="battle-history">Alakazam used <strong>Psychic</strong>!<br></div><div class="battle-history"><small>(The opposing Vikavolt lost <abbr title="−160/295">54.2%</abbr> of its health!)</small><br></div><div class="spacer battle-history"><br></div><div class="battle-history">The opposing Vikavolt fainted!<br></div><div class="spacer battle-history"><br></div><div class="battle-history">wicho_45 sent out <strong>Empoleon</strong>!<br></div><div class="spacer battle-history"><br></div><h2 class="battle-history">Turn 17</h2><div class="spacer battle-history"><br></div><div class="battle-history">Alakazam, come back!<br></div><div class="battle-history">Go! <strong>Celesteela</strong>!<br></div><div class="spacer battle-history"><br></div><div class="battle-history">The opposing Empoleon used <strong>Knock Off</strong>!<br></div><div class="battle-history"><small>(Celesteela lost <abbr title="−83/398">20.9%</abbr> of its health!)</small><br></div><div class="battle-history"><small>The opposing Empoleon knocked off Celesteela's Leftovers!</small><br></div><div class="battle-history"><small>The opposing Empoleon lost some of its HP!</small><br></div><div class="spacer battle-history"><br></div><h2 class="battle-history">Turn 18</h2><div class="spacer battle-history"><br></div><div class="battle-history">Celesteela used <strong>Leech Seed</strong>!<br></div><div class="battle-history"><small>The opposing Empoleon avoided the attack!</small><br></div><div class="spacer battle-history"><br></div><div class="battle-history">The opposing Empoleon used <strong>Brine</strong>!<br></div><div class="battle-history"><small>(Celesteela lost <abbr title="−117/398">29.4%</abbr> of its health!)</small><br></div><div class="battle-history"><small>The opposing Empoleon lost some of its HP!</small><br></div><div class="spacer battle-history"><br></div><h2 class="battle-history">Turn 19</h2><div class="spacer battle-history"><br></div><div class="battle-history">Celesteela used <strong>Leech Seed</strong>!<br></div><div class="battle-history"><small>The opposing Empoleon avoided the attack!</small><br></div><div class="spacer battle-history"><br></div><div class="battle-history">The opposing Empoleon used <strong>Brine</strong>!<br></div><div class="battle-history"><small>(Celesteela lost <abbr title="−82/398">20.6%</abbr> of its health!)</small><br></div><div class="battle-history"><small>The opposing Empoleon lost some of its HP!</small><br></div><div class="spacer battle-history"><br></div><div class="battle-history">Celesteela fainted!<br></div><div class="spacer battle-history"><br></div><div class="battle-history">Go! <strong>Kartana</strong>!<br></div><div class="spacer battle-history"><br></div><h2 class="battle-history">Turn 20</h2><div class="spacer battle-history"><br></div><div class="battle-history">wicho_45 withdrew Empoleon!<br></div><div class="battle-history">wicho_45 sent out <strong>Crobat</strong>!<br></div><div class="spacer battle-history"><br></div><div class="battle-history">Kartana used <strong>Sacred Sword</strong>!<br></div><div class="battle-history"><small>It's not very effective...</small><br></div><div class="battle-history"><small>(The opposing Crobat lost <abbr title="−33/332">9.9%</abbr> of its health!)</small><br></div><div class="spacer battle-history"><br></div><div class="battle-history"><small>The opposing Crobat restored a little HP using its Black Sludge!</small><br></div><div class="spacer battle-history"><br></div><h2 class="battle-history">Turn 21</h2><div class="spacer battle-history"><br></div><div class="battle-history">Kartana used <strong>Sacred Sword</strong>!<br></div><div class="battle-history"><small>It's not very effective...</small><br></div><div class="battle-history"><small>(The opposing Crobat lost <abbr title="−36/332">10.8%</abbr> of its health!)</small><br></div><div class="spacer battle-history"><br></div><div class="battle-history">The opposing Crobat used <strong>Confuse Ray</strong>!<br></div><div class="battle-history"><small>Kartana became confused!</small><br></div><div class="spacer battle-history"><br></div><div class="battle-history"><small>The opposing Crobat restored a little HP using its Black Sludge!</small><br></div><div class="spacer battle-history"><br></div><h2 class="battle-history">Turn 22</h2><div class="chat message-error">wicho_45 tiene 135 segundos restantes.</div><div class="spacer battle-history"><br></div><div class="battle-history"><small>Kartana is confused!</small><br></div><div class="battle-history">It hurt itself in its confusion!<br></div><div class="spacer battle-history"><br></div><div class="battle-history">The opposing Crobat used <strong>Acrobatics</strong>!<br></div><div class="battle-history"><small>(Kartana lost <abbr title="−61/259">23.6%</abbr> of its health!)</small><br></div><div class="spacer battle-history"><br></div><div class="battle-history"><small>The opposing Crobat restored a little HP using its Black Sludge!</small><br></div><div class="spacer battle-history"><br></div><h2 class="battle-history">Turn 23</h2><div class="spacer battle-history"><br></div><div class="battle-history"><small>Kartana is confused!</small><br></div><div class="battle-history">Kartana used <strong>Sacred Sword</strong>!<br></div><div class="battle-history"><small>It's not very effective...</small><br></div><div class="battle-history"><small>(The opposing Crobat lost <abbr title="−35/332">10.5%</abbr> of its health!)</small><br></div><div class="spacer battle-history"><br></div><div class="battle-history">The opposing Crobat used <strong>Acrobatics</strong>!<br></div><div class="battle-history"><small>(Kartana lost <abbr title="−67/259">25.9%</abbr> of its health!)</small><br></div><div class="spacer battle-history"><br></div><div class="battle-history"><small>The opposing Crobat restored a little HP using its Black Sludge!</small><br></div><div class="spacer battle-history"><br></div><h2 class="battle-history">Turn 24</h2><div class="spacer battle-history"><br></div><div class="battle-history"><small>Kartana is confused!</small><br></div><div class="battle-history">Kartana used <strong>Sacred Sword</strong>!<br></div><div class="battle-history"><small>It's not very effective...</small><br></div><div class="battle-history"><small>(The opposing Crobat lost <abbr title="−35/332">10.5%</abbr> of its health!)</small><br></div><div class="spacer battle-history"><br></div><div class="battle-history">The opposing Crobat used <strong>Acrobatics</strong>!<br></div><div class="battle-history"><small>(Kartana lost <abbr title="−63/259">24.3%</abbr> of its health!)</small><br></div><div class="spacer battle-history"><br></div><div class="battle-history"><small>The opposing Crobat restored a little HP using its Black Sludge!</small><br></div><div class="spacer battle-history"><br></div><h2 class="battle-history">Turn 25</h2><div class="spacer battle-history"><br></div><div class="battle-history"><small>Kartana is confused!</small><br></div><div class="battle-history">Kartana used <strong>Sacred Sword</strong>!<br></div><div class="battle-history"><small>It's not very effective...</small><br></div><div class="battle-history"><small>(The opposing Crobat lost <abbr title="−33/332">9.9%</abbr> of its health!)</small><br></div><div class="spacer battle-history"><br></div><div class="battle-history">The opposing Crobat used <strong>Acrobatics</strong>!<br></div><div class="battle-history"><small>(Kartana lost <abbr title="−20/259">7.7%</abbr> of its health!)</small><br></div><div class="spacer battle-history"><br></div><div class="battle-history">Kartana fainted!<br></div><div class="spacer battle-history"><br></div><div class="battle-history"><small>The opposing Crobat restored a little HP using its Black Sludge!</small><br></div><div class="spacer battle-history"><br></div><div class="battle-history">Go! Alakazam (<strong>Alakazam-Mega</strong>)!<br></div><div class="battle-history"><small>[Alakazam's Trace]</small><br><small>[Alakazam's Infiltrator]</small><br><small>Alakazam traced the opposing Crobat's Infiltrator!</small><br></div><div class="spacer battle-history"><br></div><h2 class="battle-history">Turn 26</h2><div class="spacer battle-history"><br></div><div class="battle-history">Alakazam used <strong>Psychic</strong>!<br></div><div class="battle-history"><small>It's super effective!</small><br></div><div class="battle-history"><small>(The opposing Crobat lost <abbr title="−280/332">84.3%</abbr> of its health!)</small><br></div><div class="spacer battle-history"><br></div><div class="battle-history">The opposing Crobat fainted!<br></div><div class="spacer battle-history"><br></div><div class="battle-history">wicho_45 sent out <strong>Empoleon</strong>!<br></div><div class="spacer battle-history"><br></div><h2 class="battle-history">Turn 27</h2><div class="spacer battle-history"><br></div><div class="battle-history">Alakazam used <strong>Energy Ball</strong>!<br></div><div class="battle-history"><small>(The opposing Empoleon lost <abbr title="−125/372">33.6%</abbr> of its health!)</small><br></div><div class="spacer battle-history"><br></div><div class="battle-history">The opposing Empoleon used <strong>Knock Off</strong>!<br></div><div class="battle-history"><small>It's super effective!</small><br></div><div class="battle-history"><small>(Alakazam lost <abbr title="−226/251">90.0%</abbr> of its health!)</small><br></div><div class="battle-history"><small>The opposing Empoleon lost some of its HP!</small><br></div><div class="spacer battle-history"><br></div><h2 class="battle-history">Turn 28</h2><div class="spacer battle-history"><br></div><div class="battle-history">The opposing Empoleon used <strong>Aqua Jet</strong>!<br></div><div class="battle-history"><small>(Alakazam lost <abbr title="−25/251">10.0%</abbr> of its health!)</small><br></div><div class="battle-history"><small>The opposing Empoleon lost some of its HP!</small><br></div><div class="spacer battle-history"><br></div><div class="battle-history">Alakazam fainted!<br></div><div class="spacer battle-history"><br></div><div class="battle-history"><strong>wicho_45</strong> won the battle!<br></div><div class="chat">wicho_45 ha ganado 5.5 PokeDolares.</div><div class="chat">Puntaje de pucho213: 1069 → <strong>1057</strong><br>(-12 por perder)</div><div class="chat">Puntaje de wicho_45: 1043 → <strong>1087</strong><br>(+44 por ganar)</div><div class="chat chatmessage-wicho45"><strong style="color:hsl(260,85%,56.36930134107779%)"><small>☆</small><span class="username" data-name="wicho_45">wicho_45</span>:</strong> <em>uf</em></div></div><div class="inner-preempt"></div></div></div>
</div>
<script>
let daily = Math.floor(Date.now()/1000/60/60/24);document.write('<script src="https://play.pokemonshowdown.com/js/replay-embed.js?version'+daily+'"></'+'script>');
</script>
