<!DOCTYPE html>
<meta charset="utf-8" />
<!-- version 1 -->
<title>OU replay: RedVento vs. Pokemetalo</title>
<style>
html,body {font-family:Verdana, sans-serif;font-size:10pt;margin:0;padding:0;}body{padding:12px 0;} .battle-log {font-family:Verdana, sans-serif;font-size:10pt;} .battle-log-inline {border:1px solid #AAAAAA;background:#EEF2F5;color:black;max-width:640px;margin:0 auto 80px;padding-bottom:5px;} .battle-log .inner {padding:4px 8px 0px 8px;} .battle-log .inner-preempt {padding:0 8px 4px 8px;} .battle-log .inner-after {margin-top:0.5em;} .battle-log h2 {margin:0.5em -8px;padding:4px 8px;border:1px solid #AAAAAA;background:#E0E7EA;border-left:0;border-right:0;font-family:Verdana, sans-serif;font-size:13pt;} .battle-log .chat {vertical-align:middle;padding:3px 0 3px 0;font-size:8pt;} .battle-log .chat strong {color:#40576A;} .battle-log .chat em {padding:1px 4px 1px 3px;color:#000000;font-style:normal;} .chat.mine {background:rgba(0,0,0,0.05);margin-left:-8px;margin-right:-8px;padding-left:8px;padding-right:8px;} .spoiler {color:#BBBBBB;background:#BBBBBB;padding:0px 3px;} .spoiler:hover, .spoiler:active, .spoiler-shown {color:#000000;background:#E2E2E2;padding:0px 3px;} .spoiler a {color:#BBBBBB;} .spoiler:hover a, .spoiler:active a, .spoiler-shown a {color:#2288CC;} .chat code, .chat .spoiler:hover code, .chat .spoiler:active code, .chat .spoiler-shown code {border:1px solid #C0C0C0;background:#EEEEEE;color:black;padding:0 2px;} .chat .spoiler code {border:1px solid #CCCCCC;background:#CCCCCC;color:#CCCCCC;} .battle-log .rated {padding:3px 4px;} .battle-log .rated strong {color:white;background:#89A;padding:1px 4px;border-radius:4px;} .spacer {margin-top:0.5em;} .message-announce {background:#6688AA;color:white;padding:1px 4px 2px;} .message-announce a, .broadcast-green a, .broadcast-blue a, .broadcast-red a {color:#DDEEFF;} .broadcast-green {background-color:#559955;color:white;padding:2px 4px;} .broadcast-blue {background-color:#6688AA;color:white;padding:2px 4px;} .infobox {border:1px solid #6688AA;padding:2px 4px;} .infobox-limited {max-height:200px;overflow:auto;overflow-x:hidden;} .broadcast-red {background-color:#AA5544;color:white;padding:2px 4px;} .message-learn-canlearn {font-weight:bold;color:#228822;text-decoration:underline;} .message-learn-cannotlearn {font-weight:bold;color:#CC2222;text-decoration:underline;} .message-effect-weak {font-weight:bold;color:#CC2222;} .message-effect-resist {font-weight:bold;color:#6688AA;} .message-effect-immune {font-weight:bold;color:#666666;} .message-learn-list {margin-top:0;margin-bottom:0;} .message-throttle-notice, .message-error {color:#992222;} .message-overflow, .chat small.message-overflow {font-size:0pt;} .message-overflow::before {font-size:9pt;content:'...';} .subtle {color:#3A4A66;}
</style>
<div class="wrapper replay-wrapper" style="max-width:1180px;margin:0 auto">
<input type="hidden" name="replayid" value="destiny-ou-428893" />
<div class="battle"></div><div class="battle-log"></div><div class="replay-controls"></div><div class="replay-controls-2"></div>
<h1 style="font-weight:normal;text-align:center"><strong>OU</strong><br /><a href="http://pokemonshowdown.com/users/redvento" class="subtle" target="_blank">RedVento</a> vs. <a href="http://pokemonshowdown.com/users/pokemetalo" class="subtle" target="_blank">Pokemetalo</a></h1>
<script type="text/plain" class="battle-log-data">|player|p1|RedVento|101
|teamsize|p1|6
|player|p2|Pokemetalo|266
|teamsize|p2|6
|teamsize|p1|6
|teamsize|p2|6
|gametype|singles
|gen|7
|tier|OU
|rated
|seed|5294,57664,6832,31526
|rule|Cláusula-Mod de Dormir: solo puedes dormir a uno de tus oponentes a la vez.
|rule|Cláusula de Especie: Hasta un Pokémon de cada especie
|rule|Cláusula de Golpe Fulminante: los movimientos fulminantes (OHKO) estan prohibidos
|rule|Cláusula de Veleta: la habilidad Veleta está prohibida
|rule|Cláusula de Movimientos Evasivos: los movimientos de Evasión están prohibidos.
|rule|Cláusula de Batallas Eternas: forzar batallas eternas está prohibido
|clearpoke
|poke|p1|Greninja, M|item
|poke|p1|Bisharp, M|item
|poke|p1|Alakazam, M|item
|poke|p1|Excadrill, M|item
|poke|p1|Magearna|item
|poke|p1|Hawlucha, M|item
|poke|p2|Aggron, M|item
|poke|p2|Reuniclus, F|item
|poke|p2|Golisopod, F|item
|poke|p2|Clefable, M|item
|poke|p2|Porygon2|item
|poke|p2|Palossand, M|item
|teampreview|undefined
|choice|*team 123456|*
|choice|*|*team 213456
|choice|team 1, 2, 3, 4, 5, 6|team 2, 1, 3, 4, 5, 6
|
|start
|switch|p1a: Greninja|Greninja, M|285\/285
|switch|p2a: Reuniclus|Reuniclus, F|398\/398
|turn|1
|choice|*move 1|*
|choice|*|*move 1
|choice|move darkpulse|move trickroom
|
|move|p1a: Greninja|Dark Pulse|p2a: Reuniclus
|-start|p1a: Greninja|typechange|Dark|[from] Protean
|-supereffective|p2a: Reuniclus
|-enditem|p2a: Reuniclus|Colbur Berry|[eat]
|-enditem|p2a: Reuniclus|Colbur Berry|[weaken]
|-damage|p2a: Reuniclus|227\/398
|move|p2a: Reuniclus|Trick Room|p2a: Reuniclus
|-fieldstart|move: Trick Room|[of] p2a: Reuniclus
|
|upkeep
|turn|2
|choice|*|*switch 4
|choice|*switch 5|*
|choice|switch 5|switch 4
|
|switch|p2a: Clefable|Clefable, M|344\/344
|switch|p1a: Magearna|Magearna|364\/364
|
|upkeep
|turn|3
|choice|*move 3|*
|choice|*|*switch 6
|choice|move thunderbolt|switch 6
|
|switch|p2a: Palossand|Palossand, M|343\/343
|move|p1a: Magearna|Thunderbolt|p2a: Palossand
|-immune|p2a: Palossand|[msg]
|
|upkeep
|turn|4
|choice|*|*move 4
|choice|*switch 2|*
|choice|switch 2|move earthpower
|
|switch|p1a: Bisharp|Bisharp, M|271\/271
|move|p2a: Palossand|Earth Power|p1a: Bisharp
|-supereffective|p1a: Bisharp
|-damage|p1a: Bisharp|0 fnt
|-damage|p2a: Palossand|309\/343|[from] item: Life Orb
|faint|p1a: Bisharp
|
|upkeep
|choice|*switch 5|*
|choice|switch 5|
|
|switch|p1a: Greninja|Greninja, M|285\/285
|turn|5
|choice|*|*move 2
|choice|*move 3|*
|choice|move scald|move energyball
|
|move|p2a: Palossand|Energy Ball|p1a: Greninja
|-supereffective|p1a: Greninja
|-damage|p1a: Greninja|0 fnt
|-damage|p2a: Palossand|275\/343|[from] item: Life Orb
|faint|p1a: Greninja
|
|-fieldend|move: Trick Room
|upkeep
|choice|*switch 3|*
|choice|switch 3|
|
|switch|p1a: Alakazam|Alakazam, M|251\/251
|turn|6
|choice|*move 2 mega|*
|choice|*|*switch 5
|choice|move shadowball mega|switch 5
|
|switch|p2a: Porygon2|Porygon2|311\/311
|-ability|p2a: Porygon2|Download|boost
|-boost|p2a: Porygon2|atk|1
|-mega|p1a: Alakazam|Alakazam|Alakazite
|detailschange|p1a: Alakazam|Alakazam-Mega, M
|-ability|p1a: Alakazam|Download|[from] ability: Trace|[of] p2a: Porygon2
|-ability|p1a: Alakazam|Download|boost
|-boost|p1a: Alakazam|atk|1
|move|p1a: Alakazam|Shadow Ball|p2a: Porygon2
|-immune|p2a: Porygon2|[msg]
|
|upkeep
|turn|7
|choice|*|*move 4
|choice|*move 1|*
|choice|move psychic|move trickroom
|
|move|p1a: Alakazam|Psychic|p2a: Porygon2
|-damage|p2a: Porygon2|200\/311
|move|p2a: Porygon2|Trick Room|p2a: Porygon2
|-fieldstart|move: Trick Room|[of] p2a: Porygon2
|
|upkeep
|turn|8
|choice|*move 1|*
|choice|*|*move 2
|choice|move psychic|move recover
|
|move|p2a: Porygon2|Recover|p2a: Porygon2
|-heal|p2a: Porygon2|311\/311
|move|p1a: Alakazam|Psychic|p2a: Porygon2
|-damage|p2a: Porygon2|197\/311
|
|upkeep
|turn|9
|choice|*move 1|*
|choice|*|*move 1
|choice|move psychic|move triattack
|
|move|p2a: Porygon2|Tri Attack|p1a: Alakazam
|-damage|p1a: Alakazam|143\/251
|move|p1a: Alakazam|Psychic|p2a: Porygon2
|-damage|p2a: Porygon2|83\/311
|
|upkeep
|turn|10
|choice|*move 4|*
|choice|*|*switch 4
|choice|move hiddenpower|switch 4
|
|switch|p2a: Reuniclus|Reuniclus, F|359\/398
|move|p1a: Alakazam|Hidden Power|p2a: Reuniclus
|-damage|p2a: Reuniclus|278\/398
|
|upkeep
|turn|11
|choice|*move 2|*
|choice|*|*move 4
|choice|move shadowball|move signalbeam
|
|move|p2a: Reuniclus|Signal Beam|p1a: Alakazam
|-supereffective|p1a: Alakazam
|-damage|p1a: Alakazam|5\/251
|-start|p1a: Alakazam|confusion
|-activate|p1a: Alakazam|confusion
|-damage|p1a: Alakazam|0 fnt|[from] confusion
|faint|p1a: Alakazam
|
|-fieldend|move: Trick Room
|upkeep
|choice|*switch 6|*
|choice|switch 6|
|
|switch|p1a: Hawlucha|Hawlucha, M|297\/297
|-ability|p1a: Hawlucha|Mold Breaker
|turn|12
|choice|*move 4|*
|choice|*|*move 1
|choice|move swordsdance|move trickroom
|
|move|p1a: Hawlucha|Swords Dance|p1a: Hawlucha
|-boost|p1a: Hawlucha|atk|2
|move|p2a: Reuniclus|Trick Room|p2a: Reuniclus
|-fieldstart|move: Trick Room|[of] p2a: Reuniclus
|
|upkeep
|turn|13
|choice|*move 4|*
|choice|*|*move 3
|choice|move swordsdance|move psyshock
|
|move|p2a: Reuniclus|Psyshock|p1a: Hawlucha
|-supereffective|p1a: Hawlucha
|-damage|p1a: Hawlucha|3\/297
|-enditem|p1a: Hawlucha|Sitrus Berry|[eat]
|-heal|p1a: Hawlucha|77\/297|[from] item: Sitrus Berry
|move|p1a: Hawlucha|Swords Dance|p1a: Hawlucha
|-boost|p1a: Hawlucha|atk|2
|
|upkeep
|turn|14
|choice|*|*move 2
|choice|*move 2|*
|choice|move acrobatics|move shadowball
|
|move|p2a: Reuniclus|Shadow Ball|p1a: Hawlucha
|-damage|p1a: Hawlucha|0 fnt
|faint|p1a: Hawlucha
|
|upkeep
|choice|*switch 4|*
|choice|switch 4|
|
|switch|p1a: Excadrill|Excadrill, M|361\/361
|-ability|p1a: Excadrill|Mold Breaker
|turn|15
|choice|*|*move 2
|choice|*move 4|*
|choice|move poisonjab|move shadowball
|
|move|p2a: Reuniclus|Shadow Ball|p1a: Excadrill
|-damage|p1a: Excadrill|244\/361
|-unboost|p1a: Excadrill|spd|1
|move|p1a: Excadrill|Poison Jab|p2a: Reuniclus
|-damage|p2a: Reuniclus|170\/398
|-status|p2a: Reuniclus|psn
|
|-damage|p2a: Reuniclus|121\/398 psn|[from] psn
|upkeep
|turn|16
|choice|*move 4|*
|choice|*|*move 2
|choice|move poisonjab|move shadowball
|
|move|p2a: Reuniclus|Shadow Ball|p1a: Excadrill
|-damage|p1a: Excadrill|64\/361
|move|p1a: Excadrill|Poison Jab|p2a: Reuniclus
|-damage|p2a: Reuniclus|16\/398 psn
|
|-damage|p2a: Reuniclus|0 fnt|[from] psn
|-fieldend|move: Trick Room
|upkeep
|faint|p2a: Reuniclus
|choice|*|*switch 5
|choice||switch 5
|
|switch|p2a: Palossand|Palossand, M|275\/343
|turn|17
|choice|*move 4|*
|choice|*|*move 4
|choice|move poisonjab|move earthpower
|
|move|p1a: Excadrill|Poison Jab|p2a: Palossand
|-resisted|p2a: Palossand
|-damage|p2a: Palossand|255\/343
|move|p2a: Palossand|Earth Power|p1a: Excadrill
|-supereffective|p1a: Excadrill
|-damage|p1a: Excadrill|0 fnt
|-damage|p2a: Palossand|221\/343|[from] item: Life Orb
|faint|p1a: Excadrill
|
|upkeep
|choice|*switch 2|*
|choice|switch 2|
|
|switch|p1a: Magearna|Magearna|364\/364
|turn|18
|choice|*|*move 4
|choice|*move 4|*
|choice|move icebeam|move earthpower
|
|move|p1a: Magearna|Ice Beam|p2a: Palossand
|-supereffective|p2a: Palossand
|-damage|p2a: Palossand|0 fnt
|faint|p2a: Palossand
|-ability|p1a: Magearna|Soul-Heart|boost
|-boost|p1a: Magearna|spa|1
|
|upkeep
|choice|*|*switch 6
|choice||switch 6
|
|switch|p2a: Clefable|Clefable, M|344\/344
|turn|19
|choice|*move 1|*
|choice|*|*move 2
|choice|move flashcannon|move wish
|
|move|p1a: Magearna|Flash Cannon|p2a: Clefable
|-supereffective|p2a: Clefable
|-damage|p2a: Clefable|0 fnt
|faint|p2a: Clefable
|-ability|p1a: Magearna|Soul-Heart|boost
|-boost|p1a: Magearna|spa|1
|
|upkeep
|choice|*|*switch 2
|choice||switch 2
|
|switch|p2a: Aggron|Aggron, M|293\/293
|turn|20
|choice|*move 4|*
|choice|*|*move 2
|choice|move icebeam|move ironhead
|
|move|p1a: Magearna|Ice Beam|p2a: Aggron
|-resisted|p2a: Aggron
|-damage|p2a: Aggron|129\/293
|-status|p2a: Aggron|frz
|cant|p2a: Aggron|frz
|
|upkeep
|turn|21
|choice|*move 4|*
|choice|*|*move 2
|choice|move icebeam|move ironhead
|
|move|p1a: Magearna|Ice Beam|p2a: Aggron
|-resisted|p2a: Aggron
|-damage|p2a: Aggron|0 fnt
|faint|p2a: Aggron
|-ability|p1a: Magearna|Soul-Heart|boost
|-boost|p1a: Magearna|spa|1
|
|upkeep
|choice|*|*switch 3
|choice||switch 3
|
|switch|p2a: Golisopod|Golisopod, F|291\/291
|turn|22
|choice|*|*move 1
|choice|*move 3|*
|choice|move thunderbolt|move liquidation
|
|move|p1a: Magearna|Thunderbolt|p2a: Golisopod
|-supereffective|p2a: Golisopod
|-damage|p2a: Golisopod|0 fnt
|faint|p2a: Golisopod
|-ability|p1a: Magearna|Soul-Heart|boost
|-boost|p1a: Magearna|spa|1
|
|upkeep
|choice|*|*switch 4
|choice||switch 4
|
|switch|p2a: Porygon2|Porygon2|83\/311
|-ability|p2a: Porygon2|Download|boost
|-boost|p2a: Porygon2|atk|1
|turn|23
|choice|*|*move 4
|choice|*move 3|*
|choice|move thunderbolt|move trickroom
|
|move|p1a: Magearna|Thunderbolt|p2a: Porygon2
|-damage|p2a: Porygon2|0 fnt
|faint|p2a: Porygon2
|
|win|RedVento
RedVento ha ganado 9.25 PokeDolares.
|raw|Puntaje de RedVento: 1000 &rarr; <strong>1053<\/strong><br \/>(+53 por ganar)
|raw|Puntaje de Pokemetalo: 1058 &rarr; <strong>1046<\/strong><br \/>(-12 por perder)
</script>
</div>
<div class="battle-log battle-log-inline"><div class="inner"><div class="battle-options"></div><div class="inner"><div class=""><small>Format:</small> <br><strong>OU</strong></div><div class="rated"><strong>Rated battle</strong></div><div class=""><small><em>Cláusula-Mod de Dormir:</em> solo puedes dormir a uno de tus oponentes a la vez.</small></div><div class=""><small><em>Cláusula de Especie:</em> Hasta un Pokémon de cada especie</small></div><div class=""><small><em>Cláusula de Golpe Fulminante:</em> los movimientos fulminantes (OHKO) estan prohibidos</small></div><div class=""><small><em>Cláusula de Veleta:</em> la habilidad Veleta está prohibida</small></div><div class=""><small><em>Cláusula de Movimientos Evasivos:</em> los movimientos de Evasión están prohibidos.</small></div><div class=""><small><em>Cláusula de Batallas Eternas:</em> forzar batallas eternas está prohibido</small></div><div class="chat battle-history"><strong>RedVento's team:</strong> <em style="color:#445566;display:block;">Greninja / Bisharp / Alakazam / Excadrill / Magearna / Hawlucha</em></div><div class="chat battle-history"><strong>Pokemetalo's team:</strong> <em style="color:#445566;display:block;">Aggron / Reuniclus / Golisopod / Clefable / Porygon2 / Palossand</em></div><div class="spacer battle-history"><br></div><div class="battle-history">Battle started between RedVento and Pokemetalo!<br></div><div class="spacer battle-history"><br></div><div class="battle-history">Go! <strong>Greninja</strong>!<br></div><div class="spacer battle-history"><br></div><div class="battle-history">Pokemetalo sent out <strong>Reuniclus</strong>!<br></div><div class="spacer battle-history"><br></div><h2 class="battle-history">Turn 1</h2><div class="spacer battle-history"><br></div><div class="battle-history">Greninja used <strong>Dark Pulse</strong>!<br></div><div class="spacer battle-history"><br></div><div class="battle-history"><small>[Greninja's Protean]</small><br><small>Greninja transformed into the Dark type!</small><br></div><div class="battle-history"><small>It's super effective!</small><br></div><div class="battle-history"><small>The opposing Reuniclus ate its Colbur Berry!</small><br></div><div class="battle-history"><small>The Colbur Berry weakened the damage to the opposing Reuniclus!</small><br></div><div class="battle-history"><small>(The opposing Reuniclus lost <abbr title="−171/398">43.0%</abbr> of its health!)</small><br></div><div class="spacer battle-history"><br></div><div class="battle-history">The opposing Reuniclus used <strong>Trick Room</strong>!<br></div><div class="battle-history"><small>The opposing Reuniclus twisted the dimensions!</small><br></div><div class="spacer battle-history"><br></div><h2 class="battle-history">Turn 2</h2><div class="spacer battle-history"><br></div><div class="battle-history">Pokemetalo withdrew Reuniclus!<br></div><div class="battle-history">Pokemetalo sent out <strong>Clefable</strong>!<br></div><div class="spacer battle-history"><br></div><div class="battle-history">Greninja, come back!<br></div><div class="battle-history">Go! <strong>Magearna</strong>!<br></div><div class="spacer battle-history"><br></div><h2 class="battle-history">Turn 3</h2><div class="spacer battle-history"><br></div><div class="battle-history">Pokemetalo withdrew Clefable!<br></div><div class="battle-history">Pokemetalo sent out <strong>Palossand</strong>!<br></div><div class="spacer battle-history"><br></div><div class="battle-history">Magearna used <strong>Thunderbolt</strong>!<br></div><div class="battle-history"><small>It doesn't affect the opposing Palossand...</small><br></div><div class="spacer battle-history"><br></div><h2 class="battle-history">Turn 4</h2><div class="spacer battle-history"><br></div><div class="battle-history">Magearna, come back!<br></div><div class="battle-history">Go! <strong>Bisharp</strong>!<br></div><div class="spacer battle-history"><br></div><div class="battle-history">The opposing Palossand used <strong>Earth Power</strong>!<br></div><div class="battle-history"><small>It's super effective!</small><br></div><div class="battle-history"><small>(Bisharp lost <abbr title="−271/271">100%</abbr> of its health!)</small><br></div><div class="battle-history"><small>The opposing Palossand lost some of its HP!</small><br></div><div class="spacer battle-history"><br></div><div class="battle-history">Bisharp fainted!<br></div><div class="spacer battle-history"><br></div><div class="battle-history">Go! <strong>Greninja</strong>!<br></div><div class="spacer battle-history"><br></div><h2 class="battle-history">Turn 5</h2><div class="spacer battle-history"><br></div><div class="battle-history">The opposing Palossand used <strong>Energy Ball</strong>!<br></div><div class="battle-history"><small>It's super effective!</small><br></div><div class="battle-history"><small>(Greninja lost <abbr title="−285/285">100%</abbr> of its health!)</small><br></div><div class="battle-history"><small>The opposing Palossand lost some of its HP!</small><br></div><div class="spacer battle-history"><br></div><div class="battle-history">Greninja fainted!<br></div><div class="spacer battle-history"><br></div><div class="battle-history"><small>The twisted dimensions returned to normal!</small><br></div><div class="spacer battle-history"><br></div><div class="battle-history">Go! <strong>Alakazam</strong>!<br></div><div class="spacer battle-history"><br></div><h2 class="battle-history">Turn 6</h2><div class="spacer battle-history"><br></div><div class="battle-history">Pokemetalo withdrew Palossand!<br></div><div class="battle-history">Pokemetalo sent out <strong>Porygon2</strong>!<br></div><div class="battle-history"><small>[The opposing Porygon2's Download]</small><br></div><div class="battle-history"><small>The opposing Porygon2's Attack rose!</small><br></div><div class="spacer battle-history"><br></div><div class="battle-history"><small>Alakazam's Alakazite is reacting to the Key Stone!</small><br>Alakazam has Mega Evolved into Mega Alakazam!<br></div><div class="battle-history"><small>[Alakazam's Trace]</small><br><small>[Alakazam's Download]</small><br><small>Alakazam traced the opposing Porygon2's Download!</small><br></div><div class="battle-history"><small>[Alakazam's Download]</small><br></div><div class="battle-history"><small>Alakazam's Attack rose!</small><br></div><div class="spacer battle-history"><br></div><div class="battle-history">Alakazam used <strong>Shadow Ball</strong>!<br></div><div class="battle-history"><small>It doesn't affect the opposing Porygon2...</small><br></div><div class="spacer battle-history"><br></div><h2 class="battle-history">Turn 7</h2><div class="spacer battle-history"><br></div><div class="battle-history">Alakazam used <strong>Psychic</strong>!<br></div><div class="battle-history"><small>(The opposing Porygon2 lost <abbr title="−111/311">35.7%</abbr> of its health!)</small><br></div><div class="spacer battle-history"><br></div><div class="battle-history">The opposing Porygon2 used <strong>Trick Room</strong>!<br></div><div class="battle-history"><small>The opposing Porygon2 twisted the dimensions!</small><br></div><div class="spacer battle-history"><br></div><h2 class="battle-history">Turn 8</h2><div class="spacer battle-history"><br></div><div class="battle-history">The opposing Porygon2 used <strong>Recover</strong>!<br></div><div class="battle-history"><small>The opposing Porygon2 restored its HP.</small><br></div><div class="spacer battle-history"><br></div><div class="battle-history">Alakazam used <strong>Psychic</strong>!<br></div><div class="battle-history"><small>(The opposing Porygon2 lost <abbr title="−114/311">36.7%</abbr> of its health!)</small><br></div><div class="spacer battle-history"><br></div><h2 class="battle-history">Turn 9</h2><div class="spacer battle-history"><br></div><div class="battle-history">The opposing Porygon2 used <strong>Tri Attack</strong>!<br></div><div class="battle-history"><small>(Alakazam lost <abbr title="−108/251">43.0%</abbr> of its health!)</small><br></div><div class="spacer battle-history"><br></div><div class="battle-history">Alakazam used <strong>Psychic</strong>!<br></div><div class="battle-history"><small>(The opposing Porygon2 lost <abbr title="−114/311">36.7%</abbr> of its health!)</small><br></div><div class="spacer battle-history"><br></div><h2 class="battle-history">Turn 10</h2><div class="spacer battle-history"><br></div><div class="battle-history">Pokemetalo withdrew Porygon2!<br></div><div class="battle-history">Pokemetalo sent out <strong>Reuniclus</strong>!<br></div><div class="spacer battle-history"><br></div><div class="battle-history">Alakazam used <strong>Hidden Power</strong>!<br></div><div class="battle-history"><small>(The opposing Reuniclus lost <abbr title="−81/398">20.4%</abbr> of its health!)</small><br></div><div class="spacer battle-history"><br></div><h2 class="battle-history">Turn 11</h2><div class="spacer battle-history"><br></div><div class="battle-history">The opposing Reuniclus used <strong>Signal Beam</strong>!<br></div><div class="battle-history"><small>It's super effective!</small><br></div><div class="battle-history"><small>(Alakazam lost <abbr title="−138/251">55.0%</abbr> of its health!)</small><br></div><div class="battle-history"><small>Alakazam became confused!</small><br></div><div class="spacer battle-history"><br></div><div class="battle-history"><small>Alakazam is confused!</small><br></div><div class="battle-history">It hurt itself in its confusion!<br></div><div class="spacer battle-history"><br></div><div class="battle-history">Alakazam fainted!<br></div><div class="spacer battle-history"><br></div><div class="battle-history"><small>The twisted dimensions returned to normal!</small><br></div><div class="spacer battle-history"><br></div><div class="battle-history">Go! <strong>Hawlucha</strong>!<br></div><div class="battle-history"><small>[Hawlucha's Mold Breaker]</small><br><small>Hawlucha breaks the mold!</small><br></div><div class="spacer battle-history"><br></div><h2 class="battle-history">Turn 12</h2><div class="spacer battle-history"><br></div><div class="battle-history">Hawlucha used <strong>Swords Dance</strong>!<br></div><div class="battle-history"><small>Hawlucha's Attack rose sharply!</small><br></div><div class="spacer battle-history"><br></div><div class="battle-history">The opposing Reuniclus used <strong>Trick Room</strong>!<br></div><div class="battle-history"><small>The opposing Reuniclus twisted the dimensions!</small><br></div><div class="spacer battle-history"><br></div><h2 class="battle-history">Turn 13</h2><div class="spacer battle-history"><br></div><div class="battle-history">The opposing Reuniclus used <strong>Psyshock</strong>!<br></div><div class="battle-history"><small>It's super effective!</small><br></div><div class="battle-history"><small>(Hawlucha lost <abbr title="−294/297">99.0%</abbr> of its health!)</small><br></div><div class="battle-history"><small>Hawlucha ate its Sitrus Berry!</small><br></div><div class="battle-history"><small>Hawlucha restored HP using its Sitrus Berry!</small><br></div><div class="spacer battle-history"><br></div><div class="battle-history">Hawlucha used <strong>Swords Dance</strong>!<br></div><div class="battle-history"><small>Hawlucha's Attack rose sharply!</small><br></div><div class="spacer battle-history"><br></div><h2 class="battle-history">Turn 14</h2><div class="spacer battle-history"><br></div><div class="battle-history">The opposing Reuniclus used <strong>Shadow Ball</strong>!<br></div><div class="battle-history"><small>(Hawlucha lost <abbr title="−77/297">25.9%</abbr> of its health!)</small><br></div><div class="spacer battle-history"><br></div><div class="battle-history">Hawlucha fainted!<br></div><div class="spacer battle-history"><br></div><div class="battle-history">Go! <strong>Excadrill</strong>!<br></div><div class="battle-history"><small>[Excadrill's Mold Breaker]</small><br><small>Excadrill breaks the mold!</small><br></div><div class="spacer battle-history"><br></div><h2 class="battle-history">Turn 15</h2><div class="spacer battle-history"><br></div><div class="battle-history">The opposing Reuniclus used <strong>Shadow Ball</strong>!<br></div><div class="battle-history"><small>(Excadrill lost <abbr title="−117/361">32.4%</abbr> of its health!)</small><br></div><div class="battle-history"><small>Excadrill's Special Defense fell!</small><br></div><div class="spacer battle-history"><br></div><div class="battle-history">Excadrill used <strong>Poison Jab</strong>!<br></div><div class="battle-history"><small>(The opposing Reuniclus lost <abbr title="−108/398">27.1%</abbr> of its health!)</small><br></div><div class="battle-history"><small>The opposing Reuniclus was poisoned!</small><br></div><div class="spacer battle-history"><br></div><div class="battle-history"><small>The opposing Reuniclus was hurt by poison!</small><br></div><div class="spacer battle-history"><br></div><h2 class="battle-history">Turn 16</h2><div class="spacer battle-history"><br></div><div class="battle-history">The opposing Reuniclus used <strong>Shadow Ball</strong>!<br></div><div class="battle-history"><small>(Excadrill lost <abbr title="−180/361">49.9%</abbr> of its health!)</small><br></div><div class="spacer battle-history"><br></div><div class="battle-history">Excadrill used <strong>Poison Jab</strong>!<br></div><div class="battle-history"><small>(The opposing Reuniclus lost <abbr title="−105/398">26.4%</abbr> of its health!)</small><br></div><div class="spacer battle-history"><br></div><div class="battle-history"><small>The opposing Reuniclus was hurt by poison!</small><br></div><div class="battle-history"><small>The twisted dimensions returned to normal!</small><br></div><div class="spacer battle-history"><br></div><div class="battle-history">The opposing Reuniclus fainted!<br></div><div class="spacer battle-history"><br></div><div class="battle-history">Pokemetalo sent out <strong>Palossand</strong>!<br></div><div class="spacer battle-history"><br></div><h2 class="battle-history">Turn 17</h2><div class="spacer battle-history"><br></div><div class="battle-history">Excadrill used <strong>Poison Jab</strong>!<br></div><div class="battle-history"><small>It's not very effective...</small><br></div><div class="battle-history"><small>(The opposing Palossand lost <abbr title="−20/343">5.8%</abbr> of its health!)</small><br></div><div class="spacer battle-history"><br></div><div class="battle-history">The opposing Palossand used <strong>Earth Power</strong>!<br></div><div class="battle-history"><small>It's super effective!</small><br></div><div class="battle-history"><small>(Excadrill lost <abbr title="−64/361">17.7%</abbr> of its health!)</small><br></div><div class="battle-history"><small>The opposing Palossand lost some of its HP!</small><br></div><div class="spacer battle-history"><br></div><div class="battle-history">Excadrill fainted!<br></div><div class="spacer battle-history"><br></div><div class="battle-history">Go! <strong>Magearna</strong>!<br></div><div class="spacer battle-history"><br></div><h2 class="battle-history">Turn 18</h2><div class="spacer battle-history"><br></div><div class="battle-history">Magearna used <strong>Ice Beam</strong>!<br></div><div class="battle-history"><small>It's super effective!</small><br></div><div class="battle-history"><small>(The opposing Palossand lost <abbr title="−221/343">64.4%</abbr> of its health!)</small><br></div><div class="spacer battle-history"><br></div><div class="battle-history">The opposing Palossand fainted!<br></div><div class="battle-history"><small>[Magearna's Soul-Heart]</small><br></div><div class="battle-history"><small>Magearna's Special Attack rose!</small><br></div><div class="spacer battle-history"><br></div><div class="battle-history">Pokemetalo sent out <strong>Clefable</strong>!<br></div><div class="spacer battle-history"><br></div><h2 class="battle-history">Turn 19</h2><div class="spacer battle-history"><br></div><div class="battle-history">Magearna used <strong>Flash Cannon</strong>!<br></div><div class="battle-history"><small>It's super effective!</small><br></div><div class="battle-history"><small>(The opposing Clefable lost <abbr title="−344/344">100%</abbr> of its health!)</small><br></div><div class="spacer battle-history"><br></div><div class="battle-history">The opposing Clefable fainted!<br></div><div class="battle-history"><small>[Magearna's Soul-Heart]</small><br></div><div class="battle-history"><small>Magearna's Special Attack rose!</small><br></div><div class="spacer battle-history"><br></div><div class="battle-history">Pokemetalo sent out <strong>Aggron</strong>!<br></div><div class="spacer battle-history"><br></div><h2 class="battle-history">Turn 20</h2><div class="spacer battle-history"><br></div><div class="battle-history">Magearna used <strong>Ice Beam</strong>!<br></div><div class="battle-history"><small>It's not very effective...</small><br></div><div class="battle-history"><small>(The opposing Aggron lost <abbr title="−164/293">56.0%</abbr> of its health!)</small><br></div><div class="battle-history"><small>The opposing Aggron was frozen solid!</small><br></div><div class="spacer battle-history"><br></div><div class="battle-history">The opposing Aggron is frozen solid!<br></div><div class="spacer battle-history"><br></div><h2 class="battle-history">Turn 21</h2><div class="spacer battle-history"><br></div><div class="battle-history">Magearna used <strong>Ice Beam</strong>!<br></div><div class="battle-history"><small>It's not very effective...</small><br></div><div class="battle-history"><small>(The opposing Aggron lost <abbr title="−129/293">44.0%</abbr> of its health!)</small><br></div><div class="spacer battle-history"><br></div><div class="battle-history">The opposing Aggron fainted!<br></div><div class="battle-history"><small>[Magearna's Soul-Heart]</small><br></div><div class="battle-history"><small>Magearna's Special Attack rose!</small><br></div><div class="spacer battle-history"><br></div><div class="battle-history">Pokemetalo sent out <strong>Golisopod</strong>!<br></div><div class="spacer battle-history"><br></div><h2 class="battle-history">Turn 22</h2><div class="spacer battle-history"><br></div><div class="battle-history">Magearna used <strong>Thunderbolt</strong>!<br></div><div class="battle-history"><small>It's super effective!</small><br></div><div class="battle-history"><small>(The opposing Golisopod lost <abbr title="−291/291">100%</abbr> of its health!)</small><br></div><div class="spacer battle-history"><br></div><div class="battle-history">The opposing Golisopod fainted!<br></div><div class="battle-history"><small>[Magearna's Soul-Heart]</small><br></div><div class="battle-history"><small>Magearna's Special Attack rose!</small><br></div><div class="spacer battle-history"><br></div><div class="battle-history">Pokemetalo sent out <strong>Porygon2</strong>!<br></div><div class="battle-history"><small>[The opposing Porygon2's Download]</small><br></div><div class="battle-history"><small>The opposing Porygon2's Attack rose!</small><br></div><div class="spacer battle-history"><br></div><h2 class="battle-history">Turn 23</h2><div class="spacer battle-history"><br></div><div class="battle-history">Magearna used <strong>Thunderbolt</strong>!<br></div><div class="battle-history"><small>(The opposing Porygon2 lost <abbr title="−83/311">26.7%</abbr> of its health!)</small><br></div><div class="spacer battle-history"><br></div><div class="battle-history">The opposing Porygon2 fainted!<br></div><div class="spacer battle-history"><br></div><div class="battle-history"><strong>RedVento</strong> won the battle!<br></div><div class="chat">RedVento ha ganado 9.25 PokeDolares.</div><div class="chat">Puntaje de RedVento: 1000 → <strong>1053</strong><br>(+53 por ganar)</div><div class="chat">Puntaje de Pokemetalo: 1058 → <strong>1046</strong><br>(-12 por perder)</div></div><div class="inner-preempt"></div></div></div>
</div>
<script>
let daily = Math.floor(Date.now()/1000/60/60/24);document.write('<script src="https://play.pokemonshowdown.com/js/replay-embed.js?version'+daily+'"></'+'script>');
</script>
