<!DOCTYPE html>
<meta charset="utf-8" />
<!-- version 1 -->
<title>OU replay: SDN_NeaL vs. SDN_Luna</title>
<style>
html,body {font-family:Verdana, sans-serif;font-size:10pt;margin:0;padding:0;}body{padding:12px 0;} .battle-log {font-family:Verdana, sans-serif;font-size:10pt;} .battle-log-inline {border:1px solid #AAAAAA;background:#EEF2F5;color:black;max-width:640px;margin:0 auto 80px;padding-bottom:5px;} .battle-log .inner {padding:4px 8px 0px 8px;} .battle-log .inner-preempt {padding:0 8px 4px 8px;} .battle-log .inner-after {margin-top:0.5em;} .battle-log h2 {margin:0.5em -8px;padding:4px 8px;border:1px solid #AAAAAA;background:#E0E7EA;border-left:0;border-right:0;font-family:Verdana, sans-serif;font-size:13pt;} .battle-log .chat {vertical-align:middle;padding:3px 0 3px 0;font-size:8pt;} .battle-log .chat strong {color:#40576A;} .battle-log .chat em {padding:1px 4px 1px 3px;color:#000000;font-style:normal;} .chat.mine {background:rgba(0,0,0,0.05);margin-left:-8px;margin-right:-8px;padding-left:8px;padding-right:8px;} .spoiler {color:#BBBBBB;background:#BBBBBB;padding:0px 3px;} .spoiler:hover, .spoiler:active, .spoiler-shown {color:#000000;background:#E2E2E2;padding:0px 3px;} .spoiler a {color:#BBBBBB;} .spoiler:hover a, .spoiler:active a, .spoiler-shown a {color:#2288CC;} .chat code, .chat .spoiler:hover code, .chat .spoiler:active code, .chat .spoiler-shown code {border:1px solid #C0C0C0;background:#EEEEEE;color:black;padding:0 2px;} .chat .spoiler code {border:1px solid #CCCCCC;background:#CCCCCC;color:#CCCCCC;} .battle-log .rated {padding:3px 4px;} .battle-log .rated strong {color:white;background:#89A;padding:1px 4px;border-radius:4px;} .spacer {margin-top:0.5em;} .message-announce {background:#6688AA;color:white;padding:1px 4px 2px;} .message-announce a, .broadcast-green a, .broadcast-blue a, .broadcast-red a {color:#DDEEFF;} .broadcast-green {background-color:#559955;color:white;padding:2px 4px;} .broadcast-blue {background-color:#6688AA;color:white;padding:2px 4px;} .infobox {border:1px solid #6688AA;padding:2px 4px;} .infobox-limited {max-height:200px;overflow:auto;overflow-x:hidden;} .broadcast-red {background-color:#AA5544;color:white;padding:2px 4px;} .message-learn-canlearn {font-weight:bold;color:#228822;text-decoration:underline;} .message-learn-cannotlearn {font-weight:bold;color:#CC2222;text-decoration:underline;} .message-effect-weak {font-weight:bold;color:#CC2222;} .message-effect-resist {font-weight:bold;color:#6688AA;} .message-effect-immune {font-weight:bold;color:#666666;} .message-learn-list {margin-top:0;margin-bottom:0;} .message-throttle-notice, .message-error {color:#992222;} .message-overflow, .chat small.message-overflow {font-size:0pt;} .message-overflow::before {font-size:9pt;content:'...';} .subtle {color:#3A4A66;}
</style>
<div class="wrapper replay-wrapper" style="max-width:1180px;margin:0 auto">
<input type="hidden" name="replayid" value="destiny-ou-449545" />
<div class="battle"></div><div class="battle-log"></div><div class="replay-controls"></div><div class="replay-controls-2"></div>
<h1 style="font-weight:normal;text-align:center"><strong>OU</strong><br /><a href="http://pokemonshowdown.com/users/sdnneal" class="subtle" target="_blank">SDN_NeaL</a> vs. <a href="http://pokemonshowdown.com/users/sdnluna" class="subtle" target="_blank">SDN_Luna</a></h1>
<script type="text/plain" class="battle-log-data">|player|p1|SDN_NeaL|201
|teamsize|p1|6
|player|p2|SDN_Luna|1
|teamsize|p2|6
|teamsize|p1|6
|teamsize|p2|6
|gametype|singles
|gen|7
|tier|OU
|rated
|seed|47238,62418,63050,37149
|rule|Cláusula-Mod de Dormir: solo puedes dormir a uno de tus oponentes a la vez.
|rule|Cláusula de Especie: Hasta un Pokémon de cada especie
|rule|Cláusula de Golpe Fulminante: los movimientos fulminantes (OHKO) estan prohibidos
|rule|Cláusula de Veleta: la habilidad Veleta está prohibida
|rule|Cláusula de Movimientos Evasivos: los movimientos de Evasión están prohibidos.
|rule|Cláusula de Batallas Eternas: forzar batallas eternas está prohibido
|clearpoke
|poke|p1|Gliscor, M|item
|poke|p1|Tapu Lele|item
|poke|p1|Buzzwole|item
|poke|p1|Gyarados, M|item
|poke|p1|Magearna|item
|poke|p1|Chansey, F|item
|poke|p2|Diancie|item
|poke|p2|Gardevoir, F, shiny|item
|poke|p2|Lopunny, F, shiny|item
|poke|p2|Tapu Fini|item
|poke|p2|Espeon, F|item
|poke|p2|Tsareena, F|item
|teampreview|undefined
|c|☆SDN_NeaL|XD
|choice|*team 523416|*
|c|☆SDN_Luna|jejejejeje
|c|☆SDN_NeaL|Gl
|c|☆SDN_Luna|que pequeño el mundo es!!!🎶
|inactive|Reloj de batalla ENCENDIDO. El jugador inactivo será descalificado (solicitado por SDN_NeaL).
|choice|*|*team 423156
|choice|team 5, 2, 3, 4, 1, 6|team 4, 2, 3, 1, 5, 6
|
|start
|switch|p1a: Magearna|Magearna|363\/363
|switch|p2a: Tapu Fini|Tapu Fini|281\/281
|-fieldstart|move: Misty Terrain|[from] ability: Misty Surge|[of] p2a: Tapu Fini
|turn|1
|c|☆SDN_NeaL|JAJAJAJA
|choice|*move 1|*
|choice|*|*move 4
|choice|move voltswitch|move scald
|
|move|p2a: Tapu Fini|Scald|p1a: Magearna
|-damage|p1a: Magearna|293\/363
|move|p1a: Magearna|Volt Switch|p2a: Tapu Fini
|-supereffective|p2a: Tapu Fini
|-damage|p2a: Tapu Fini|137\/281
|choice|*switch 2|*
|choice|switch 2|
|
|switch|p1a: Tapu Lele|Tapu Lele|343\/343|[from]move: Volt Switch
|-fieldstart|move: Psychic Terrain|[from] ability: Psychic Surge|[of] p1a: Tapu Lele
|
|-heal|p2a: Tapu Fini|154\/281|[from] item: Leftovers
|upkeep
|turn|2
|choice|*|*move 2
|choice|*move 4|*
|choice|move calmmind|move icebeam
|
|move|p2a: Tapu Fini|Ice Beam|p1a: Tapu Lele
|-damage|p1a: Tapu Lele|261\/343
|-status|p1a: Tapu Lele|frz
|cant|p1a: Tapu Lele|frz
|
|-heal|p2a: Tapu Fini|171\/281|[from] item: Leftovers
|upkeep
|turn|3
|choice|*|*move 4
|c|☆SDN_NeaL|Ya empezamos (?
|choice|*switch 6|*
|choice|switch 6|move scald
|
|switch|p1a: Chansey|Chansey, F|702\/702
|move|p2a: Tapu Fini|Scald|p1a: Chansey
|-damage|p1a: Chansey|633\/702
|
|-heal|p2a: Tapu Fini|188\/281|[from] item: Leftovers
|upkeep
|turn|4
|choice|*move 1|*
|choice|*|*switch 5
|choice|move aromatherapy|switch 5
|
|switch|p2a: Espeon|Espeon, F|271\/271
|move|p1a: Chansey|Aromatherapy|p1a: Chansey
|-activate|p1a: Chansey|move: Aromatherapy
|-curestatus|p1: Tapu Lele|frz|[msg]
|
|upkeep
|turn|5
|choice|*|*move 1
|choice|*move 3|*
|choice|move seismictoss|move calmmind
|
|move|p2a: Espeon|Calm Mind|p2a: Espeon
|-boost|p2a: Espeon|spa|1
|-boost|p2a: Espeon|spd|1
|move|p1a: Chansey|Seismic Toss|p2a: Espeon
|-damage|p2a: Espeon|171\/271
|
|-heal|p2a: Espeon|187\/271|[from] item: Leftovers
|-fieldend|move: Psychic Terrain
|upkeep
|turn|6
|choice|*|*move 1
|choice|*move 3|*
|choice|move seismictoss|move calmmind
|
|move|p2a: Espeon|Calm Mind|p2a: Espeon
|-boost|p2a: Espeon|spa|1
|-boost|p2a: Espeon|spd|1
|move|p1a: Chansey|Seismic Toss|p2a: Espeon
|-damage|p2a: Espeon|87\/271
|
|-heal|p2a: Espeon|103\/271|[from] item: Leftovers
|upkeep
|turn|7
|choice|*move 2|*
|choice|*|*move 4
|choice|move softboiled|move psyshock
|
|move|p2a: Espeon|Psyshock|p1a: Chansey
|-damage|p1a: Chansey|278\/702
|move|p1a: Chansey|Soft-Boiled|p1a: Chansey
|-heal|p1a: Chansey|629\/702
|
|-heal|p2a: Espeon|119\/271|[from] item: Leftovers
|upkeep
|turn|8
|choice|*switch 2|*
|choice|*|*move 4
|choice|switch 2|move psyshock
|
|switch|p1a: Magearna|Magearna|293\/363
|move|p2a: Espeon|Psyshock|p1a: Magearna
|-resisted|p1a: Magearna
|-damage|p1a: Magearna|177\/363
|
|-heal|p2a: Espeon|135\/271|[from] item: Leftovers
|upkeep
|turn|9
|choice|*|*move 3
|choice|*move 2|*
|choice|move ironhead|move hiddenpower
|
|move|p2a: Espeon|Hidden Power|p1a: Magearna
|-supereffective|p1a: Magearna
|-damage|p1a: Magearna|1\/363
|move|p1a: Magearna|Iron Head|p2a: Espeon
|-damage|p2a: Espeon|6\/271
|
|-heal|p2a: Espeon|22\/271|[from] item: Leftovers
|upkeep
|turn|10
|choice|*|*move 3
|choice|*move 1|*
|choice|move voltswitch|move hiddenpower
|
|move|p2a: Espeon|Hidden Power|p1a: Magearna
|-supereffective|p1a: Magearna
|-damage|p1a: Magearna|0 fnt
|faint|p1a: Magearna
|
|-heal|p2a: Espeon|38\/271|[from] item: Leftovers
|upkeep
|choice|*switch 3|*
|choice|switch 3|
|
|switch|p1a: Buzzwole|Buzzwole|355\/355
|turn|11
|c|☆SDN_Luna|misero rng
|choice|*move 4|*
|choice|*|*move 4
|choice|move poisonjab|move psyshock
|
|move|p1a: Buzzwole|Poison Jab|p2a: Espeon
|-damage|p2a: Espeon|0 fnt
|faint|p2a: Espeon
|-ability|p1a: Buzzwole|Beast Boost|boost
|-boost|p1a: Buzzwole|atk|1
|
|upkeep
|choice|*|*switch 2
|choice||switch 2
|
|switch|p2a: Gardevoir|Gardevoir, F, shiny|277\/277
|-ability|p2a: Gardevoir|Beast Boost|[from] ability: Trace|[of] p1a: Buzzwole
|turn|12
|choice|*move 4|*
|choice|*|*move 3
|choice|move poisonjab|move psyshock
|
|move|p1a: Buzzwole|Poison Jab|p2a: Gardevoir
|-supereffective|p2a: Gardevoir
|-damage|p2a: Gardevoir|0 fnt
|faint|p2a: Gardevoir
|-ability|p1a: Buzzwole|Beast Boost|boost
|-boost|p1a: Buzzwole|atk|1
|
|upkeep
|c|☆SDN_Luna|es scarf?
|inactive|SDN_Luna tiene 135 segundos restantes.
|choice|*|*switch 5
|choice||switch 5
|
|switch|p2a: Tapu Fini|Tapu Fini|188\/281
|-fieldstart|move: Misty Terrain|[from] ability: Misty Surge|[of] p2a: Tapu Fini
|turn|13
|c|☆SDN_NeaL|Sep
|choice|*move 4|*
|choice|*|*move 4
|choice|move poisonjab|move scald
|
|move|p1a: Buzzwole|Poison Jab|p2a: Tapu Fini
|-supereffective|p2a: Tapu Fini
|-damage|p2a: Tapu Fini|0 fnt
|faint|p2a: Tapu Fini
|-ability|p1a: Buzzwole|Beast Boost|boost
|-boost|p1a: Buzzwole|atk|1
|
|upkeep
|c|☆SDN_Luna|con razón
|choice|*|*switch 4
|choice||switch 4
|
|switch|p2a: Diancie|Diancie|241\/241
|turn|14
|c|☆SDN_NeaL|Gg
|choice|*|*move 1 mega
|choice|*move 4|*
|choice|move poisonjab|move diamondstorm mega
|
|-mega|p2a: Diancie|Diancie|Diancite
|detailschange|p2a: Diancie|Diancie-Mega
|move|p1a: Buzzwole|Poison Jab|p2a: Diancie
|-damage|p2a: Diancie|0 fnt
|faint|p2a: Diancie
|-ability|p1a: Buzzwole|Beast Boost|boost
|-boost|p1a: Buzzwole|atk|1
|
|upkeep
|choice|*|*switch 6
|choice||switch 6
|
|switch|p2a: Tsareena|Tsareena, F|285\/285
|turn|15
|choice|*move 4|*
|choice|*|*move 1
|choice|move poisonjab|move playrough
|
|move|p1a: Buzzwole|Poison Jab|p2a: Tsareena
|-supereffective|p2a: Tsareena
|-damage|p2a: Tsareena|0 fnt
|faint|p2a: Tsareena
|-ability|p1a: Buzzwole|Beast Boost|boost
|-boost|p1a: Buzzwole|atk|1
|
|upkeep
|inactive|SDN_Luna tiene 135 segundos restantes.
|c|☆SDN_Luna|scarf vs scarf, y es mas rapido?
|choice|*|*switch 3
|choice||switch 3
|
|switch|p2a: Lopunny|Lopunny, F, shiny|271\/271
|turn|16
|c|☆SDN_NeaL|No creo
|choice|*move 4|*
|inactive|SDN_Luna tiene 135 segundos restantes.
|c|☆SDN_Luna|tsareena es scarf y no puede ser que lo outspeede
|choice|*|*move 3
|choice|move poisonjab|move highjumpkick
|
|move|p1a: Buzzwole|Poison Jab|p2a: Lopunny
|-damage|p2a: Lopunny|0 fnt
|faint|p2a: Lopunny
|
|win|SDN_NeaL
SDN_NeaL ha ganado 5.5 PokeDolares.
|raw|Puntaje de SDN_NeaL: 1132 &rarr; <strong>1157<\/strong><br \/>(+25 por ganar)
|raw|Puntaje de SDN_Luna: 1056 &rarr; <strong>1047<\/strong><br \/>(-9 por perder)
|c|☆SDN_NeaL|Soy jolly xD
|c|☆SDN_Luna|= la llevo jolly
|c|☆SDN_Luna|todo a la velocidad
</script>
</div>
<div class="battle-log battle-log-inline"><div class="inner"><div class="battle-options"></div><div class="inner"><div class=""><small>Format:</small> <br><strong>OU</strong></div><div class="rated"><strong>Rated battle</strong></div><div class=""><small><em>Cláusula-Mod de Dormir:</em> solo puedes dormir a uno de tus oponentes a la vez.</small></div><div class=""><small><em>Cláusula de Especie:</em> Hasta un Pokémon de cada especie</small></div><div class=""><small><em>Cláusula de Golpe Fulminante:</em> los movimientos fulminantes (OHKO) estan prohibidos</small></div><div class=""><small><em>Cláusula de Veleta:</em> la habilidad Veleta está prohibida</small></div><div class=""><small><em>Cláusula de Movimientos Evasivos:</em> los movimientos de Evasión están prohibidos.</small></div><div class=""><small><em>Cláusula de Batallas Eternas:</em> forzar batallas eternas está prohibido</small></div><div class="chat battle-history"><strong>SDN_NeaL's team:</strong> <em style="color:#445566;display:block;">Gliscor / Tapu Lele / Buzzwole / Gyarados / Magearna / Chansey</em></div><div class="chat battle-history"><strong>SDN_Luna's team:</strong> <em style="color:#445566;display:block;">Diancie / Gardevoir / Lopunny / Tapu Fini / Espeon / Tsareena</em></div><div class="chat chatmessage-sdnneal"><strong style="color:hsl(157,64%,38%)"><small>☆</small><span class="username" data-name="SDN_NeaL">SDN_NeaL</span>:</strong> <em>XD</em></div><div class="chat chatmessage-sdnluna"><strong style="color:hsl(9,52%,46%)"><small>☆</small><span class="username" data-name="SDN_Luna">SDN_Luna</span>:</strong> <em>jejejejeje</em></div><div class="chat chatmessage-sdnneal"><strong style="color:hsl(157,64%,38%)"><small>☆</small><span class="username" data-name="SDN_NeaL">SDN_NeaL</span>:</strong> <em>Gl</em></div><div class="chat chatmessage-sdnluna"><strong style="color:hsl(9,52%,46%)"><small>☆</small><span class="username" data-name="SDN_Luna">SDN_Luna</span>:</strong> <em>que pequeño el mundo es!!!🎶</em></div><div class="chat message-error">Reloj de batalla ENCENDIDO. El jugador inactivo será descalificado (solicitado por SDN_NeaL).</div><div class="spacer battle-history"><br></div><div class="battle-history">Battle started between SDN_NeaL and SDN_Luna!<br></div><div class="spacer battle-history"><br></div><div class="battle-history">Go! <strong>Magearna</strong>!<br></div><div class="spacer battle-history"><br></div><div class="battle-history">SDN_Luna sent out <strong>Tapu Fini</strong>!<br></div><div class="battle-history"><small>[The opposing Tapu Fini's Misty Surge]</small><br><small>Mist swirls around the battlefield!</small><br></div><div class="spacer battle-history"><br></div><h2 class="battle-history">Turn 1</h2><div class="chat chatmessage-sdnneal"><strong style="color:hsl(157,64%,38%)"><small>☆</small><span class="username" data-name="SDN_NeaL">SDN_NeaL</span>:</strong> <em>JAJAJAJA</em></div><div class="spacer battle-history"><br></div><div class="battle-history">The opposing Tapu Fini used <strong>Scald</strong>!<br></div><div class="battle-history"><small>(Magearna lost <abbr title="−70/363">19.3%</abbr> of its health!)</small><br></div><div class="spacer battle-history"><br></div><div class="battle-history">Magearna used <strong>Volt Switch</strong>!<br></div><div class="battle-history"><small>It's super effective!</small><br></div><div class="battle-history"><small>(The opposing Tapu Fini lost <abbr title="−144/281">51.2%</abbr> of its health!)</small><br></div><div class="spacer battle-history"><br></div><div class="battle-history">Magearna went back to SDN_NeaL!<br></div><div class="battle-history">Go! <strong>Tapu Lele</strong>!<br></div><div class="battle-history"><small>[Tapu Lele's Psychic Surge]</small><br><small>The battlefield got weird!</small><br></div><div class="spacer battle-history"><br></div><div class="battle-history"><small>The opposing Tapu Fini restored a little HP using its Leftovers!</small><br></div><div class="spacer battle-history"><br></div><h2 class="battle-history">Turn 2</h2><div class="spacer battle-history"><br></div><div class="battle-history">The opposing Tapu Fini used <strong>Ice Beam</strong>!<br></div><div class="battle-history"><small>(Tapu Lele lost <abbr title="−82/343">23.9%</abbr> of its health!)</small><br></div><div class="battle-history"><small>Tapu Lele was frozen solid!</small><br></div><div class="spacer battle-history"><br></div><div class="battle-history">Tapu Lele is frozen solid!<br></div><div class="spacer battle-history"><br></div><div class="battle-history"><small>The opposing Tapu Fini restored a little HP using its Leftovers!</small><br></div><div class="spacer battle-history"><br></div><h2 class="battle-history">Turn 3</h2><div class="chat chatmessage-sdnneal"><strong style="color:hsl(157,64%,38%)"><small>☆</small><span class="username" data-name="SDN_NeaL">SDN_NeaL</span>:</strong> <em>Ya empezamos (?</em></div><div class="spacer battle-history"><br></div><div class="battle-history">Tapu Lele, come back!<br></div><div class="battle-history">Go! <strong>Chansey</strong>!<br></div><div class="spacer battle-history"><br></div><div class="battle-history">The opposing Tapu Fini used <strong>Scald</strong>!<br></div><div class="battle-history"><small>(Chansey lost <abbr title="−69/702">9.8%</abbr> of its health!)</small><br></div><div class="spacer battle-history"><br></div><div class="battle-history"><small>The opposing Tapu Fini restored a little HP using its Leftovers!</small><br></div><div class="spacer battle-history"><br></div><h2 class="battle-history">Turn 4</h2><div class="spacer battle-history"><br></div><div class="battle-history">SDN_Luna withdrew Tapu Fini!<br></div><div class="battle-history">SDN_Luna sent out <strong>Espeon</strong>!<br></div><div class="spacer battle-history"><br></div><div class="battle-history">Chansey used <strong>Aromatherapy</strong>!<br></div><div class="battle-history"><small>A soothing aroma wafted through the area!</small><br></div><div class="battle-history"><small>Tapu Lele thawed out!</small><br></div><div class="spacer battle-history"><br></div><h2 class="battle-history">Turn 5</h2><div class="spacer battle-history"><br></div><div class="battle-history">The opposing Espeon used <strong>Calm Mind</strong>!<br></div><div class="battle-history"><small>The opposing Espeon's Special Attack rose!</small><br></div><div class="battle-history"><small>The opposing Espeon's Special Defense rose!</small><br></div><div class="spacer battle-history"><br></div><div class="battle-history">Chansey used <strong>Seismic Toss</strong>!<br></div><div class="battle-history"><small>(The opposing Espeon lost <abbr title="−100/271">36.9%</abbr> of its health!)</small><br></div><div class="spacer battle-history"><br></div><div class="battle-history"><small>The opposing Espeon restored a little HP using its Leftovers!</small><br></div><div class="battle-history"><small>The weirdness disappeared from the battlefield!</small><br></div><div class="spacer battle-history"><br></div><h2 class="battle-history">Turn 6</h2><div class="spacer battle-history"><br></div><div class="battle-history">The opposing Espeon used <strong>Calm Mind</strong>!<br></div><div class="battle-history"><small>The opposing Espeon's Special Attack rose!</small><br></div><div class="battle-history"><small>The opposing Espeon's Special Defense rose!</small><br></div><div class="spacer battle-history"><br></div><div class="battle-history">Chansey used <strong>Seismic Toss</strong>!<br></div><div class="battle-history"><small>(The opposing Espeon lost <abbr title="−100/271">36.9%</abbr> of its health!)</small><br></div><div class="spacer battle-history"><br></div><div class="battle-history"><small>The opposing Espeon restored a little HP using its Leftovers!</small><br></div><div class="spacer battle-history"><br></div><h2 class="battle-history">Turn 7</h2><div class="spacer battle-history"><br></div><div class="battle-history">The opposing Espeon used <strong>Psyshock</strong>!<br></div><div class="battle-history"><small>(Chansey lost <abbr title="−355/702">50.6%</abbr> of its health!)</small><br></div><div class="spacer battle-history"><br></div><div class="battle-history">Chansey used <strong>Soft-Boiled</strong>!<br></div><div class="battle-history"><small>Chansey restored its HP.</small><br></div><div class="spacer battle-history"><br></div><div class="battle-history"><small>The opposing Espeon restored a little HP using its Leftovers!</small><br></div><div class="spacer battle-history"><br></div><h2 class="battle-history">Turn 8</h2><div class="spacer battle-history"><br></div><div class="battle-history">Chansey, come back!<br></div><div class="battle-history">Go! <strong>Magearna</strong>!<br></div><div class="spacer battle-history"><br></div><div class="battle-history">The opposing Espeon used <strong>Psyshock</strong>!<br></div><div class="battle-history"><small>It's not very effective...</small><br></div><div class="battle-history"><small>(Magearna lost <abbr title="−116/363">32.0%</abbr> of its health!)</small><br></div><div class="spacer battle-history"><br></div><div class="battle-history"><small>The opposing Espeon restored a little HP using its Leftovers!</small><br></div><div class="spacer battle-history"><br></div><h2 class="battle-history">Turn 9</h2><div class="spacer battle-history"><br></div><div class="battle-history">The opposing Espeon used <strong>Hidden Power</strong>!<br></div><div class="battle-history"><small>It's super effective!</small><br></div><div class="battle-history"><small>(Magearna lost <abbr title="−176/363">48.5%</abbr> of its health!)</small><br></div><div class="spacer battle-history"><br></div><div class="battle-history">Magearna used <strong>Iron Head</strong>!<br></div><div class="battle-history"><small>(The opposing Espeon lost <abbr title="−129/271">47.6%</abbr> of its health!)</small><br></div><div class="spacer battle-history"><br></div><div class="battle-history"><small>The opposing Espeon restored a little HP using its Leftovers!</small><br></div><div class="spacer battle-history"><br></div><h2 class="battle-history">Turn 10</h2><div class="spacer battle-history"><br></div><div class="battle-history">The opposing Espeon used <strong>Hidden Power</strong>!<br></div><div class="battle-history"><small>It's super effective!</small><br></div><div class="battle-history"><small>(Magearna lost <abbr title="−1/363">0.3%</abbr> of its health!)</small><br></div><div class="spacer battle-history"><br></div><div class="battle-history">Magearna fainted!<br></div><div class="spacer battle-history"><br></div><div class="battle-history"><small>The opposing Espeon restored a little HP using its Leftovers!</small><br></div><div class="spacer battle-history"><br></div><div class="battle-history">Go! <strong>Buzzwole</strong>!<br></div><div class="spacer battle-history"><br></div><h2 class="battle-history">Turn 11</h2><div class="chat chatmessage-sdnluna"><strong style="color:hsl(9,52%,46%)"><small>☆</small><span class="username" data-name="SDN_Luna">SDN_Luna</span>:</strong> <em>misero rng</em></div><div class="spacer battle-history"><br></div><div class="battle-history">Buzzwole used <strong>Poison Jab</strong>!<br></div><div class="battle-history"><small>(The opposing Espeon lost <abbr title="−38/271">14.0%</abbr> of its health!)</small><br></div><div class="spacer battle-history"><br></div><div class="battle-history">The opposing Espeon fainted!<br></div><div class="battle-history"><small>[Buzzwole's Beast Boost]</small><br></div><div class="battle-history"><small>Buzzwole's Attack rose!</small><br></div><div class="spacer battle-history"><br></div><div class="battle-history">SDN_Luna sent out <strong>Gardevoir</strong>!<br></div><div class="battle-history"><small>[The opposing Gardevoir's Trace]</small><br><small>[The opposing Gardevoir's Beast Boost]</small><br><small>The opposing Gardevoir traced Buzzwole's Beast Boost!</small><br></div><div class="spacer battle-history"><br></div><h2 class="battle-history">Turn 12</h2><div class="spacer battle-history"><br></div><div class="battle-history">Buzzwole used <strong>Poison Jab</strong>!<br></div><div class="battle-history"><small>It's super effective!</small><br></div><div class="battle-history"><small>(The opposing Gardevoir lost <abbr title="−277/277">100%</abbr> of its health!)</small><br></div><div class="spacer battle-history"><br></div><div class="battle-history">The opposing Gardevoir fainted!<br></div><div class="battle-history"><small>[Buzzwole's Beast Boost]</small><br></div><div class="battle-history"><small>Buzzwole's Attack rose!</small><br></div><div class="chat chatmessage-sdnluna"><strong style="color:hsl(9,52%,46%)"><small>☆</small><span class="username" data-name="SDN_Luna">SDN_Luna</span>:</strong> <em>es scarf?</em></div><div class="chat message-error">SDN_Luna tiene 135 segundos restantes.</div><div class="spacer battle-history"><br></div><div class="battle-history">SDN_Luna sent out <strong>Tapu Fini</strong>!<br></div><div class="battle-history"><small>[The opposing Tapu Fini's Misty Surge]</small><br><small>Mist swirls around the battlefield!</small><br></div><div class="spacer battle-history"><br></div><h2 class="battle-history">Turn 13</h2><div class="chat chatmessage-sdnneal"><strong style="color:hsl(157,64%,38%)"><small>☆</small><span class="username" data-name="SDN_NeaL">SDN_NeaL</span>:</strong> <em>Sep</em></div><div class="spacer battle-history"><br></div><div class="battle-history">Buzzwole used <strong>Poison Jab</strong>!<br></div><div class="battle-history"><small>It's super effective!</small><br></div><div class="battle-history"><small>(The opposing Tapu Fini lost <abbr title="−188/281">66.9%</abbr> of its health!)</small><br></div><div class="spacer battle-history"><br></div><div class="battle-history">The opposing Tapu Fini fainted!<br></div><div class="battle-history"><small>[Buzzwole's Beast Boost]</small><br></div><div class="battle-history"><small>Buzzwole's Attack rose!</small><br></div><div class="chat chatmessage-sdnluna"><strong style="color:hsl(9,52%,46%)"><small>☆</small><span class="username" data-name="SDN_Luna">SDN_Luna</span>:</strong> <em>con razón</em></div><div class="spacer battle-history"><br></div><div class="battle-history">SDN_Luna sent out <strong>Diancie</strong>!<br></div><div class="spacer battle-history"><br></div><h2 class="battle-history">Turn 14</h2><div class="chat chatmessage-sdnneal"><strong style="color:hsl(157,64%,38%)"><small>☆</small><span class="username" data-name="SDN_NeaL">SDN_NeaL</span>:</strong> <em>Gg</em></div><div class="spacer battle-history"><br></div><div class="battle-history"><small>The opposing Diancie's Diancite is reacting to the Key Stone!</small><br>The opposing Diancie has Mega Evolved into Mega Diancie!<br></div><div class="spacer battle-history"><br></div><div class="battle-history">Buzzwole used <strong>Poison Jab</strong>!<br></div><div class="battle-history"><small>(The opposing Diancie lost <abbr title="−241/241">100%</abbr> of its health!)</small><br></div><div class="spacer battle-history"><br></div><div class="battle-history">The opposing Diancie fainted!<br></div><div class="battle-history"><small>[Buzzwole's Beast Boost]</small><br></div><div class="battle-history"><small>Buzzwole's Attack rose!</small><br></div><div class="spacer battle-history"><br></div><div class="battle-history">SDN_Luna sent out <strong>Tsareena</strong>!<br></div><div class="spacer battle-history"><br></div><h2 class="battle-history">Turn 15</h2><div class="spacer battle-history"><br></div><div class="battle-history">Buzzwole used <strong>Poison Jab</strong>!<br></div><div class="battle-history"><small>It's super effective!</small><br></div><div class="battle-history"><small>(The opposing Tsareena lost <abbr title="−285/285">100%</abbr> of its health!)</small><br></div><div class="spacer battle-history"><br></div><div class="battle-history">The opposing Tsareena fainted!<br></div><div class="battle-history"><small>[Buzzwole's Beast Boost]</small><br></div><div class="battle-history"><small>Buzzwole's Attack rose!</small><br></div><div class="chat message-error">SDN_Luna tiene 135 segundos restantes.</div><div class="chat chatmessage-sdnluna"><strong style="color:hsl(9,52%,46%)"><small>☆</small><span class="username" data-name="SDN_Luna">SDN_Luna</span>:</strong> <em>scarf vs scarf, y es mas rapido?</em></div><div class="spacer battle-history"><br></div><div class="battle-history">SDN_Luna sent out <strong>Lopunny</strong>!<br></div><div class="spacer battle-history"><br></div><h2 class="battle-history">Turn 16</h2><div class="chat chatmessage-sdnneal"><strong style="color:hsl(157,64%,38%)"><small>☆</small><span class="username" data-name="SDN_NeaL">SDN_NeaL</span>:</strong> <em>No creo</em></div><div class="chat message-error">SDN_Luna tiene 135 segundos restantes.</div><div class="chat chatmessage-sdnluna"><strong style="color:hsl(9,52%,46%)"><small>☆</small><span class="username" data-name="SDN_Luna">SDN_Luna</span>:</strong> <em>tsareena es scarf y no puede ser que lo outspeede</em></div><div class="spacer battle-history"><br></div><div class="battle-history">Buzzwole used <strong>Poison Jab</strong>!<br></div><div class="battle-history"><small>(The opposing Lopunny lost <abbr title="−271/271">100%</abbr> of its health!)</small><br></div><div class="spacer battle-history"><br></div><div class="battle-history">The opposing Lopunny fainted!<br></div><div class="spacer battle-history"><br></div><div class="battle-history"><strong>SDN_NeaL</strong> won the battle!<br></div><div class="chat">SDN_NeaL ha ganado 5.5 PokeDolares.</div><div class="chat">Puntaje de SDN_NeaL: 1132 → <strong>1157</strong><br>(+25 por ganar)</div><div class="chat">Puntaje de SDN_Luna: 1056 → <strong>1047</strong><br>(-9 por perder)</div><div class="chat chatmessage-sdnneal"><strong style="color:hsl(157,64%,38%)"><small>☆</small><span class="username" data-name="SDN_NeaL">SDN_NeaL</span>:</strong> <em>Soy jolly xD</em></div><div class="chat chatmessage-sdnluna"><strong style="color:hsl(9,52%,46%)"><small>☆</small><span class="username" data-name="SDN_Luna">SDN_Luna</span>:</strong> <em>= la llevo jolly</em></div><div class="chat chatmessage-sdnluna"><strong style="color:hsl(9,52%,46%)"><small>☆</small><span class="username" data-name="SDN_Luna">SDN_Luna</span>:</strong> <em>todo a la velocidad</em></div></div><div class="inner-preempt"></div></div></div>
</div>
<script>
let daily = Math.floor(Date.now()/1000/60/60/24);document.write('<script src="https://play.pokemonshowdown.com/js/replay-embed.js?version'+daily+'"></'+'script>');
</script>
