<!DOCTYPE html>
<meta charset="utf-8" />
<!-- version 1 -->
<title>OU replay: Gеrard Way vs. No man's hax</title>
<style>
html,body {font-family:Verdana, sans-serif;font-size:10pt;margin:0;padding:0;}body{padding:12px 0;} .battle-log {font-family:Verdana, sans-serif;font-size:10pt;} .battle-log-inline {border:1px solid #AAAAAA;background:#EEF2F5;color:black;max-width:640px;margin:0 auto 80px;padding-bottom:5px;} .battle-log .inner {padding:4px 8px 0px 8px;} .battle-log .inner-preempt {padding:0 8px 4px 8px;} .battle-log .inner-after {margin-top:0.5em;} .battle-log h2 {margin:0.5em -8px;padding:4px 8px;border:1px solid #AAAAAA;background:#E0E7EA;border-left:0;border-right:0;font-family:Verdana, sans-serif;font-size:13pt;} .battle-log .chat {vertical-align:middle;padding:3px 0 3px 0;font-size:8pt;} .battle-log .chat strong {color:#40576A;} .battle-log .chat em {padding:1px 4px 1px 3px;color:#000000;font-style:normal;} .chat.mine {background:rgba(0,0,0,0.05);margin-left:-8px;margin-right:-8px;padding-left:8px;padding-right:8px;} .spoiler {color:#BBBBBB;background:#BBBBBB;padding:0px 3px;} .spoiler:hover, .spoiler:active, .spoiler-shown {color:#000000;background:#E2E2E2;padding:0px 3px;} .spoiler a {color:#BBBBBB;} .spoiler:hover a, .spoiler:active a, .spoiler-shown a {color:#2288CC;} .chat code, .chat .spoiler:hover code, .chat .spoiler:active code, .chat .spoiler-shown code {border:1px solid #C0C0C0;background:#EEEEEE;color:black;padding:0 2px;} .chat .spoiler code {border:1px solid #CCCCCC;background:#CCCCCC;color:#CCCCCC;} .battle-log .rated {padding:3px 4px;} .battle-log .rated strong {color:white;background:#89A;padding:1px 4px;border-radius:4px;} .spacer {margin-top:0.5em;} .message-announce {background:#6688AA;color:white;padding:1px 4px 2px;} .message-announce a, .broadcast-green a, .broadcast-blue a, .broadcast-red a {color:#DDEEFF;} .broadcast-green {background-color:#559955;color:white;padding:2px 4px;} .broadcast-blue {background-color:#6688AA;color:white;padding:2px 4px;} .infobox {border:1px solid #6688AA;padding:2px 4px;} .infobox-limited {max-height:200px;overflow:auto;overflow-x:hidden;} .broadcast-red {background-color:#AA5544;color:white;padding:2px 4px;} .message-learn-canlearn {font-weight:bold;color:#228822;text-decoration:underline;} .message-learn-cannotlearn {font-weight:bold;color:#CC2222;text-decoration:underline;} .message-effect-weak {font-weight:bold;color:#CC2222;} .message-effect-resist {font-weight:bold;color:#6688AA;} .message-effect-immune {font-weight:bold;color:#666666;} .message-learn-list {margin-top:0;margin-bottom:0;} .message-throttle-notice, .message-error {color:#992222;} .message-overflow, .chat small.message-overflow {font-size:0pt;} .message-overflow::before {font-size:9pt;content:'...';} .subtle {color:#3A4A66;}
</style>
<div class="wrapper replay-wrapper" style="max-width:1180px;margin:0 auto">
<input type="hidden" name="replayid" value="destiny-ou-518739" />
<div class="battle"></div><div class="battle-log"></div><div class="replay-controls"></div><div class="replay-controls-2"></div>
<h1 style="font-weight:normal;text-align:center"><strong>OU</strong><br /><a href="http://pokemonshowdown.com/users/grardway" class="subtle" target="_blank">Gеrard Way</a> vs. <a href="http://pokemonshowdown.com/users/nomanshax" class="subtle" target="_blank">No man's hax</a></h1>
<script type="text/plain" class="battle-log-data">|player|p1|Gеrard Way|grardway-11.gif?3d9a9587
|teamsize|p1|6
|player|p2|No man's hax|nomanshax-15.gif?5192e999
|teamsize|p2|6
|teamsize|p1|6
|teamsize|p2|6
|gametype|singles
|gen|7
|tier|OU
|seed|61563,52884,60665,21523
|rule|Cláusula-Mod de Dormir: solo puedes dormir a uno de tus oponentes a la vez.
|rule|Cláusula de Especie: Hasta un Pokémon de cada especie
|rule|Cláusula de Golpe Fulminante: los movimientos fulminantes (OHKO) estan prohibidos
|rule|Cláusula de Veleta: la habilidad Veleta está prohibida
|rule|Cláusula de Movimientos Evasivos: los movimientos de Evasión están prohibidos.
|rule|Cláusula de Batallas Eternas: forzar batallas eternas está prohibido
|clearpoke
|poke|p1|Tangrowth, F|item
|poke|p1|Alomomola, F|item
|poke|p1|Heatran, M|item
|poke|p1|Zygarde|item
|poke|p1|Tornadus-Therian, M|item
|poke|p1|Mawile, F|item
|poke|p2|Scizor, F|item
|poke|p2|Heatran, M|item
|poke|p2|Tangrowth, M|item
|poke|p2|Zapdos|item
|poke|p2|Kartana|item
|poke|p2|Zygarde|item
|teampreview|undefined
|choice|*team 321456|*
|choice|*|*team 423156
|choice|team 3, 2, 1, 4, 5, 6|team 4, 2, 3, 1, 5, 6
|
|start
|switch|p1a: Heatran|Heatran, M|323\/323
|switch|p2a: Zapdos|Zapdos|383\/383
|turn|1
|choice|*|*switch 2
|choice|*move 4|*
|choice|move stealthrock|switch 2
|
|switch|p2a: Heatran|Heatran, M|386\/386
|move|p1a: Heatran|Stealth Rock|p2a: Heatran
|-sidestart|p2: No man's hax|move: Stealth Rock
|
|upkeep
|turn|2
|choice|*|*move 4
|choice|*switch 4|*
|choice|switch 4|move stealthrock
|
|switch|p1a: Zygarde|Zygarde|358\/358
|-ability|p1a: Zygarde|Aura Break
|move|p2a: Heatran|Stealth Rock|p1a: Zygarde
|-sidestart|p1: Gеrard Way|move: Stealth Rock
|
|upkeep
|turn|3
|choice|*switch 4|*
|choice|*switch 4|*
|choice|*|*switch 3
|choice|switch 4|switch 3
|
|switch|p1a: Heatran|Heatran, M|323\/323
|-damage|p1a: Heatran|283\/323|[from] Stealth Rock
|switch|p2a: Tangrowth|Tangrowth, M|404\/404
|-damage|p2a: Tangrowth|354\/404|[from] Stealth Rock
|
|upkeep
|turn|4
|choice|*|*move 1
|choice|*move 2|*
|choice|move lavaplume|move earthquake
|
|move|p1a: Heatran|Lava Plume|p2a: Tangrowth
|-supereffective|p2a: Tangrowth
|-damage|p2a: Tangrowth|138\/404
|-status|p2a: Tangrowth|brn
|move|p2a: Tangrowth|Earthquake|p1a: Heatran
|-supereffective|p1a: Heatran
|-damage|p1a: Heatran|131\/323
|
|-damage|p2a: Tangrowth|113\/404 brn|[from] brn
|upkeep
|turn|5
|c|☆Gеrard Way|Humilled
|choice|*|*move 1
|choice|*move 1 zmove|*
|choice|move flashcannon zmove|move earthquake
|
|-zpower|p1a: Heatran
|move|p1a: Heatran|Corkscrew Crash|p2a: Tangrowth|[zeffect]
|-damage|p2a: Tangrowth|0 fnt
|faint|p2a: Tangrowth
|
|upkeep
|choice|*|*switch 3
|choice||switch 3
|
|switch|p2a: Heatran|Heatran, M|386\/386
|-damage|p2a: Heatran|338\/386|[from] Stealth Rock
|turn|6
|choice|*|*move 1
|choice|*switch 2|*
|choice|switch 2|move earthpower
|
|switch|p1a: Alomomola|Alomomola, F|481\/481
|-damage|p1a: Alomomola|421\/481|[from] Stealth Rock
|move|p2a: Heatran|Earth Power|p1a: Alomomola
|-damage|p1a: Alomomola|307\/481
|
|-heal|p2a: Heatran|362\/386|[from] item: Leftovers
|-heal|p1a: Alomomola|337\/481|[from] item: Leftovers
|upkeep
|turn|7
|choice|*|*move 3
|choice|*move 3|*
|choice|move wish|move taunt
|
|move|p2a: Heatran|Taunt|p1a: Alomomola
|-start|p1a: Alomomola|move: Taunt
|cant|p1a: Alomomola|move: Taunt|Wish
|
|-heal|p2a: Heatran|386\/386|[from] item: Leftovers
|-heal|p1a: Alomomola|367\/481|[from] item: Leftovers
|upkeep
|turn|8
|choice|*move 1|*
|choice|*|*move 2
|choice|*switch 4|*
|choice|switch 4|move magmastorm
|
|switch|p1a: Zygarde|Zygarde|358\/358
|-damage|p1a: Zygarde|336\/358|[from] Stealth Rock
|-ability|p1a: Zygarde|Aura Break
|move|p2a: Heatran|Magma Storm|p1a: Zygarde
|-resisted|p1a: Zygarde
|-damage|p1a: Zygarde|261\/358
|-activate|p1a: Zygarde|move: Magma Storm|[of] p2a: Heatran
|
|-damage|p1a: Zygarde|217\/358|[from] move: Magma Storm|[partiallytrapped]
|upkeep
|turn|9
|choice|*move 1|*
|choice|*|*move 1
|choice|move thousandarrows|move earthpower
|
|move|p1a: Zygarde|Thousand Arrows|p2a: Heatran
|-supereffective|p2a: Heatran
|-damage|p2a: Heatran|0 fnt
|faint|p2a: Heatran
|
|upkeep
|choice|*|*switch 4
|choice||switch 4
|
|switch|p2a: Scizor|Scizor, F|343\/343
|-damage|p2a: Scizor|301\/343|[from] Stealth Rock
|turn|10
|choice|*|*move 1 mega
|choice|*switch 2|*
|choice|switch 2|move curse mega
|
|switch|p1a: Heatran|Heatran, M|131\/323
|-damage|p1a: Heatran|91\/323|[from] Stealth Rock
|-mega|p2a: Scizor|Scizor|Scizorite
|detailschange|p2a: Scizor|Scizor-Mega, F
|move|p2a: Scizor|Curse|p2a: Scizor
|-unboost|p2a: Scizor|spe|1
|-boost|p2a: Scizor|atk|1
|-boost|p2a: Scizor|def|1
|
|upkeep
|turn|11
|choice|*move 1|*
|choice|*|*switch 6
|choice|move flashcannon|switch 6
|
|switch|p2a: Zygarde|Zygarde|357\/357
|-damage|p2a: Zygarde|335\/357|[from] Stealth Rock
|-ability|p2a: Zygarde|Aura Break
|move|p1a: Heatran|Flash Cannon|p2a: Zygarde
|-damage|p2a: Zygarde|181\/357
|
|upkeep
|turn|12
|choice|*|*switch 6
|choice|*switch 3|*
|choice|switch 3|switch 6
|
|switch|p2a: Scizor|Scizor-Mega, F|301\/343
|-damage|p2a: Scizor|259\/343|[from] Stealth Rock
|switch|p1a: Tangrowth|Tangrowth, F|404\/404
|-damage|p1a: Tangrowth|354\/404|[from] Stealth Rock
|
|upkeep
|turn|13
|choice|*|*move 1
|choice|*switch 4|*
|choice|switch 4|move curse
|
|switch|p1a: Alomomola|Alomomola, F|481\/481
|-damage|p1a: Alomomola|421\/481|[from] Stealth Rock
|move|p2a: Scizor|Curse|p2a: Scizor
|-unboost|p2a: Scizor|spe|1
|-boost|p2a: Scizor|atk|1
|-boost|p2a: Scizor|def|1
|
|-heal|p1a: Alomomola|451\/481|[from] item: Leftovers
|upkeep
|turn|14
|choice|*|*move 3
|choice|*move 3|*
|choice|move wish|move knockoff
|
|move|p1a: Alomomola|Wish|p1a: Alomomola
|move|p2a: Scizor|Knock Off|p1a: Alomomola
|-damage|p1a: Alomomola|310\/481
|-enditem|p1a: Alomomola|Leftovers|[from] move: Knock Off|[of] p2a: Scizor
|
|upkeep
|turn|15
|choice|*|*move 3
|choice|*move 1|*
|choice|move scald|move knockoff
|
|move|p1a: Alomomola|Scald|p2a: Scizor
|-damage|p2a: Scizor|211\/343
|move|p2a: Scizor|Knock Off|p1a: Alomomola
|-damage|p1a: Alomomola|222\/481
|
|-heal|p1a: Alomomola|462\/481|[from] move: Wish|[wisher] Alomomola
|upkeep
|turn|16
|choice|*|*move 4
|choice|*move 1|*
|choice|move scald|move roost
|
|move|p1a: Alomomola|Scald|p2a: Scizor
|-damage|p2a: Scizor|168\/343
|-status|p2a: Scizor|brn
|move|p2a: Scizor|Roost|p2a: Scizor
|-heal|p2a: Scizor|340\/343 brn
|
|-damage|p2a: Scizor|319\/343 brn|[from] brn
|upkeep
|turn|17
|choice|*move 3|*
|choice|*move 3|*
|choice|*move 3|*
|c|☆No man's hax|bueno, ya vi un problema
|c|☆No man's hax|gg
|-message|No man's hax se rindió.
|
|win|Gеrard Way
|c|☆Gеrard Way|gg
</script>
</div>
<div class="battle-log battle-log-inline"><div class="inner"><div class="battle-options"></div><div class="inner"><div class=""><small>Format:</small> <br><strong>OU</strong></div><div class=""><small><em>Cláusula-Mod de Dormir:</em> solo puedes dormir a uno de tus oponentes a la vez.</small></div><div class=""><small><em>Cláusula de Especie:</em> Hasta un Pokémon de cada especie</small></div><div class=""><small><em>Cláusula de Golpe Fulminante:</em> los movimientos fulminantes (OHKO) estan prohibidos</small></div><div class=""><small><em>Cláusula de Veleta:</em> la habilidad Veleta está prohibida</small></div><div class=""><small><em>Cláusula de Movimientos Evasivos:</em> los movimientos de Evasión están prohibidos.</small></div><div class=""><small><em>Cláusula de Batallas Eternas:</em> forzar batallas eternas está prohibido</small></div><div class="chat battle-history"><strong>Gеrard Way's team:</strong> <em style="color:#445566;display:block;">Tangrowth / Alomomola / Heatran / Zygarde / Tornadus-Therian / Mawile</em></div><div class="chat battle-history"><strong>No man's hax's team:</strong> <em style="color:#445566;display:block;">Scizor / Heatran / Tangrowth / Zapdos / Kartana / Zygarde</em></div><div class="spacer battle-history"><br></div><div class="battle-history">Battle started between Gеrard Way and No man's hax!<br></div><div class="spacer battle-history"><br></div><div class="battle-history">Go! <strong>Heatran</strong>!<br></div><div class="spacer battle-history"><br></div><div class="battle-history">No man's hax sent out <strong>Zapdos</strong>!<br></div><div class="spacer battle-history"><br></div><h2 class="battle-history">Turn 1</h2><div class="spacer battle-history"><br></div><div class="battle-history">No man's hax withdrew Zapdos!<br></div><div class="battle-history">No man's hax sent out <strong>Heatran</strong>!<br></div><div class="spacer battle-history"><br></div><div class="battle-history">Heatran used <strong>Stealth Rock</strong>!<br></div><div class="battle-history"><small>Pointed stones float in the air around the opposing team!</small><br></div><div class="spacer battle-history"><br></div><h2 class="battle-history">Turn 2</h2><div class="spacer battle-history"><br></div><div class="battle-history">Heatran, come back!<br></div><div class="battle-history">Go! <strong>Zygarde</strong>!<br></div><div class="battle-history"><small>[Zygarde's Aura Break]</small><br><small>Zygarde reversed all other Pokémon's auras!</small><br></div><div class="spacer battle-history"><br></div><div class="battle-history">The opposing Heatran used <strong>Stealth Rock</strong>!<br></div><div class="battle-history"><small>Pointed stones float in the air around your team!</small><br></div><div class="spacer battle-history"><br></div><h2 class="battle-history">Turn 3</h2><div class="spacer battle-history"><br></div><div class="battle-history">Zygarde, come back!<br></div><div class="battle-history">Go! <strong>Heatran</strong>!<br></div><div class="battle-history"><small>Pointed stones dug into Heatran!</small><br></div><div class="spacer battle-history"><br></div><div class="battle-history">No man's hax withdrew Heatran!<br></div><div class="battle-history">No man's hax sent out <strong>Tangrowth</strong>!<br></div><div class="battle-history"><small>Pointed stones dug into the opposing Tangrowth!</small><br></div><div class="spacer battle-history"><br></div><h2 class="battle-history">Turn 4</h2><div class="spacer battle-history"><br></div><div class="battle-history">Heatran used <strong>Lava Plume</strong>!<br></div><div class="battle-history"><small>It's super effective!</small><br></div><div class="battle-history"><small>(The opposing Tangrowth lost <abbr title="−216/404">53.5%</abbr> of its health!)</small><br></div><div class="battle-history"><small>The opposing Tangrowth was burned!</small><br></div><div class="spacer battle-history"><br></div><div class="battle-history">The opposing Tangrowth used <strong>Earthquake</strong>!<br></div><div class="battle-history"><small>It's super effective!</small><br></div><div class="battle-history"><small>(Heatran lost <abbr title="−152/323">47.1%</abbr> of its health!)</small><br></div><div class="spacer battle-history"><br></div><div class="battle-history"><small>The opposing Tangrowth was hurt by its burn!</small><br></div><div class="spacer battle-history"><br></div><h2 class="battle-history">Turn 5</h2><div class="chat chatmessage-grardway"><strong style="color:hsl(23,56%,44%)"><small>☆</small><span class="username" data-name="Gеrard Way">Gеrard Way</span>:</strong> <em>Humilled</em></div><div class="spacer battle-history"><br></div><div class="battle-history"><small>Heatran surrounded itself with its Z-Power!</small><br></div><div class="spacer battle-history"><br></div><div class="battle-history">Heatran used <strong>Corkscrew Crash</strong>!<br></div><div class="battle-history"><small>(The opposing Tangrowth lost <abbr title="−113/404">28.0%</abbr> of its health!)</small><br></div><div class="spacer battle-history"><br></div><div class="battle-history">The opposing Tangrowth fainted!<br></div><div class="spacer battle-history"><br></div><div class="battle-history">No man's hax sent out <strong>Heatran</strong>!<br></div><div class="battle-history"><small>Pointed stones dug into the opposing Heatran!</small><br></div><div class="spacer battle-history"><br></div><h2 class="battle-history">Turn 6</h2><div class="spacer battle-history"><br></div><div class="battle-history">Heatran, come back!<br></div><div class="battle-history">Go! <strong>Alomomola</strong>!<br></div><div class="battle-history"><small>Pointed stones dug into Alomomola!</small><br></div><div class="spacer battle-history"><br></div><div class="battle-history">The opposing Heatran used <strong>Earth Power</strong>!<br></div><div class="battle-history"><small>(Alomomola lost <abbr title="−114/481">23.7%</abbr> of its health!)</small><br></div><div class="spacer battle-history"><br></div><div class="battle-history"><small>The opposing Heatran restored a little HP using its Leftovers!</small><br></div><div class="battle-history"><small>Alomomola restored a little HP using its Leftovers!</small><br></div><div class="spacer battle-history"><br></div><h2 class="battle-history">Turn 7</h2><div class="spacer battle-history"><br></div><div class="battle-history">The opposing Heatran used <strong>Taunt</strong>!<br></div><div class="battle-history"><small>Alomomola fell for the taunt!</small><br></div><div class="spacer battle-history"><br></div><div class="battle-history">Alomomola can't use Wish after the taunt!<br></div><div class="spacer battle-history"><br></div><div class="battle-history"><small>The opposing Heatran restored a little HP using its Leftovers!</small><br></div><div class="battle-history"><small>Alomomola restored a little HP using its Leftovers!</small><br></div><div class="spacer battle-history"><br></div><h2 class="battle-history">Turn 8</h2><div class="spacer battle-history"><br></div><div class="battle-history">Alomomola, come back!<br></div><div class="battle-history">Go! <strong>Zygarde</strong>!<br></div><div class="battle-history"><small>Pointed stones dug into Zygarde!</small><br></div><div class="battle-history"><small>[Zygarde's Aura Break]</small><br><small>Zygarde reversed all other Pokémon's auras!</small><br></div><div class="spacer battle-history"><br></div><div class="battle-history">The opposing Heatran used <strong>Magma Storm</strong>!<br></div><div class="battle-history"><small>It's not very effective...</small><br></div><div class="battle-history"><small>(Zygarde lost <abbr title="−75/358">20.9%</abbr> of its health!)</small><br></div><div class="battle-history"><small>Zygarde became trapped by swirling magma!</small><br></div><div class="spacer battle-history"><br></div><div class="battle-history"><small>Zygarde is hurt by Magma Storm!</small><br></div><div class="spacer battle-history"><br></div><h2 class="battle-history">Turn 9</h2><div class="spacer battle-history"><br></div><div class="battle-history">Zygarde used <strong>Thousand Arrows</strong>!<br></div><div class="battle-history"><small>It's super effective!</small><br></div><div class="battle-history"><small>(The opposing Heatran lost <abbr title="−386/386">100%</abbr> of its health!)</small><br></div><div class="spacer battle-history"><br></div><div class="battle-history">The opposing Heatran fainted!<br></div><div class="spacer battle-history"><br></div><div class="battle-history">No man's hax sent out <strong>Scizor</strong>!<br></div><div class="battle-history"><small>Pointed stones dug into the opposing Scizor!</small><br></div><div class="spacer battle-history"><br></div><h2 class="battle-history">Turn 10</h2><div class="spacer battle-history"><br></div><div class="battle-history">Zygarde, come back!<br></div><div class="battle-history">Go! <strong>Heatran</strong>!<br></div><div class="battle-history"><small>Pointed stones dug into Heatran!</small><br></div><div class="spacer battle-history"><br></div><div class="battle-history"><small>The opposing Scizor's Scizorite is reacting to the Key Stone!</small><br>The opposing Scizor has Mega Evolved into Mega Scizor!<br></div><div class="spacer battle-history"><br></div><div class="battle-history">The opposing Scizor used <strong>Curse</strong>!<br></div><div class="battle-history"><small>The opposing Scizor's Speed fell!</small><br></div><div class="battle-history"><small>The opposing Scizor's Attack rose!</small><br></div><div class="battle-history"><small>The opposing Scizor's Defense rose!</small><br></div><div class="spacer battle-history"><br></div><h2 class="battle-history">Turn 11</h2><div class="spacer battle-history"><br></div><div class="battle-history">No man's hax withdrew Scizor!<br></div><div class="battle-history">No man's hax sent out <strong>Zygarde</strong>!<br></div><div class="battle-history"><small>Pointed stones dug into the opposing Zygarde!</small><br></div><div class="battle-history"><small>[The opposing Zygarde's Aura Break]</small><br><small>The opposing Zygarde reversed all other Pokémon's auras!</small><br></div><div class="spacer battle-history"><br></div><div class="battle-history">Heatran used <strong>Flash Cannon</strong>!<br></div><div class="battle-history"><small>(The opposing Zygarde lost <abbr title="−154/357">43.1%</abbr> of its health!)</small><br></div><div class="spacer battle-history"><br></div><h2 class="battle-history">Turn 12</h2><div class="spacer battle-history"><br></div><div class="battle-history">No man's hax withdrew Zygarde!<br></div><div class="battle-history">No man's hax sent out Scizor (<strong>Scizor-Mega</strong>)!<br></div><div class="battle-history"><small>Pointed stones dug into the opposing Scizor!</small><br></div><div class="spacer battle-history"><br></div><div class="battle-history">Heatran, come back!<br></div><div class="battle-history">Go! <strong>Tangrowth</strong>!<br></div><div class="battle-history"><small>Pointed stones dug into Tangrowth!</small><br></div><div class="spacer battle-history"><br></div><h2 class="battle-history">Turn 13</h2><div class="spacer battle-history"><br></div><div class="battle-history">Tangrowth, come back!<br></div><div class="battle-history">Go! <strong>Alomomola</strong>!<br></div><div class="battle-history"><small>Pointed stones dug into Alomomola!</small><br></div><div class="spacer battle-history"><br></div><div class="battle-history">The opposing Scizor used <strong>Curse</strong>!<br></div><div class="battle-history"><small>The opposing Scizor's Speed fell!</small><br></div><div class="battle-history"><small>The opposing Scizor's Attack rose!</small><br></div><div class="battle-history"><small>The opposing Scizor's Defense rose!</small><br></div><div class="spacer battle-history"><br></div><div class="battle-history"><small>Alomomola restored a little HP using its Leftovers!</small><br></div><div class="spacer battle-history"><br></div><h2 class="battle-history">Turn 14</h2><div class="spacer battle-history"><br></div><div class="battle-history">Alomomola used <strong>Wish</strong>!<br></div><div class="spacer battle-history"><br></div><div class="battle-history">The opposing Scizor used <strong>Knock Off</strong>!<br></div><div class="battle-history"><small>(Alomomola lost <abbr title="−141/481">29.3%</abbr> of its health!)</small><br></div><div class="battle-history"><small>The opposing Scizor knocked off Alomomola's Leftovers!</small><br></div><div class="spacer battle-history"><br></div><h2 class="battle-history">Turn 15</h2><div class="spacer battle-history"><br></div><div class="battle-history">Alomomola used <strong>Scald</strong>!<br></div><div class="battle-history"><small>(The opposing Scizor lost <abbr title="−48/343">14.0%</abbr> of its health!)</small><br></div><div class="spacer battle-history"><br></div><div class="battle-history">The opposing Scizor used <strong>Knock Off</strong>!<br></div><div class="battle-history"><small>(Alomomola lost <abbr title="−88/481">18.3%</abbr> of its health!)</small><br></div><div class="spacer battle-history"><br></div><div class="battle-history"><small>Alomomola's wish came true!</small><br></div><div class="spacer battle-history"><br></div><h2 class="battle-history">Turn 16</h2><div class="spacer battle-history"><br></div><div class="battle-history">Alomomola used <strong>Scald</strong>!<br></div><div class="battle-history"><small>(The opposing Scizor lost <abbr title="−43/343">12.5%</abbr> of its health!)</small><br></div><div class="battle-history"><small>The opposing Scizor was burned!</small><br></div><div class="spacer battle-history"><br></div><div class="battle-history">The opposing Scizor used <strong>Roost</strong>!<br></div><div class="battle-history"><small>The opposing Scizor restored its HP.</small><br></div><div class="spacer battle-history"><br></div><div class="battle-history"><small>The opposing Scizor was hurt by its burn!</small><br></div><div class="spacer battle-history"><br></div><h2 class="battle-history">Turn 17</h2><div class="chat chatmessage-nomanshax"><strong style="color:hsl(105,82%,35%)"><small>☆</small><span class="username" data-name="No man's hax">No man's hax</span>:</strong> <em>bueno, ya vi un problema</em></div><div class="chat chatmessage-nomanshax"><strong style="color:hsl(105,82%,35%)"><small>☆</small><span class="username" data-name="No man's hax">No man's hax</span>:</strong> <em>gg</em></div><div class="spacer battle-history"><br></div><div class="battle-history"><small>No man's hax se rindió.</small><br></div><div class="spacer battle-history"><br></div><div class="battle-history"><strong>Gеrard Way</strong> won the battle!<br></div><div class="chat chatmessage-grardway"><strong style="color:hsl(23,56%,44%)"><small>☆</small><span class="username" data-name="Gеrard Way">Gеrard Way</span>:</strong> <em>gg</em></div></div><div class="inner-preempt"></div></div></div>
</div>
<script>
let daily = Math.floor(Date.now()/1000/60/60/24);document.write('<script src="https://play.pokemonshowdown.com/js/replay-embed.js?version'+daily+'"></'+'script>');
</script>
