<!DOCTYPE html>
<meta charset="utf-8" />
<!-- version 1 -->
<title>OU replay: Komaro vs. Sangrīa Winē'</title>
<style>
html,body {font-family:Verdana, sans-serif;font-size:10pt;margin:0;padding:0;}body{padding:12px 0;} .battle-log {font-family:Verdana, sans-serif;font-size:10pt;} .battle-log-inline {border:1px solid #AAAAAA;background:#EEF2F5;color:black;max-width:640px;margin:0 auto 80px;padding-bottom:5px;} .battle-log .inner {padding:4px 8px 0px 8px;} .battle-log .inner-preempt {padding:0 8px 4px 8px;} .battle-log .inner-after {margin-top:0.5em;} .battle-log h2 {margin:0.5em -8px;padding:4px 8px;border:1px solid #AAAAAA;background:#E0E7EA;border-left:0;border-right:0;font-family:Verdana, sans-serif;font-size:13pt;} .battle-log .chat {vertical-align:middle;padding:3px 0 3px 0;font-size:8pt;} .battle-log .chat strong {color:#40576A;} .battle-log .chat em {padding:1px 4px 1px 3px;color:#000000;font-style:normal;} .chat.mine {background:rgba(0,0,0,0.05);margin-left:-8px;margin-right:-8px;padding-left:8px;padding-right:8px;} .spoiler {color:#BBBBBB;background:#BBBBBB;padding:0px 3px;} .spoiler:hover, .spoiler:active, .spoiler-shown {color:#000000;background:#E2E2E2;padding:0px 3px;} .spoiler a {color:#BBBBBB;} .spoiler:hover a, .spoiler:active a, .spoiler-shown a {color:#2288CC;} .chat code, .chat .spoiler:hover code, .chat .spoiler:active code, .chat .spoiler-shown code {border:1px solid #C0C0C0;background:#EEEEEE;color:black;padding:0 2px;} .chat .spoiler code {border:1px solid #CCCCCC;background:#CCCCCC;color:#CCCCCC;} .battle-log .rated {padding:3px 4px;} .battle-log .rated strong {color:white;background:#89A;padding:1px 4px;border-radius:4px;} .spacer {margin-top:0.5em;} .message-announce {background:#6688AA;color:white;padding:1px 4px 2px;} .message-announce a, .broadcast-green a, .broadcast-blue a, .broadcast-red a {color:#DDEEFF;} .broadcast-green {background-color:#559955;color:white;padding:2px 4px;} .broadcast-blue {background-color:#6688AA;color:white;padding:2px 4px;} .infobox {border:1px solid #6688AA;padding:2px 4px;} .infobox-limited {max-height:200px;overflow:auto;overflow-x:hidden;} .broadcast-red {background-color:#AA5544;color:white;padding:2px 4px;} .message-learn-canlearn {font-weight:bold;color:#228822;text-decoration:underline;} .message-learn-cannotlearn {font-weight:bold;color:#CC2222;text-decoration:underline;} .message-effect-weak {font-weight:bold;color:#CC2222;} .message-effect-resist {font-weight:bold;color:#6688AA;} .message-effect-immune {font-weight:bold;color:#666666;} .message-learn-list {margin-top:0;margin-bottom:0;} .message-throttle-notice, .message-error {color:#992222;} .message-overflow, .chat small.message-overflow {font-size:0pt;} .message-overflow::before {font-size:9pt;content:'...';} .subtle {color:#3A4A66;}
</style>
<div class="wrapper replay-wrapper" style="max-width:1180px;margin:0 auto">
<input type="hidden" name="replayid" value="destiny-ou-410968" />
<div class="battle"></div><div class="battle-log"></div><div class="replay-controls"></div><div class="replay-controls-2"></div>
<h1 style="font-weight:normal;text-align:center"><strong>OU</strong><br /><a href="http://pokemonshowdown.com/users/komaro" class="subtle" target="_blank">Komaro</a> vs. <a href="http://pokemonshowdown.com/users/sangrawin" class="subtle" target="_blank">Sangrīa Winē'</a></h1>
<script type="text/plain" class="battle-log-data">|unlink|||tour
|player|p1|Komaro|komaro-2.gif?d208a3f3
|teamsize|p1|6
|player|p2|Sangrīa Winē'|sangrawin-2.gif?b322524f
|teamsize|p2|6
|teamsize|p1|6
|teamsize|p2|6
|gametype|singles
|gen|7
|tier|OU
|seed|44925,14607,24395,6162
|rule|Cláusula-Mod de Dormir: solo puedes dormir a uno de tus oponentes a la vez.
|rule|Cláusula de Especie: Hasta un Pokémon de cada especie
|rule|Cláusula de Golpe Fulminante: los movimientos fulminantes (OHKO) estan prohibidos
|rule|Cláusula de Veleta: la habilidad Veleta está prohibida
|rule|Cláusula de Movimientos Evasivos: los movimientos de Evasión están prohibidos.
|rule|Cláusula de Batallas Eternas: forzar batallas eternas está prohibido
|clearpoke
|poke|p1|Garchomp, M|item
|poke|p1|Tapu Bulu|item
|poke|p1|Scizor, F|item
|poke|p1|Toxapex, M|item
|poke|p1|Zapdos|item
|poke|p1|Magearna|item
|poke|p2|Latios, M|item
|poke|p2|Celesteela|item
|poke|p2|Gastrodon, M|item
|poke|p2|Lopunny, M|item
|poke|p2|Tangrowth, M|item
|poke|p2|Weavile, M|item
|teampreview|undefined
|choice|*team 321456|*
|choice|*|*team 123456
|choice|team 3, 2, 1, 4, 5, 6|team 1, 2, 3, 4, 5, 6
|
|start
|switch|p1a: Scizor|Scizor, F|343\/343
|switch|p2a: Latios|Latios, M|301\/301
|turn|1
|choice|*|*switch 2
|choice|*move 4 mega|*
|choice|move uturn mega|switch 2
|
|switch|p2a: Celesteela|Celesteela|397\/397
|-mega|p1a: Scizor|Scizor|Scizorite
|detailschange|p1a: Scizor|Scizor-Mega, F
|move|p1a: Scizor|U-turn|p2a: Celesteela
|-resisted|p2a: Celesteela
|-damage|p2a: Celesteela|373\/397
|choice|*switch 5|*
|choice|switch 5|
|
|switch|p1a: Zapdos|Zapdos|383\/383|[from]move: U-turn
|
|-heal|p2a: Celesteela|397\/397|[from] item: Leftovers
|upkeep
|turn|2
|choice|*|*switch 3
|choice|*switch 2|*
|choice|switch 2|switch 3
|
|switch|p1a: Tapu Bulu|Tapu Bulu|322\/322
|-fieldstart|move: Grassy Terrain|[from] ability: Grassy Surge|[of] p1a: Tapu Bulu
|switch|p2a: Gastrodon|Gastrodon, M|400\/400
|
|upkeep
|turn|3
|choice|*|*switch 3
|choice|*move 2|*
|choice|move substitute|switch 3
|
|switch|p2a: Celesteela|Celesteela|397\/397
|move|p1a: Tapu Bulu|Substitute|p1a: Tapu Bulu
|-start|p1a: Tapu Bulu|Substitute
|-damage|p1a: Tapu Bulu|242\/322
|
|-heal|p1a: Tapu Bulu|262\/322|[from] item: Leftovers
|-heal|p1a: Tapu Bulu|282\/322|[from] Grassy Terrain
|upkeep
|turn|4
|choice|*|*move 3
|choice|*move 3|*
|choice|move naturesmadness|move heavyslam
|
|move|p1a: Tapu Bulu|Nature's Madness|p2a: Celesteela
|-damage|p2a: Celesteela|199\/397
|move|p2a: Celesteela|Heavy Slam|p1a: Tapu Bulu
|-supereffective|p1a: Tapu Bulu
|-end|p1a: Tapu Bulu|Substitute
|
|-heal|p1a: Tapu Bulu|302\/322|[from] item: Leftovers
|-heal|p1a: Tapu Bulu|322\/322|[from] Grassy Terrain
|-heal|p2a: Celesteela|223\/397|[from] item: Leftovers
|upkeep
|turn|5
|choice|*|*move 4
|choice|*switch 2|*
|choice|switch 2|move flamethrower
|
|switch|p1a: Zapdos|Zapdos|383\/383
|move|p2a: Celesteela|Flamethrower|p1a: Zapdos
|-damage|p1a: Zapdos|301\/383
|
|-heal|p1a: Zapdos|324\/383|[from] item: Leftovers
|-heal|p2a: Celesteela|247\/397|[from] item: Leftovers
|upkeep
|turn|6
|choice|*|*move 2
|choice|*switch 4|*
|choice|switch 4|move protect
|
|switch|p1a: Toxapex|Toxapex, M|304\/304
|move|p2a: Celesteela|Protect|p2a: Celesteela
|-fail|p2a: Celesteela
|
|-heal|p2a: Celesteela|271\/397|[from] item: Leftovers
|-fieldend|move: Grassy Terrain
|upkeep
|turn|7
|choice|*|*switch 2
|choice|*move 3|*
|choice|move toxicspikes|switch 2
|
|switch|p2a: Latios|Latios, M|301\/301
|move|p1a: Toxapex|Toxic Spikes|p2a: Latios
|-sidestart|p2: Sangrīa Winē'|move: Toxic Spikes
|
|upkeep
|turn|8
|choice|*|*move 3
|choice|*switch 5|*
|choice|switch 5|move psychic
|
|switch|p1a: Scizor|Scizor-Mega, F|343\/343
|move|p2a: Latios|Psychic|p1a: Scizor
|-resisted|p1a: Scizor
|-damage|p1a: Scizor|266\/343
|
|upkeep
|turn|9
|choice|*|*move 4
|choice|*move 4|*
|choice|move uturn|move hiddenpower
|
|move|p2a: Latios|Hidden Power|p1a: Scizor
|-supereffective|p1a: Scizor
|-damage|p1a: Scizor|30\/343
|move|p1a: Scizor|U-turn|p2a: Latios
|-supereffective|p2a: Latios
|-damage|p2a: Latios|37\/301
|choice|*switch 6|*
|choice|switch 6|
|
|switch|p1a: Magearna|Magearna|351\/351|[from]move: U-turn
|
|upkeep
|turn|10
|choice|*move 4|*
|choice|*|*switch 2
|choice|move icebeam|switch 2
|
|switch|p2a: Celesteela|Celesteela|271\/397
|move|p1a: Magearna|Ice Beam|p2a: Celesteela
|-damage|p2a: Celesteela|162\/397
|
|-heal|p2a: Celesteela|186\/397|[from] item: Leftovers
|upkeep
|turn|11
|choice|*move 1|*
|choice|*|*move 1
|choice|move calmmind|move leechseed
|
|move|p1a: Magearna|Calm Mind|p1a: Magearna
|-boost|p1a: Magearna|spa|1
|-boost|p1a: Magearna|spd|1
|move|p2a: Celesteela|Leech Seed|p1a: Magearna
|-start|p1a: Magearna|move: Leech Seed
|
|-heal|p2a: Celesteela|210\/397|[from] item: Leftovers
|-damage|p1a: Magearna|308\/351|[from] Leech Seed|[of] p2a: Celesteela
|-heal|p2a: Celesteela|253\/397|[silent]
|upkeep
|turn|12
|choice|*move 2|*
|choice|*|*switch 3
|choice|move shiftgear|switch 3
|
|switch|p2a: Gastrodon|Gastrodon, M|400\/400
|-status|p2a: Gastrodon|psn
|move|p1a: Magearna|Shift Gear|p1a: Magearna
|-boost|p1a: Magearna|spe|2
|-boost|p1a: Magearna|atk|1
|
|-damage|p1a: Magearna|265\/351|[from] Leech Seed|[of] p2a: Gastrodon
|-damage|p2a: Gastrodon|350\/400 psn|[from] psn
|upkeep
|turn|13
|choice|*move 4|*
|choice|*|*move 1
|choice|move icebeam|move earthquake
|
|move|p1a: Magearna|Ice Beam|p2a: Gastrodon
|-damage|p2a: Gastrodon|212\/400 psn
|move|p2a: Gastrodon|Earthquake|p1a: Magearna
|-supereffective|p1a: Magearna
|-damage|p1a: Magearna|89\/351
|
|-heal|p2a: Gastrodon|237\/400 psn|[from] item: Leftovers
|-damage|p1a: Magearna|46\/351|[from] Leech Seed|[of] p2a: Gastrodon
|-heal|p2a: Gastrodon|280\/400 psn|[silent]
|-damage|p2a: Gastrodon|230\/400 psn|[from] psn
|upkeep
|turn|14
|choice|*|*move 4
|choice|*switch 4|*
|choice|switch 4|move recover
|
|switch|p1a: Zapdos|Zapdos|324\/383
|move|p2a: Gastrodon|Recover|p2a: Gastrodon
|-heal|p2a: Gastrodon|400\/400 psn
|
|-heal|p1a: Zapdos|347\/383|[from] item: Leftovers
|-damage|p2a: Gastrodon|350\/400 psn|[from] psn
|upkeep
|turn|15
|choice|*|*move 3
|choice|*switch 5|*
|choice|switch 5|move toxic
|
|switch|p1a: Toxapex|Toxapex, M|304\/304
|move|p2a: Gastrodon|Toxic|p1a: Toxapex
|-immune|p1a: Toxapex|[msg]
|
|-heal|p2a: Gastrodon|375\/400 psn|[from] item: Leftovers
|-damage|p2a: Gastrodon|325\/400 psn|[from] psn
|upkeep
|turn|16
|choice|*|*move 2
|choice|*move 3|*
|choice|move toxicspikes|move scald
|
|move|p1a: Toxapex|Toxic Spikes|p2a: Gastrodon
|-sidestart|p2: Sangrīa Winē'|move: Toxic Spikes
|move|p2a: Gastrodon|Scald|p1a: Toxapex
|-resisted|p1a: Toxapex
|-damage|p1a: Toxapex|275\/304
|
|-heal|p1a: Toxapex|294\/304|[from] item: Black Sludge
|-heal|p2a: Gastrodon|350\/400 psn|[from] item: Leftovers
|-damage|p2a: Gastrodon|300\/400 psn|[from] psn
|upkeep
|turn|17
|choice|*|*move 2
|choice|*|*move 4
|choice|*|*move 3
|choice|*move 1|*
|choice|move scald|move toxic
|
|move|p1a: Toxapex|Scald|p2a: Gastrodon
|-ability|p2a: Gastrodon|Storm Drain|boost
|-boost|p2a: Gastrodon|spa|1
|move|p2a: Gastrodon|Toxic|p1a: Toxapex
|-immune|p1a: Toxapex|[msg]
|
|-heal|p1a: Toxapex|304\/304|[from] item: Black Sludge
|-heal|p2a: Gastrodon|325\/400 psn|[from] item: Leftovers
|-damage|p2a: Gastrodon|275\/400 psn|[from] psn
|upkeep
|turn|18
|choice|*|*move 3
|choice|*switch 5|*
|choice|switch 5|move toxic
|
|switch|p1a: Zapdos|Zapdos|347\/383
|move|p2a: Gastrodon|Toxic|p1a: Zapdos
|-status|p1a: Zapdos|tox
|
|-heal|p1a: Zapdos|370\/383 tox|[from] item: Leftovers
|-heal|p2a: Gastrodon|300\/400 psn|[from] item: Leftovers
|-damage|p1a: Zapdos|347\/383 tox|[from] psn
|-damage|p2a: Gastrodon|250\/400 psn|[from] psn
|upkeep
|turn|19
|choice|*|*move 4
|choice|*switch 2|*
|choice|switch 2|move recover
|
|switch|p1a: Tapu Bulu|Tapu Bulu|322\/322
|-fieldstart|move: Grassy Terrain|[from] ability: Grassy Surge|[of] p1a: Tapu Bulu
|move|p2a: Gastrodon|Recover|p2a: Gastrodon
|-heal|p2a: Gastrodon|400\/400 psn
|
|-damage|p2a: Gastrodon|350\/400 psn|[from] psn
|upkeep
|turn|20
|choice|*|*switch 3
|choice|*move 1|*
|choice|move leechseed|switch 3
|
|switch|p2a: Celesteela|Celesteela|253\/397
|move|p1a: Tapu Bulu|Leech Seed|p2a: Celesteela
|-start|p2a: Celesteela|move: Leech Seed
|
|-heal|p2a: Celesteela|277\/397|[from] item: Leftovers
|-damage|p2a: Celesteela|228\/397|[from] Leech Seed|[of] p1a: Tapu Bulu
|upkeep
|turn|21
|choice|*move 2|*
|choice|*|*move 3
|choice|move substitute|move heavyslam
|
|move|p1a: Tapu Bulu|Substitute|p1a: Tapu Bulu
|-start|p1a: Tapu Bulu|Substitute
|-damage|p1a: Tapu Bulu|242\/322
|move|p2a: Celesteela|Heavy Slam|p1a: Tapu Bulu
|-supereffective|p1a: Tapu Bulu
|-end|p1a: Tapu Bulu|Substitute
|
|-heal|p1a: Tapu Bulu|262\/322|[from] item: Leftovers
|-heal|p1a: Tapu Bulu|282\/322|[from] Grassy Terrain
|-heal|p2a: Celesteela|252\/397|[from] item: Leftovers
|-damage|p2a: Celesteela|203\/397|[from] Leech Seed|[of] p1a: Tapu Bulu
|-heal|p1a: Tapu Bulu|322\/322|[silent]
|upkeep
|turn|22
|choice|*|*switch 2
|choice|*|*switch 2
|choice|*move 2|*
|choice|move substitute|switch 2
|
|switch|p2a: Latios|Latios, M|37\/301
|move|p1a: Tapu Bulu|Substitute|p1a: Tapu Bulu
|-start|p1a: Tapu Bulu|Substitute
|-damage|p1a: Tapu Bulu|242\/322
|
|-heal|p1a: Tapu Bulu|262\/322|[from] item: Leftovers
|-heal|p1a: Tapu Bulu|282\/322|[from] Grassy Terrain
|upkeep
|turn|23
|choice|*|*move 2
|choice|*move 1|*
|choice|move leechseed|move recover
|
|move|p2a: Latios|Recover|p2a: Latios
|-heal|p2a: Latios|188\/301
|move|p1a: Tapu Bulu|Leech Seed|p2a: Latios
|-start|p2a: Latios|move: Leech Seed
|
|-heal|p1a: Tapu Bulu|302\/322|[from] item: Leftovers
|-heal|p1a: Tapu Bulu|322\/322|[from] Grassy Terrain
|-fieldend|move: Grassy Terrain
|-damage|p2a: Latios|151\/301|[from] Leech Seed|[of] p1a: Tapu Bulu
|upkeep
|turn|24
|choice|*move 3|*
|choice|*|*move 2
|choice|move naturesmadness|move recover
|
|move|p2a: Latios|Recover|p2a: Latios
|-heal|p2a: Latios|301\/301
|move|p1a: Tapu Bulu|Nature's Madness|p2a: Latios
|-damage|p2a: Latios|151\/301
|
|-damage|p2a: Latios|114\/301|[from] Leech Seed|[of] p1a: Tapu Bulu
|upkeep
|turn|25
|choice|*|*move 1
|choice|*move 3|*
|choice|move naturesmadness|move defog
|
|move|p2a: Latios|Defog|p1a: Tapu Bulu
|-sideend|p2: Sangrīa Winē'|Toxic Spikes|[from] move: Defog|[of] p2a: Latios
|move|p1a: Tapu Bulu|Nature's Madness|p2a: Latios
|-damage|p2a: Latios|57\/301
|
|-damage|p2a: Latios|20\/301|[from] Leech Seed|[of] p1a: Tapu Bulu
|upkeep
|turn|26
|choice|*switch 6|*
|choice|*|*switch 5
|choice|switch 6|switch 5
|
|switch|p2a: Tangrowth|Tangrowth, M|404\/404
|switch|p1a: Scizor|Scizor-Mega, F|30\/343
|
|upkeep
|turn|27
|choice|*move 3|*
|choice|*|*switch 2
|choice|move roost|switch 2
|
|switch|p2a: Celesteela|Celesteela|203\/397
|move|p1a: Scizor|Roost|p1a: Scizor
|-heal|p1a: Scizor|202\/343
|
|-heal|p2a: Celesteela|227\/397|[from] item: Leftovers
|upkeep
|turn|28
|choice|*|*move 1
|choice|*switch 2|*
|choice|switch 2|move leechseed
|
|switch|p1a: Zapdos|Zapdos|347\/383 tox
|move|p2a: Celesteela|Leech Seed|p1a: Zapdos|[miss]
|-miss|p2a: Celesteela|p1a: Zapdos
|
|-heal|p1a: Zapdos|370\/383 tox|[from] item: Leftovers
|-heal|p2a: Celesteela|251\/397|[from] item: Leftovers
|-damage|p1a: Zapdos|347\/383 tox|[from] psn
|upkeep
|turn|29
|choice|*move 3|*
|choice|*|*move 2
|choice|*move 1|*
|choice|move discharge|move protect
|
|move|p2a: Celesteela|Protect|p2a: Celesteela
|-singleturn|p2a: Celesteela|Protect
|move|p1a: Zapdos|Discharge|p2a: Celesteela
|-activate|p2a: Celesteela|move: Protect
|
|-heal|p1a: Zapdos|370\/383 tox|[from] item: Leftovers
|-heal|p2a: Celesteela|275\/397|[from] item: Leftovers
|-damage|p1a: Zapdos|324\/383 tox|[from] psn
|upkeep
|turn|30
|choice|*move 1|*
|choice|*|*switch 3
|choice|*move 1|*
|choice|move discharge|switch 3
|
|switch|p2a: Gastrodon|Gastrodon, M|350\/400 psn
|move|p1a: Zapdos|Discharge|p2a: Gastrodon
|-immune|p2a: Gastrodon|[msg]
|
|-heal|p1a: Zapdos|347\/383 tox|[from] item: Leftovers
|-heal|p2a: Gastrodon|375\/400 psn|[from] item: Leftovers
|-damage|p1a: Zapdos|278\/383 tox|[from] psn
|-damage|p2a: Gastrodon|325\/400 psn|[from] psn
|upkeep
|turn|31
|choice|*switch 5|*
|choice|*|*switch 5
|choice|switch 5|switch 5
|
|switch|p1a: Toxapex|Toxapex, M|304\/304
|switch|p2a: Latios|Latios, M|20\/301
|
|upkeep
|turn|32
|choice|*|*move 2
|choice|*move 1|*
|choice|move scald|move recover
|
|move|p2a: Latios|Recover|p2a: Latios
|-heal|p2a: Latios|171\/301
|move|p1a: Toxapex|Scald|p2a: Latios
|-resisted|p2a: Latios
|-damage|p2a: Latios|144\/301
|
|upkeep
|turn|33
|choice|*|*move 2
|choice|*move 1|*
|choice|move scald|move recover
|
|move|p2a: Latios|Recover|p2a: Latios
|-heal|p2a: Latios|295\/301
|move|p1a: Toxapex|Scald|p2a: Latios
|-resisted|p2a: Latios
|-damage|p2a: Latios|268\/301
|
|upkeep
|turn|34
|choice|*|*move 3
|choice|*move 3|*
|choice|move toxicspikes|move psychic
|
|move|p2a: Latios|Psychic|p1a: Toxapex
|-supereffective|p1a: Toxapex
|-damage|p1a: Toxapex|40\/304
|move|p1a: Toxapex|Toxic Spikes|p2a: Latios
|-sidestart|p2: Sangrīa Winē'|move: Toxic Spikes
|
|-heal|p1a: Toxapex|59\/304|[from] item: Black Sludge
|upkeep
|turn|35
|choice|*move 3|*
|choice|*|*move 3
|choice|*move 3|*
|choice|move toxicspikes|move psychic
|
|move|p2a: Latios|Psychic|p1a: Toxapex
|-supereffective|p1a: Toxapex
|-damage|p1a: Toxapex|0 fnt
|faint|p1a: Toxapex
|
|upkeep
|choice|*switch 3|*
|choice|switch 3|
|
|switch|p1a: Garchomp|Garchomp, M|358\/358
|turn|36
|choice|*move 2|*
|choice|*|*switch 3
|choice|move outrage|switch 3
|
|switch|p2a: Celesteela|Celesteela|275\/397
|move|p1a: Garchomp|Outrage|p2a: Celesteela
|-resisted|p2a: Celesteela
|-damage|p2a: Celesteela|187\/397
|
|-heal|p2a: Celesteela|211\/397|[from] item: Leftovers
|upkeep
|turn|37
|choice|*move 1|*
|choice|*|*move 1
|choice|move outrage|move leechseed
|
|move|p1a: Garchomp|Outrage|p2a: Celesteela|[from]lockedmove
|-resisted|p2a: Celesteela
|-damage|p2a: Celesteela|125\/397
|-start|p1a: Garchomp|confusion|[fatigue]
|move|p2a: Celesteela|Leech Seed|p1a: Garchomp
|-start|p1a: Garchomp|move: Leech Seed
|
|-heal|p2a: Celesteela|149\/397|[from] item: Leftovers
|-damage|p1a: Garchomp|314\/358|[from] Leech Seed|[of] p2a: Celesteela
|-heal|p2a: Celesteela|193\/397|[silent]
|upkeep
|turn|38
|choice|*switch 4|*
|choice|*|*move 4
|choice|switch 4|move flamethrower
|
|switch|p1a: Magearna|Magearna|46\/351
|move|p2a: Celesteela|Flamethrower|p1a: Magearna
|-supereffective|p1a: Magearna
|-damage|p1a: Magearna|0 fnt
|faint|p1a: Magearna
|-ability|p2a: Celesteela|Beast Boost|boost
|-boost|p2a: Celesteela|def|1
|
|-heal|p2a: Celesteela|217\/397|[from] item: Leftovers
|upkeep
|choice|*switch 5|*
|choice|switch 5|
|
|switch|p1a: Zapdos|Zapdos|278\/383 tox
|turn|39
|choice|*move 2|*
|choice|*|*switch 3
|choice|move roost|switch 3
|
|switch|p2a: Latios|Latios, M|268\/301
|move|p1a: Zapdos|Roost|p1a: Zapdos
|-heal|p1a: Zapdos|383\/383 tox
|
|-damage|p1a: Zapdos|360\/383 tox|[from] psn
|upkeep
|turn|40
|choice|*move 1|*
|choice|*|*move 3
|choice|move discharge|move psychic
|
|move|p2a: Latios|Psychic|p1a: Zapdos
|-damage|p1a: Zapdos|165\/383 tox
|move|p1a: Zapdos|Discharge|p2a: Latios
|-resisted|p2a: Latios
|-damage|p2a: Latios|213\/301
|
|-heal|p1a: Zapdos|188\/383 tox|[from] item: Leftovers
|-damage|p1a: Zapdos|142\/383 tox|[from] psn
|upkeep
|turn|41
|choice|*|*move 1
|choice|*move 1|*
|choice|move discharge|move defog
|
|move|p2a: Latios|Defog|p1a: Zapdos
|-unboost|p1a: Zapdos|evasion|1
|-sideend|p2: Sangrīa Winē'|Toxic Spikes|[from] move: Defog|[of] p2a: Latios
|move|p1a: Zapdos|Discharge|p2a: Latios
|-resisted|p2a: Latios
|-damage|p2a: Latios|162\/301
|
|-heal|p1a: Zapdos|165\/383 tox|[from] item: Leftovers
|-damage|p1a: Zapdos|96\/383 tox|[from] psn
|upkeep
|turn|42
|choice|*|*move 3
|choice|*switch 4|*
|choice|switch 4|move psychic
|
|switch|p1a: Garchomp|Garchomp, M|314\/358
|move|p2a: Latios|Psychic|p1a: Garchomp
|-damage|p1a: Garchomp|80\/358
|
|upkeep
|turn|43
|choice|*move 4|*
|choice|*|*switch 3
|choice|move fireblast|switch 3
|
|switch|p2a: Celesteela|Celesteela|217\/397
|move|p1a: Garchomp|Fire Blast|p2a: Celesteela
|-supereffective|p2a: Celesteela
|-damage|p2a: Celesteela|109\/397
|
|-heal|p2a: Celesteela|133\/397|[from] item: Leftovers
|upkeep
|turn|44
|choice|*|*switch 3
|choice|*move 4|*
|choice|move fireblast|switch 3
|
|switch|p2a: Latios|Latios, M|162\/301
|move|p1a: Garchomp|Fire Blast|p2a: Latios
|-resisted|p2a: Latios
|-damage|p2a: Latios|132\/301
|
|upkeep
|turn|45
|choice|*|*move 2
|choice|*switch 4|*
|choice|switch 4|move recover
|
|switch|p1a: Zapdos|Zapdos|96\/383 tox
|move|p2a: Latios|Recover|p2a: Latios
|-heal|p2a: Latios|283\/301
|
|-heal|p1a: Zapdos|119\/383 tox|[from] item: Leftovers
|-damage|p1a: Zapdos|96\/383 tox|[from] psn
|upkeep
|turn|46
|choice|*move 1|*
|choice|*|*move 3
|choice|move discharge|move psychic
|
|move|p2a: Latios|Psychic|p1a: Zapdos
|-damage|p1a: Zapdos|0 fnt
|faint|p1a: Zapdos
|
|upkeep
|choice|*switch 6|*
|choice|switch 6|
|
|switch|p1a: Tapu Bulu|Tapu Bulu|322\/322
|-fieldstart|move: Grassy Terrain|[from] ability: Grassy Surge|[of] p1a: Tapu Bulu
|turn|47
|choice|*move 1|*
|choice|*|*move 3
|choice|move leechseed|move psychic
|
|move|p2a: Latios|Psychic|p1a: Tapu Bulu
|-damage|p1a: Tapu Bulu|108\/322
|move|p1a: Tapu Bulu|Leech Seed|p2a: Latios
|-start|p2a: Latios|move: Leech Seed
|
|-heal|p1a: Tapu Bulu|128\/322|[from] item: Leftovers
|-heal|p1a: Tapu Bulu|148\/322|[from] Grassy Terrain
|-damage|p2a: Latios|246\/301|[from] Leech Seed|[of] p1a: Tapu Bulu
|-heal|p1a: Tapu Bulu|185\/322|[silent]
|upkeep
|turn|48
|choice|*move 2|*
|choice|*|*move 3
|choice|move substitute|move psychic
|
|move|p2a: Latios|Psychic|p1a: Tapu Bulu
|-damage|p1a: Tapu Bulu|0 fnt
|faint|p1a: Tapu Bulu
|
|upkeep
|-message|Komaro se rindió.
|
|win|Sangrīa Winē'
</script>
</div>
<div class="battle-log battle-log-inline"><div class="inner"><div class="battle-options"></div><div class="inner"><div class=""><small>Format:</small> <br><strong>OU</strong></div><div class=""><small><em>Cláusula-Mod de Dormir:</em> solo puedes dormir a uno de tus oponentes a la vez.</small></div><div class=""><small><em>Cláusula de Especie:</em> Hasta un Pokémon de cada especie</small></div><div class=""><small><em>Cláusula de Golpe Fulminante:</em> los movimientos fulminantes (OHKO) estan prohibidos</small></div><div class=""><small><em>Cláusula de Veleta:</em> la habilidad Veleta está prohibida</small></div><div class=""><small><em>Cláusula de Movimientos Evasivos:</em> los movimientos de Evasión están prohibidos.</small></div><div class=""><small><em>Cláusula de Batallas Eternas:</em> forzar batallas eternas está prohibido</small></div><div class="chat battle-history"><strong>Komaro's team:</strong> <em style="color:#445566;display:block;">Garchomp / Tapu Bulu / Scizor / Toxapex / Zapdos / Magearna</em></div><div class="chat battle-history"><strong>Sangrīa Winē''s team:</strong> <em style="color:#445566;display:block;">Latios / Celesteela / Gastrodon / Lopunny / Tangrowth / Weavile</em></div><div class="spacer battle-history"><br></div><div class="battle-history">Battle started between Komaro and Sangrīa Winē'!<br></div><div class="spacer battle-history"><br></div><div class="battle-history">Go! <strong>Scizor</strong>!<br></div><div class="spacer battle-history"><br></div><div class="battle-history">Sangrīa Winē' sent out <strong>Latios</strong>!<br></div><div class="spacer battle-history"><br></div><h2 class="battle-history">Turn 1</h2><div class="spacer battle-history"><br></div><div class="battle-history">Sangrīa Winē' withdrew Latios!<br></div><div class="battle-history">Sangrīa Winē' sent out <strong>Celesteela</strong>!<br></div><div class="spacer battle-history"><br></div><div class="battle-history"><small>Scizor's Scizorite is reacting to the Key Stone!</small><br>Scizor has Mega Evolved into Mega Scizor!<br></div><div class="spacer battle-history"><br></div><div class="battle-history">Scizor used <strong>U-turn</strong>!<br></div><div class="battle-history"><small>It's not very effective...</small><br></div><div class="battle-history"><small>(The opposing Celesteela lost <abbr title="−24/397">6.0%</abbr> of its health!)</small><br></div><div class="spacer battle-history"><br></div><div class="battle-history">Scizor went back to Komaro!<br></div><div class="battle-history">Go! <strong>Zapdos</strong>!<br></div><div class="spacer battle-history"><br></div><div class="battle-history"><small>The opposing Celesteela restored a little HP using its Leftovers!</small><br></div><div class="spacer battle-history"><br></div><h2 class="battle-history">Turn 2</h2><div class="spacer battle-history"><br></div><div class="battle-history">Zapdos, come back!<br></div><div class="battle-history">Go! <strong>Tapu Bulu</strong>!<br></div><div class="battle-history"><small>[Tapu Bulu's Grassy Surge]</small><br><small>Grass grew to cover the battlefield!</small><br></div><div class="spacer battle-history"><br></div><div class="battle-history">Sangrīa Winē' withdrew Celesteela!<br></div><div class="battle-history">Sangrīa Winē' sent out <strong>Gastrodon</strong>!<br></div><div class="spacer battle-history"><br></div><h2 class="battle-history">Turn 3</h2><div class="spacer battle-history"><br></div><div class="battle-history">Sangrīa Winē' withdrew Gastrodon!<br></div><div class="battle-history">Sangrīa Winē' sent out <strong>Celesteela</strong>!<br></div><div class="spacer battle-history"><br></div><div class="battle-history">Tapu Bulu used <strong>Substitute</strong>!<br></div><div class="battle-history"><small>Tapu Bulu put in a substitute!</small><br></div><div class="battle-history"><small>(Tapu Bulu lost <abbr title="−80/322">24.8%</abbr> of its health!)</small><br></div><div class="spacer battle-history"><br></div><div class="battle-history"><small>Tapu Bulu restored a little HP using its Leftovers!</small><br></div><div class="battle-history"><small>Tapu Bulu restored HP using its Grassy Terrain!</small><br></div><div class="spacer battle-history"><br></div><h2 class="battle-history">Turn 4</h2><div class="spacer battle-history"><br></div><div class="battle-history">Tapu Bulu used <strong>Nature's Madness</strong>!<br></div><div class="battle-history"><small>(The opposing Celesteela lost <abbr title="−198/397">49.9%</abbr> of its health!)</small><br></div><div class="spacer battle-history"><br></div><div class="battle-history">The opposing Celesteela used <strong>Heavy Slam</strong>!<br></div><div class="battle-history"><small>It's super effective!</small><br></div><div class="battle-history"><small>Tapu Bulu's substitute faded!</small><br></div><div class="spacer battle-history"><br></div><div class="battle-history"><small>Tapu Bulu restored a little HP using its Leftovers!</small><br></div><div class="battle-history"><small>Tapu Bulu restored HP using its Grassy Terrain!</small><br></div><div class="battle-history"><small>The opposing Celesteela restored a little HP using its Leftovers!</small><br></div><div class="spacer battle-history"><br></div><h2 class="battle-history">Turn 5</h2><div class="spacer battle-history"><br></div><div class="battle-history">Tapu Bulu, come back!<br></div><div class="battle-history">Go! <strong>Zapdos</strong>!<br></div><div class="spacer battle-history"><br></div><div class="battle-history">The opposing Celesteela used <strong>Flamethrower</strong>!<br></div><div class="battle-history"><small>(Zapdos lost <abbr title="−82/383">21.4%</abbr> of its health!)</small><br></div><div class="spacer battle-history"><br></div><div class="battle-history"><small>Zapdos restored a little HP using its Leftovers!</small><br></div><div class="battle-history"><small>The opposing Celesteela restored a little HP using its Leftovers!</small><br></div><div class="spacer battle-history"><br></div><h2 class="battle-history">Turn 6</h2><div class="spacer battle-history"><br></div><div class="battle-history">Zapdos, come back!<br></div><div class="battle-history">Go! <strong>Toxapex</strong>!<br></div><div class="spacer battle-history"><br></div><div class="battle-history">The opposing Celesteela used <strong>Protect</strong>!<br></div><div class="battle-history"><small>But it failed!</small><br></div><div class="spacer battle-history"><br></div><div class="battle-history"><small>The opposing Celesteela restored a little HP using its Leftovers!</small><br></div><div class="battle-history"><small>The grass disappeared from the battlefield.</small><br></div><div class="spacer battle-history"><br></div><h2 class="battle-history">Turn 7</h2><div class="spacer battle-history"><br></div><div class="battle-history">Sangrīa Winē' withdrew Celesteela!<br></div><div class="battle-history">Sangrīa Winē' sent out <strong>Latios</strong>!<br></div><div class="spacer battle-history"><br></div><div class="battle-history">Toxapex used <strong>Toxic Spikes</strong>!<br></div><div class="battle-history"><small>Poison spikes were scattered on the ground all around the opposing team!</small><br></div><div class="spacer battle-history"><br></div><h2 class="battle-history">Turn 8</h2><div class="spacer battle-history"><br></div><div class="battle-history">Toxapex, come back!<br></div><div class="battle-history">Go! Scizor (<strong>Scizor-Mega</strong>)!<br></div><div class="spacer battle-history"><br></div><div class="battle-history">The opposing Latios used <strong>Psychic</strong>!<br></div><div class="battle-history"><small>It's not very effective...</small><br></div><div class="battle-history"><small>(Scizor lost <abbr title="−77/343">22.4%</abbr> of its health!)</small><br></div><div class="spacer battle-history"><br></div><h2 class="battle-history">Turn 9</h2><div class="spacer battle-history"><br></div><div class="battle-history">The opposing Latios used <strong>Hidden Power</strong>!<br></div><div class="battle-history"><small>It's super effective!</small><br></div><div class="battle-history"><small>(Scizor lost <abbr title="−236/343">68.8%</abbr> of its health!)</small><br></div><div class="spacer battle-history"><br></div><div class="battle-history">Scizor used <strong>U-turn</strong>!<br></div><div class="battle-history"><small>It's super effective!</small><br></div><div class="battle-history"><small>(The opposing Latios lost <abbr title="−264/301">87.7%</abbr> of its health!)</small><br></div><div class="spacer battle-history"><br></div><div class="battle-history">Scizor went back to Komaro!<br></div><div class="battle-history">Go! <strong>Magearna</strong>!<br></div><div class="spacer battle-history"><br></div><h2 class="battle-history">Turn 10</h2><div class="spacer battle-history"><br></div><div class="battle-history">Sangrīa Winē' withdrew Latios!<br></div><div class="battle-history">Sangrīa Winē' sent out <strong>Celesteela</strong>!<br></div><div class="spacer battle-history"><br></div><div class="battle-history">Magearna used <strong>Ice Beam</strong>!<br></div><div class="battle-history"><small>(The opposing Celesteela lost <abbr title="−109/397">27.5%</abbr> of its health!)</small><br></div><div class="spacer battle-history"><br></div><div class="battle-history"><small>The opposing Celesteela restored a little HP using its Leftovers!</small><br></div><div class="spacer battle-history"><br></div><h2 class="battle-history">Turn 11</h2><div class="spacer battle-history"><br></div><div class="battle-history">Magearna used <strong>Calm Mind</strong>!<br></div><div class="battle-history"><small>Magearna's Special Attack rose!</small><br></div><div class="battle-history"><small>Magearna's Special Defense rose!</small><br></div><div class="spacer battle-history"><br></div><div class="battle-history">The opposing Celesteela used <strong>Leech Seed</strong>!<br></div><div class="battle-history"><small>Magearna was seeded!</small><br></div><div class="spacer battle-history"><br></div><div class="battle-history"><small>The opposing Celesteela restored a little HP using its Leftovers!</small><br></div><div class="battle-history"><small>Magearna's health is sapped by Leech Seed!</small><br></div><div class="spacer battle-history"><br></div><h2 class="battle-history">Turn 12</h2><div class="spacer battle-history"><br></div><div class="battle-history">Sangrīa Winē' withdrew Celesteela!<br></div><div class="battle-history">Sangrīa Winē' sent out <strong>Gastrodon</strong>!<br></div><div class="battle-history"><small>The opposing Gastrodon was poisoned!</small><br></div><div class="spacer battle-history"><br></div><div class="battle-history">Magearna used <strong>Shift Gear</strong>!<br></div><div class="battle-history"><small>Magearna's Speed rose sharply!</small><br></div><div class="battle-history"><small>Magearna's Attack rose!</small><br></div><div class="spacer battle-history"><br></div><div class="battle-history"><small>Magearna's health is sapped by Leech Seed!</small><br></div><div class="battle-history"><small>The opposing Gastrodon was hurt by poison!</small><br></div><div class="spacer battle-history"><br></div><h2 class="battle-history">Turn 13</h2><div class="spacer battle-history"><br></div><div class="battle-history">Magearna used <strong>Ice Beam</strong>!<br></div><div class="battle-history"><small>(The opposing Gastrodon lost <abbr title="−138/400">34.5%</abbr> of its health!)</small><br></div><div class="spacer battle-history"><br></div><div class="battle-history">The opposing Gastrodon used <strong>Earthquake</strong>!<br></div><div class="battle-history"><small>It's super effective!</small><br></div><div class="battle-history"><small>(Magearna lost <abbr title="−176/351">50.1%</abbr> of its health!)</small><br></div><div class="spacer battle-history"><br></div><div class="battle-history"><small>The opposing Gastrodon restored a little HP using its Leftovers!</small><br></div><div class="battle-history"><small>Magearna's health is sapped by Leech Seed!</small><br></div><div class="battle-history"><small>The opposing Gastrodon was hurt by poison!</small><br></div><div class="spacer battle-history"><br></div><h2 class="battle-history">Turn 14</h2><div class="spacer battle-history"><br></div><div class="battle-history">Magearna, come back!<br></div><div class="battle-history">Go! <strong>Zapdos</strong>!<br></div><div class="spacer battle-history"><br></div><div class="battle-history">The opposing Gastrodon used <strong>Recover</strong>!<br></div><div class="battle-history"><small>The opposing Gastrodon restored its HP.</small><br></div><div class="spacer battle-history"><br></div><div class="battle-history"><small>Zapdos restored a little HP using its Leftovers!</small><br></div><div class="battle-history"><small>The opposing Gastrodon was hurt by poison!</small><br></div><div class="spacer battle-history"><br></div><h2 class="battle-history">Turn 15</h2><div class="spacer battle-history"><br></div><div class="battle-history">Zapdos, come back!<br></div><div class="battle-history">Go! <strong>Toxapex</strong>!<br></div><div class="spacer battle-history"><br></div><div class="battle-history">The opposing Gastrodon used <strong>Toxic</strong>!<br></div><div class="battle-history"><small>It doesn't affect Toxapex...</small><br></div><div class="spacer battle-history"><br></div><div class="battle-history"><small>The opposing Gastrodon restored a little HP using its Leftovers!</small><br></div><div class="battle-history"><small>The opposing Gastrodon was hurt by poison!</small><br></div><div class="spacer battle-history"><br></div><h2 class="battle-history">Turn 16</h2><div class="spacer battle-history"><br></div><div class="battle-history">Toxapex used <strong>Toxic Spikes</strong>!<br></div><div class="battle-history"><small>Poison spikes were scattered on the ground all around the opposing team!</small><br></div><div class="spacer battle-history"><br></div><div class="battle-history">The opposing Gastrodon used <strong>Scald</strong>!<br></div><div class="battle-history"><small>It's not very effective...</small><br></div><div class="battle-history"><small>(Toxapex lost <abbr title="−29/304">9.5%</abbr> of its health!)</small><br></div><div class="spacer battle-history"><br></div><div class="battle-history"><small>Toxapex restored a little HP using its Black Sludge!</small><br></div><div class="battle-history"><small>The opposing Gastrodon restored a little HP using its Leftovers!</small><br></div><div class="battle-history"><small>The opposing Gastrodon was hurt by poison!</small><br></div><div class="spacer battle-history"><br></div><h2 class="battle-history">Turn 17</h2><div class="spacer battle-history"><br></div><div class="battle-history">Toxapex used <strong>Scald</strong>!<br></div><div class="battle-history"><small>[The opposing Gastrodon's Storm Drain]</small><br></div><div class="battle-history"><small>The opposing Gastrodon's Special Attack rose!</small><br></div><div class="spacer battle-history"><br></div><div class="battle-history">The opposing Gastrodon used <strong>Toxic</strong>!<br></div><div class="battle-history"><small>It doesn't affect Toxapex...</small><br></div><div class="spacer battle-history"><br></div><div class="battle-history"><small>Toxapex restored a little HP using its Black Sludge!</small><br></div><div class="battle-history"><small>The opposing Gastrodon restored a little HP using its Leftovers!</small><br></div><div class="battle-history"><small>The opposing Gastrodon was hurt by poison!</small><br></div><div class="spacer battle-history"><br></div><h2 class="battle-history">Turn 18</h2><div class="spacer battle-history"><br></div><div class="battle-history">Toxapex, come back!<br></div><div class="battle-history">Go! <strong>Zapdos</strong>!<br></div><div class="spacer battle-history"><br></div><div class="battle-history">The opposing Gastrodon used <strong>Toxic</strong>!<br></div><div class="battle-history"><small>Zapdos was badly poisoned!</small><br></div><div class="spacer battle-history"><br></div><div class="battle-history"><small>Zapdos restored a little HP using its Leftovers!</small><br></div><div class="battle-history"><small>The opposing Gastrodon restored a little HP using its Leftovers!</small><br></div><div class="battle-history"><small>Zapdos was hurt by poison!</small><br></div><div class="battle-history"><small>The opposing Gastrodon was hurt by poison!</small><br></div><div class="spacer battle-history"><br></div><h2 class="battle-history">Turn 19</h2><div class="spacer battle-history"><br></div><div class="battle-history">Zapdos, come back!<br></div><div class="battle-history">Go! <strong>Tapu Bulu</strong>!<br></div><div class="battle-history"><small>[Tapu Bulu's Grassy Surge]</small><br><small>Grass grew to cover the battlefield!</small><br></div><div class="spacer battle-history"><br></div><div class="battle-history">The opposing Gastrodon used <strong>Recover</strong>!<br></div><div class="battle-history"><small>The opposing Gastrodon restored its HP.</small><br></div><div class="spacer battle-history"><br></div><div class="battle-history"><small>The opposing Gastrodon was hurt by poison!</small><br></div><div class="spacer battle-history"><br></div><h2 class="battle-history">Turn 20</h2><div class="spacer battle-history"><br></div><div class="battle-history">Sangrīa Winē' withdrew Gastrodon!<br></div><div class="battle-history">Sangrīa Winē' sent out <strong>Celesteela</strong>!<br></div><div class="spacer battle-history"><br></div><div class="battle-history">Tapu Bulu used <strong>Leech Seed</strong>!<br></div><div class="battle-history"><small>The opposing Celesteela was seeded!</small><br></div><div class="spacer battle-history"><br></div><div class="battle-history"><small>The opposing Celesteela restored a little HP using its Leftovers!</small><br></div><div class="battle-history"><small>The opposing Celesteela's health is sapped by Leech Seed!</small><br></div><div class="spacer battle-history"><br></div><h2 class="battle-history">Turn 21</h2><div class="spacer battle-history"><br></div><div class="battle-history">Tapu Bulu used <strong>Substitute</strong>!<br></div><div class="battle-history"><small>Tapu Bulu put in a substitute!</small><br></div><div class="battle-history"><small>(Tapu Bulu lost <abbr title="−80/322">24.8%</abbr> of its health!)</small><br></div><div class="spacer battle-history"><br></div><div class="battle-history">The opposing Celesteela used <strong>Heavy Slam</strong>!<br></div><div class="battle-history"><small>It's super effective!</small><br></div><div class="battle-history"><small>Tapu Bulu's substitute faded!</small><br></div><div class="spacer battle-history"><br></div><div class="battle-history"><small>Tapu Bulu restored a little HP using its Leftovers!</small><br></div><div class="battle-history"><small>Tapu Bulu restored HP using its Grassy Terrain!</small><br></div><div class="battle-history"><small>The opposing Celesteela restored a little HP using its Leftovers!</small><br></div><div class="battle-history"><small>The opposing Celesteela's health is sapped by Leech Seed!</small><br></div><div class="spacer battle-history"><br></div><h2 class="battle-history">Turn 22</h2><div class="spacer battle-history"><br></div><div class="battle-history">Sangrīa Winē' withdrew Celesteela!<br></div><div class="battle-history">Sangrīa Winē' sent out <strong>Latios</strong>!<br></div><div class="spacer battle-history"><br></div><div class="battle-history">Tapu Bulu used <strong>Substitute</strong>!<br></div><div class="battle-history"><small>Tapu Bulu put in a substitute!</small><br></div><div class="battle-history"><small>(Tapu Bulu lost <abbr title="−80/322">24.8%</abbr> of its health!)</small><br></div><div class="spacer battle-history"><br></div><div class="battle-history"><small>Tapu Bulu restored a little HP using its Leftovers!</small><br></div><div class="battle-history"><small>Tapu Bulu restored HP using its Grassy Terrain!</small><br></div><div class="spacer battle-history"><br></div><h2 class="battle-history">Turn 23</h2><div class="spacer battle-history"><br></div><div class="battle-history">The opposing Latios used <strong>Recover</strong>!<br></div><div class="battle-history"><small>The opposing Latios restored its HP.</small><br></div><div class="spacer battle-history"><br></div><div class="battle-history">Tapu Bulu used <strong>Leech Seed</strong>!<br></div><div class="battle-history"><small>The opposing Latios was seeded!</small><br></div><div class="spacer battle-history"><br></div><div class="battle-history"><small>Tapu Bulu restored a little HP using its Leftovers!</small><br></div><div class="battle-history"><small>Tapu Bulu restored HP using its Grassy Terrain!</small><br></div><div class="battle-history"><small>The grass disappeared from the battlefield.</small><br></div><div class="battle-history"><small>The opposing Latios's health is sapped by Leech Seed!</small><br></div><div class="spacer battle-history"><br></div><h2 class="battle-history">Turn 24</h2><div class="spacer battle-history"><br></div><div class="battle-history">The opposing Latios used <strong>Recover</strong>!<br></div><div class="battle-history"><small>The opposing Latios restored its HP.</small><br></div><div class="spacer battle-history"><br></div><div class="battle-history">Tapu Bulu used <strong>Nature's Madness</strong>!<br></div><div class="battle-history"><small>(The opposing Latios lost <abbr title="−150/301">49.8%</abbr> of its health!)</small><br></div><div class="spacer battle-history"><br></div><div class="battle-history"><small>The opposing Latios's health is sapped by Leech Seed!</small><br></div><div class="spacer battle-history"><br></div><h2 class="battle-history">Turn 25</h2><div class="spacer battle-history"><br></div><div class="battle-history">The opposing Latios used <strong>Defog</strong>!<br></div><div class="battle-history"><small>The poison spikes disappeared from the ground around the opposing team!</small><br></div><div class="spacer battle-history"><br></div><div class="battle-history">Tapu Bulu used <strong>Nature's Madness</strong>!<br></div><div class="battle-history"><small>(The opposing Latios lost <abbr title="−57/301">18.9%</abbr> of its health!)</small><br></div><div class="spacer battle-history"><br></div><div class="battle-history"><small>The opposing Latios's health is sapped by Leech Seed!</small><br></div><div class="spacer battle-history"><br></div><h2 class="battle-history">Turn 26</h2><div class="spacer battle-history"><br></div><div class="battle-history">Sangrīa Winē' withdrew Latios!<br></div><div class="battle-history">Sangrīa Winē' sent out <strong>Tangrowth</strong>!<br></div><div class="spacer battle-history"><br></div><div class="battle-history">Tapu Bulu, come back!<br></div><div class="battle-history">Go! Scizor (<strong>Scizor-Mega</strong>)!<br></div><div class="spacer battle-history"><br></div><h2 class="battle-history">Turn 27</h2><div class="spacer battle-history"><br></div><div class="battle-history">Sangrīa Winē' withdrew Tangrowth!<br></div><div class="battle-history">Sangrīa Winē' sent out <strong>Celesteela</strong>!<br></div><div class="spacer battle-history"><br></div><div class="battle-history">Scizor used <strong>Roost</strong>!<br></div><div class="battle-history"><small>Scizor restored its HP.</small><br></div><div class="spacer battle-history"><br></div><div class="battle-history"><small>The opposing Celesteela restored a little HP using its Leftovers!</small><br></div><div class="spacer battle-history"><br></div><h2 class="battle-history">Turn 28</h2><div class="spacer battle-history"><br></div><div class="battle-history">Scizor, come back!<br></div><div class="battle-history">Go! <strong>Zapdos</strong>!<br></div><div class="spacer battle-history"><br></div><div class="battle-history">The opposing Celesteela used <strong>Leech Seed</strong>!<br></div><div class="battle-history"><small>Zapdos avoided the attack!</small><br></div><div class="spacer battle-history"><br></div><div class="battle-history"><small>Zapdos restored a little HP using its Leftovers!</small><br></div><div class="battle-history"><small>The opposing Celesteela restored a little HP using its Leftovers!</small><br></div><div class="battle-history"><small>Zapdos was hurt by poison!</small><br></div><div class="spacer battle-history"><br></div><h2 class="battle-history">Turn 29</h2><div class="spacer battle-history"><br></div><div class="battle-history">The opposing Celesteela used <strong>Protect</strong>!<br></div><div class="battle-history"><small>The opposing Celesteela protected itself!</small><br></div><div class="spacer battle-history"><br></div><div class="battle-history">Zapdos used <strong>Discharge</strong>!<br></div><div class="battle-history"><small>The opposing Celesteela protected itself!</small><br></div><div class="spacer battle-history"><br></div><div class="battle-history"><small>Zapdos restored a little HP using its Leftovers!</small><br></div><div class="battle-history"><small>The opposing Celesteela restored a little HP using its Leftovers!</small><br></div><div class="battle-history"><small>Zapdos was hurt by poison!</small><br></div><div class="spacer battle-history"><br></div><h2 class="battle-history">Turn 30</h2><div class="spacer battle-history"><br></div><div class="battle-history">Sangrīa Winē' withdrew Celesteela!<br></div><div class="battle-history">Sangrīa Winē' sent out <strong>Gastrodon</strong>!<br></div><div class="spacer battle-history"><br></div><div class="battle-history">Zapdos used <strong>Discharge</strong>!<br></div><div class="battle-history"><small>It doesn't affect the opposing Gastrodon...</small><br></div><div class="spacer battle-history"><br></div><div class="battle-history"><small>Zapdos restored a little HP using its Leftovers!</small><br></div><div class="battle-history"><small>The opposing Gastrodon restored a little HP using its Leftovers!</small><br></div><div class="battle-history"><small>Zapdos was hurt by poison!</small><br></div><div class="battle-history"><small>The opposing Gastrodon was hurt by poison!</small><br></div><div class="spacer battle-history"><br></div><h2 class="battle-history">Turn 31</h2><div class="spacer battle-history"><br></div><div class="battle-history">Zapdos, come back!<br></div><div class="battle-history">Go! <strong>Toxapex</strong>!<br></div><div class="spacer battle-history"><br></div><div class="battle-history">Sangrīa Winē' withdrew Gastrodon!<br></div><div class="battle-history">Sangrīa Winē' sent out <strong>Latios</strong>!<br></div><div class="spacer battle-history"><br></div><h2 class="battle-history">Turn 32</h2><div class="spacer battle-history"><br></div><div class="battle-history">The opposing Latios used <strong>Recover</strong>!<br></div><div class="battle-history"><small>The opposing Latios restored its HP.</small><br></div><div class="spacer battle-history"><br></div><div class="battle-history">Toxapex used <strong>Scald</strong>!<br></div><div class="battle-history"><small>It's not very effective...</small><br></div><div class="battle-history"><small>(The opposing Latios lost <abbr title="−27/301">9.0%</abbr> of its health!)</small><br></div><div class="spacer battle-history"><br></div><h2 class="battle-history">Turn 33</h2><div class="spacer battle-history"><br></div><div class="battle-history">The opposing Latios used <strong>Recover</strong>!<br></div><div class="battle-history"><small>The opposing Latios restored its HP.</small><br></div><div class="spacer battle-history"><br></div><div class="battle-history">Toxapex used <strong>Scald</strong>!<br></div><div class="battle-history"><small>It's not very effective...</small><br></div><div class="battle-history"><small>(The opposing Latios lost <abbr title="−27/301">9.0%</abbr> of its health!)</small><br></div><div class="spacer battle-history"><br></div><h2 class="battle-history">Turn 34</h2><div class="spacer battle-history"><br></div><div class="battle-history">The opposing Latios used <strong>Psychic</strong>!<br></div><div class="battle-history"><small>It's super effective!</small><br></div><div class="battle-history"><small>(Toxapex lost <abbr title="−264/304">86.8%</abbr> of its health!)</small><br></div><div class="spacer battle-history"><br></div><div class="battle-history">Toxapex used <strong>Toxic Spikes</strong>!<br></div><div class="battle-history"><small>Poison spikes were scattered on the ground all around the opposing team!</small><br></div><div class="spacer battle-history"><br></div><div class="battle-history"><small>Toxapex restored a little HP using its Black Sludge!</small><br></div><div class="spacer battle-history"><br></div><h2 class="battle-history">Turn 35</h2><div class="spacer battle-history"><br></div><div class="battle-history">The opposing Latios used <strong>Psychic</strong>!<br></div><div class="battle-history"><small>It's super effective!</small><br></div><div class="battle-history"><small>(Toxapex lost <abbr title="−59/304">19.4%</abbr> of its health!)</small><br></div><div class="spacer battle-history"><br></div><div class="battle-history">Toxapex fainted!<br></div><div class="spacer battle-history"><br></div><div class="battle-history">Go! <strong>Garchomp</strong>!<br></div><div class="spacer battle-history"><br></div><h2 class="battle-history">Turn 36</h2><div class="spacer battle-history"><br></div><div class="battle-history">Sangrīa Winē' withdrew Latios!<br></div><div class="battle-history">Sangrīa Winē' sent out <strong>Celesteela</strong>!<br></div><div class="spacer battle-history"><br></div><div class="battle-history">Garchomp used <strong>Outrage</strong>!<br></div><div class="battle-history"><small>It's not very effective...</small><br></div><div class="battle-history"><small>(The opposing Celesteela lost <abbr title="−88/397">22.2%</abbr> of its health!)</small><br></div><div class="spacer battle-history"><br></div><div class="battle-history"><small>The opposing Celesteela restored a little HP using its Leftovers!</small><br></div><div class="spacer battle-history"><br></div><h2 class="battle-history">Turn 37</h2><div class="spacer battle-history"><br></div><div class="battle-history">Garchomp used <strong>Outrage</strong>!<br></div><div class="battle-history"><small>It's not very effective...</small><br></div><div class="battle-history"><small>(The opposing Celesteela lost <abbr title="−86/397">21.7%</abbr> of its health!)</small><br></div><div class="battle-history"><small>Garchomp became confused due to fatigue!</small><br></div><div class="spacer battle-history"><br></div><div class="battle-history">The opposing Celesteela used <strong>Leech Seed</strong>!<br></div><div class="battle-history"><small>Garchomp was seeded!</small><br></div><div class="spacer battle-history"><br></div><div class="battle-history"><small>The opposing Celesteela restored a little HP using its Leftovers!</small><br></div><div class="battle-history"><small>Garchomp's health is sapped by Leech Seed!</small><br></div><div class="spacer battle-history"><br></div><h2 class="battle-history">Turn 38</h2><div class="spacer battle-history"><br></div><div class="battle-history">Garchomp, come back!<br></div><div class="battle-history">Go! <strong>Magearna</strong>!<br></div><div class="spacer battle-history"><br></div><div class="battle-history">The opposing Celesteela used <strong>Flamethrower</strong>!<br></div><div class="battle-history"><small>It's super effective!</small><br></div><div class="battle-history"><small>(Magearna lost <abbr title="−46/351">13.1%</abbr> of its health!)</small><br></div><div class="spacer battle-history"><br></div><div class="battle-history">Magearna fainted!<br></div><div class="battle-history"><small>[The opposing Celesteela's Beast Boost]</small><br></div><div class="battle-history"><small>The opposing Celesteela's Defense rose!</small><br></div><div class="spacer battle-history"><br></div><div class="battle-history"><small>The opposing Celesteela restored a little HP using its Leftovers!</small><br></div><div class="spacer battle-history"><br></div><div class="battle-history">Go! <strong>Zapdos</strong>!<br></div><div class="spacer battle-history"><br></div><h2 class="battle-history">Turn 39</h2><div class="spacer battle-history"><br></div><div class="battle-history">Sangrīa Winē' withdrew Celesteela!<br></div><div class="battle-history">Sangrīa Winē' sent out <strong>Latios</strong>!<br></div><div class="spacer battle-history"><br></div><div class="battle-history">Zapdos used <strong>Roost</strong>!<br></div><div class="battle-history"><small>Zapdos restored its HP.</small><br></div><div class="spacer battle-history"><br></div><div class="battle-history"><small>Zapdos was hurt by poison!</small><br></div><div class="spacer battle-history"><br></div><h2 class="battle-history">Turn 40</h2><div class="spacer battle-history"><br></div><div class="battle-history">The opposing Latios used <strong>Psychic</strong>!<br></div><div class="battle-history"><small>(Zapdos lost <abbr title="−195/383">50.9%</abbr> of its health!)</small><br></div><div class="spacer battle-history"><br></div><div class="battle-history">Zapdos used <strong>Discharge</strong>!<br></div><div class="battle-history"><small>It's not very effective...</small><br></div><div class="battle-history"><small>(The opposing Latios lost <abbr title="−55/301">18.3%</abbr> of its health!)</small><br></div><div class="spacer battle-history"><br></div><div class="battle-history"><small>Zapdos restored a little HP using its Leftovers!</small><br></div><div class="battle-history"><small>Zapdos was hurt by poison!</small><br></div><div class="spacer battle-history"><br></div><h2 class="battle-history">Turn 41</h2><div class="spacer battle-history"><br></div><div class="battle-history">The opposing Latios used <strong>Defog</strong>!<br></div><div class="battle-history"><small>Zapdos's evasiveness fell!</small><br></div><div class="battle-history"><small>The poison spikes disappeared from the ground around the opposing team!</small><br></div><div class="spacer battle-history"><br></div><div class="battle-history">Zapdos used <strong>Discharge</strong>!<br></div><div class="battle-history"><small>It's not very effective...</small><br></div><div class="battle-history"><small>(The opposing Latios lost <abbr title="−51/301">16.9%</abbr> of its health!)</small><br></div><div class="spacer battle-history"><br></div><div class="battle-history"><small>Zapdos restored a little HP using its Leftovers!</small><br></div><div class="battle-history"><small>Zapdos was hurt by poison!</small><br></div><div class="spacer battle-history"><br></div><h2 class="battle-history">Turn 42</h2><div class="spacer battle-history"><br></div><div class="battle-history">Zapdos, come back!<br></div><div class="battle-history">Go! <strong>Garchomp</strong>!<br></div><div class="spacer battle-history"><br></div><div class="battle-history">The opposing Latios used <strong>Psychic</strong>!<br></div><div class="battle-history"><small>(Garchomp lost <abbr title="−234/358">65.4%</abbr> of its health!)</small><br></div><div class="spacer battle-history"><br></div><h2 class="battle-history">Turn 43</h2><div class="spacer battle-history"><br></div><div class="battle-history">Sangrīa Winē' withdrew Latios!<br></div><div class="battle-history">Sangrīa Winē' sent out <strong>Celesteela</strong>!<br></div><div class="spacer battle-history"><br></div><div class="battle-history">Garchomp used <strong>Fire Blast</strong>!<br></div><div class="battle-history"><small>It's super effective!</small><br></div><div class="battle-history"><small>(The opposing Celesteela lost <abbr title="−108/397">27.2%</abbr> of its health!)</small><br></div><div class="spacer battle-history"><br></div><div class="battle-history"><small>The opposing Celesteela restored a little HP using its Leftovers!</small><br></div><div class="spacer battle-history"><br></div><h2 class="battle-history">Turn 44</h2><div class="spacer battle-history"><br></div><div class="battle-history">Sangrīa Winē' withdrew Celesteela!<br></div><div class="battle-history">Sangrīa Winē' sent out <strong>Latios</strong>!<br></div><div class="spacer battle-history"><br></div><div class="battle-history">Garchomp used <strong>Fire Blast</strong>!<br></div><div class="battle-history"><small>It's not very effective...</small><br></div><div class="battle-history"><small>(The opposing Latios lost <abbr title="−30/301">10.0%</abbr> of its health!)</small><br></div><div class="spacer battle-history"><br></div><h2 class="battle-history">Turn 45</h2><div class="spacer battle-history"><br></div><div class="battle-history">Garchomp, come back!<br></div><div class="battle-history">Go! <strong>Zapdos</strong>!<br></div><div class="spacer battle-history"><br></div><div class="battle-history">The opposing Latios used <strong>Recover</strong>!<br></div><div class="battle-history"><small>The opposing Latios restored its HP.</small><br></div><div class="spacer battle-history"><br></div><div class="battle-history"><small>Zapdos restored a little HP using its Leftovers!</small><br></div><div class="battle-history"><small>Zapdos was hurt by poison!</small><br></div><div class="spacer battle-history"><br></div><h2 class="battle-history">Turn 46</h2><div class="spacer battle-history"><br></div><div class="battle-history">The opposing Latios used <strong>Psychic</strong>!<br></div><div class="battle-history"><small>(Zapdos lost <abbr title="−96/383">25.1%</abbr> of its health!)</small><br></div><div class="spacer battle-history"><br></div><div class="battle-history">Zapdos fainted!<br></div><div class="spacer battle-history"><br></div><div class="battle-history">Go! <strong>Tapu Bulu</strong>!<br></div><div class="battle-history"><small>[Tapu Bulu's Grassy Surge]</small><br><small>Grass grew to cover the battlefield!</small><br></div><div class="spacer battle-history"><br></div><h2 class="battle-history">Turn 47</h2><div class="spacer battle-history"><br></div><div class="battle-history">The opposing Latios used <strong>Psychic</strong>!<br></div><div class="battle-history"><small>(Tapu Bulu lost <abbr title="−214/322">66.5%</abbr> of its health!)</small><br></div><div class="spacer battle-history"><br></div><div class="battle-history">Tapu Bulu used <strong>Leech Seed</strong>!<br></div><div class="battle-history"><small>The opposing Latios was seeded!</small><br></div><div class="spacer battle-history"><br></div><div class="battle-history"><small>Tapu Bulu restored a little HP using its Leftovers!</small><br></div><div class="battle-history"><small>Tapu Bulu restored HP using its Grassy Terrain!</small><br></div><div class="battle-history"><small>The opposing Latios's health is sapped by Leech Seed!</small><br></div><div class="spacer battle-history"><br></div><h2 class="battle-history">Turn 48</h2><div class="spacer battle-history"><br></div><div class="battle-history">The opposing Latios used <strong>Psychic</strong>!<br></div><div class="battle-history"><small>(Tapu Bulu lost <abbr title="−185/322">57.5%</abbr> of its health!)</small><br></div><div class="spacer battle-history"><br></div><div class="battle-history">Tapu Bulu fainted!<br></div><div class="spacer battle-history"><br></div><div class="battle-history"><small>Komaro se rindió.</small><br></div><div class="spacer battle-history"><br></div><div class="battle-history"><strong>Sangrīa Winē'</strong> won the battle!<br></div></div><div class="inner-preempt"></div></div></div>
</div>
<script>
let daily = Math.floor(Date.now()/1000/60/60/24);document.write('<script src="https://play.pokemonshowdown.com/js/replay-embed.js?version'+daily+'"></'+'script>');
</script>
