<!DOCTYPE html>
<meta charset="utf-8" />
<!-- version 1 -->
<title>OU replay: Ander E4 vs. Makesuit</title>
<style>
html,body {font-family:Verdana, sans-serif;font-size:10pt;margin:0;padding:0;}body{padding:12px 0;} .battle-log {font-family:Verdana, sans-serif;font-size:10pt;} .battle-log-inline {border:1px solid #AAAAAA;background:#EEF2F5;color:black;max-width:640px;margin:0 auto 80px;padding-bottom:5px;} .battle-log .inner {padding:4px 8px 0px 8px;} .battle-log .inner-preempt {padding:0 8px 4px 8px;} .battle-log .inner-after {margin-top:0.5em;} .battle-log h2 {margin:0.5em -8px;padding:4px 8px;border:1px solid #AAAAAA;background:#E0E7EA;border-left:0;border-right:0;font-family:Verdana, sans-serif;font-size:13pt;} .battle-log .chat {vertical-align:middle;padding:3px 0 3px 0;font-size:8pt;} .battle-log .chat strong {color:#40576A;} .battle-log .chat em {padding:1px 4px 1px 3px;color:#000000;font-style:normal;} .chat.mine {background:rgba(0,0,0,0.05);margin-left:-8px;margin-right:-8px;padding-left:8px;padding-right:8px;} .spoiler {color:#BBBBBB;background:#BBBBBB;padding:0px 3px;} .spoiler:hover, .spoiler:active, .spoiler-shown {color:#000000;background:#E2E2E2;padding:0px 3px;} .spoiler a {color:#BBBBBB;} .spoiler:hover a, .spoiler:active a, .spoiler-shown a {color:#2288CC;} .chat code, .chat .spoiler:hover code, .chat .spoiler:active code, .chat .spoiler-shown code {border:1px solid #C0C0C0;background:#EEEEEE;color:black;padding:0 2px;} .chat .spoiler code {border:1px solid #CCCCCC;background:#CCCCCC;color:#CCCCCC;} .battle-log .rated {padding:3px 4px;} .battle-log .rated strong {color:white;background:#89A;padding:1px 4px;border-radius:4px;} .spacer {margin-top:0.5em;} .message-announce {background:#6688AA;color:white;padding:1px 4px 2px;} .message-announce a, .broadcast-green a, .broadcast-blue a, .broadcast-red a {color:#DDEEFF;} .broadcast-green {background-color:#559955;color:white;padding:2px 4px;} .broadcast-blue {background-color:#6688AA;color:white;padding:2px 4px;} .infobox {border:1px solid #6688AA;padding:2px 4px;} .infobox-limited {max-height:200px;overflow:auto;overflow-x:hidden;} .broadcast-red {background-color:#AA5544;color:white;padding:2px 4px;} .message-learn-canlearn {font-weight:bold;color:#228822;text-decoration:underline;} .message-learn-cannotlearn {font-weight:bold;color:#CC2222;text-decoration:underline;} .message-effect-weak {font-weight:bold;color:#CC2222;} .message-effect-resist {font-weight:bold;color:#6688AA;} .message-effect-immune {font-weight:bold;color:#666666;} .message-learn-list {margin-top:0;margin-bottom:0;} .message-throttle-notice, .message-error {color:#992222;} .message-overflow, .chat small.message-overflow {font-size:0pt;} .message-overflow::before {font-size:9pt;content:'...';} .subtle {color:#3A4A66;}
</style>
<div class="wrapper replay-wrapper" style="max-width:1180px;margin:0 auto">
<input type="hidden" name="replayid" value="destiny-ou-410654" />
<div class="battle"></div><div class="battle-log"></div><div class="replay-controls"></div><div class="replay-controls-2"></div>
<h1 style="font-weight:normal;text-align:center"><strong>OU</strong><br /><a href="http://pokemonshowdown.com/users/andere4" class="subtle" target="_blank">Ander E4</a> vs. <a href="http://pokemonshowdown.com/users/makesuit" class="subtle" target="_blank">Makesuit</a></h1>
<script type="text/plain" class="battle-log-data">|player|p1|Ander E4|#zinnia
|teamsize|p1|6
|player|p2|Makesuit|1035
|teamsize|p2|6
|teamsize|p1|6
|teamsize|p2|6
|gametype|singles
|gen|7
|tier|OU
|seed|48034,52809,47947,30946
|rule|Cláusula-Mod de Dormir: solo puedes dormir a uno de tus oponentes a la vez.
|rule|Cláusula de Especie: Hasta un Pokémon de cada especie
|rule|Cláusula de Golpe Fulminante: los movimientos fulminantes (OHKO) estan prohibidos
|rule|Cláusula de Veleta: la habilidad Veleta está prohibida
|rule|Cláusula de Movimientos Evasivos: los movimientos de Evasión están prohibidos.
|rule|Cláusula de Batallas Eternas: forzar batallas eternas está prohibido
|clearpoke
|poke|p1|Medicham, F|item
|poke|p1|Tornadus-Therian, M|item
|poke|p1|Tapu Koko|item
|poke|p1|Landorus-Therian, M|item
|poke|p1|Mew|item
|poke|p1|Ferrothorn, M|item
|poke|p2|Medicham, F|item
|poke|p2|Tornadus-Therian, M|item
|poke|p2|Gastrodon, F|item
|poke|p2|Tapu Koko|item
|poke|p2|Landorus-Therian, M|item
|poke|p2|Magnezone|item
|teampreview|undefined
|choice|*team 423156|*
|choice|*|*team 523416
|choice|team 4, 2, 3, 1, 5, 6|team 5, 2, 3, 4, 1, 6
|
|start
|switch|p1a: Landorus|Landorus-Therian, M|349\/349
|switch|p2a: Landorus|Landorus-Therian, M|381\/381
|-ability|p1a: Landorus|Intimidate|boost
|-unboost|p2a: Landorus|atk|1
|-ability|p2a: Landorus|Intimidate|boost
|-unboost|p1a: Landorus|atk|1
|turn|1
|choice|*|*move 4
|choice|*move 3|*
|choice|move hiddenpower|move stealthrock
|
|move|p1a: Landorus|Hidden Power|p2a: Landorus
|-supereffective|p2a: Landorus
|-damage|p2a: Landorus|165\/381
|move|p2a: Landorus|Stealth Rock|p1a: Landorus
|-sidestart|p1: Ander E4|move: Stealth Rock
|
|upkeep
|turn|2
|choice|*switch 4|*
|choice|*|*switch 3
|choice|switch 4|switch 3
|
|switch|p1a: Medicham|Medicham, F|261\/261
|-damage|p1a: Medicham|245\/261|[from] Stealth Rock
|switch|p2a: Gastrodon|Gastrodon, F|426\/426
|
|upkeep
|turn|3
|choice|*|*switch 2
|choice|*move 3 mega|*
|choice|*|*switch 2
|choice|move highjumpkick mega|switch 2
|
|switch|p2a: Tornadus|Tornadus-Therian, M|299\/299
|-mega|p1a: Medicham|Medicham|Medichamite
|detailschange|p1a: Medicham|Medicham-Mega, F
|move|p1a: Medicham|High Jump Kick|p2a: Tornadus
|-resisted|p2a: Tornadus
|-damage|p2a: Tornadus|71\/299
|
|upkeep
|turn|4
|choice|*|*move 3
|choice|*switch 3|*
|choice|switch 3|move uturn
|
|switch|p1a: Tapu Koko|Tapu Koko|281\/281
|-damage|p1a: Tapu Koko|246\/281|[from] Stealth Rock
|-fieldstart|move: Electric Terrain|[from] ability: Electric Surge|[of] p1a: Tapu Koko
|move|p2a: Tornadus|U-turn|p1a: Tapu Koko
|-resisted|p1a: Tapu Koko
|-damage|p1a: Tapu Koko|216\/281
|choice|*|*switch 2
|choice||switch 2
|
|switch|p2a: Gastrodon|Gastrodon, F|426\/426|[from]move: U-turn
|
|upkeep
|turn|5
|choice|*|*move 2
|choice|*|*switch 6
|choice|*switch 6|*
|choice|switch 6|switch 6
|
|switch|p1a: Ferrothorn|Ferrothorn, M|352\/352
|-damage|p1a: Ferrothorn|330\/352|[from] Stealth Rock
|switch|p2a: Magnezone|Magnezone|281\/281
|
|-heal|p1a: Ferrothorn|352\/352|[from] item: Leftovers
|upkeep
|turn|6
|choice|*|*move 1
|choice|*move 2|*
|choice|move leechseed|move hiddenpower
|
|move|p2a: Magnezone|Hidden Power|p1a: Ferrothorn
|-supereffective|p1a: Ferrothorn
|-crit|p1a: Ferrothorn
|-damage|p1a: Ferrothorn|52\/352
|move|p1a: Ferrothorn|Leech Seed|p2a: Magnezone
|-start|p2a: Magnezone|move: Leech Seed
|
|-heal|p1a: Ferrothorn|74\/352|[from] item: Leftovers
|-damage|p2a: Magnezone|246\/281|[from] Leech Seed|[of] p1a: Ferrothorn
|-heal|p1a: Ferrothorn|109\/352|[silent]
|upkeep
|turn|7
|choice|*|*move 1
|choice|*move 4|*
|choice|move knockoff|move hiddenpower
|
|move|p2a: Magnezone|Hidden Power|p1a: Ferrothorn
|-supereffective|p1a: Ferrothorn
|-damage|p1a: Ferrothorn|0 fnt
|faint|p1a: Ferrothorn
|
|upkeep
|choice|*switch 3|*
|choice|switch 3|
|
|switch|p1a: Medicham|Medicham-Mega, F|245\/261
|-damage|p1a: Medicham|229\/261|[from] Stealth Rock
|turn|8
|choice|*move 3|*
|choice|*|*switch 4
|choice|*move 3|*
|choice|move highjumpkick|switch 4
|
|switch|p2a: Tapu Koko|Tapu Koko|281\/281
|move|p1a: Medicham|High Jump Kick|p2a: Tapu Koko
|-resisted|p2a: Tapu Koko
|-damage|p2a: Tapu Koko|58\/281
|
|-fieldend|move: Electric Terrain
|upkeep
|turn|9
|choice|*|*move 2
|choice|*move 2|*
|choice|move icepunch|move dazzlinggleam
|
|move|p2a: Tapu Koko|Dazzling Gleam|p1a: Medicham
|-supereffective|p1a: Medicham
|-crit|p1a: Medicham
|-damage|p1a: Medicham|0 fnt
|faint|p1a: Medicham
|
|upkeep
|choice|*switch 6|*
|choice|switch 6|
|
|switch|p1a: Tapu Koko|Tapu Koko|216\/281
|-damage|p1a: Tapu Koko|181\/281|[from] Stealth Rock
|-fieldstart|move: Electric Terrain|[from] ability: Electric Surge|[of] p1a: Tapu Koko
|turn|10
|choice|*switch 5|*
|choice|*switch 5|*
|choice|*|*switch 6
|choice|switch 5|switch 6
|
|switch|p1a: Mew|Mew|404\/404
|-damage|p1a: Mew|354\/404|[from] Stealth Rock
|switch|p2a: Gastrodon|Gastrodon, F|426\/426
|
|-heal|p1a: Mew|379\/404|[from] item: Leftovers
|upkeep
|turn|11
|choice|*|*move 1
|choice|*move 1|*
|choice|*|*move 1
|choice|move stealthrock|move toxic
|
|move|p1a: Mew|Stealth Rock|p2a: Gastrodon
|-sidestart|p2: Makesuit|move: Stealth Rock
|move|p2a: Gastrodon|Toxic|p1a: Mew
|-status|p1a: Mew|tox
|-activate|p1a: Mew|ability: Synchronize
|-status|p2a: Gastrodon|tox
|
|-heal|p1a: Mew|404\/404 tox|[from] item: Leftovers
|-damage|p1a: Mew|379\/404 tox|[from] psn
|-damage|p2a: Gastrodon|400\/426 tox|[from] psn
|upkeep
|turn|12
|choice|*switch 2|*
|choice|*|*switch 4
|choice|*switch 2|*
|choice|switch 2|switch 4
|
|switch|p1a: Tornadus|Tornadus-Therian, M|299\/299
|-damage|p1a: Tornadus|225\/299|[from] Stealth Rock
|switch|p2a: Magnezone|Magnezone|246\/281
|-damage|p2a: Magnezone|229\/281|[from] Stealth Rock
|
|upkeep
|turn|13
|choice|*|*move 4
|choice|*move 3|*
|choice|move uturn|move flashcannon
|
|move|p1a: Tornadus|U-turn|p2a: Magnezone
|-resisted|p2a: Magnezone
|-damage|p2a: Magnezone|206\/281
|choice|*switch 4|*
|choice|switch 4|
|
|switch|p1a: Landorus|Landorus-Therian, M|349\/349|[from]move: U-turn
|-damage|p1a: Landorus|306\/349|[from] Stealth Rock
|-ability|p1a: Landorus|Intimidate|boost
|-unboost|p2a: Magnezone|atk|1
|move|p2a: Magnezone|Flash Cannon|p1a: Landorus
|-damage|p1a: Landorus|146\/349
|
|upkeep
|turn|14
|choice|*move 1|*
|choice|*|*switch 2
|choice|*switch 4|*
|choice|switch 4|switch 2
|
|switch|p1a: Tornadus|Tornadus-Therian, M|299\/299
|-damage|p1a: Tornadus|225\/299|[from] Stealth Rock
|switch|p2a: Tornadus|Tornadus-Therian, M|170\/299
|-damage|p2a: Tornadus|96\/299|[from] Stealth Rock
|
|-fieldend|move: Electric Terrain
|upkeep
|turn|15
|choice|*|*move 1 zmove
|choice|*move 1|*
|choice|move hurricane|move hurricane zmove
|
|-zpower|p2a: Tornadus
|move|p2a: Tornadus|Supersonic Skystrike|p1a: Tornadus|[zeffect]
|-damage|p1a: Tornadus|0 fnt
|faint|p1a: Tornadus
|
|upkeep
|choice|*switch 2|*
|choice|switch 2|
|
|switch|p1a: Mew|Mew|379\/404 tox
|-damage|p1a: Mew|329\/404 tox|[from] Stealth Rock
|turn|16
|choice|*|*move 3
|choice|*move 3|*
|choice|move icebeam|move uturn
|
|move|p2a: Tornadus|U-turn|p1a: Mew
|-supereffective|p1a: Mew
|-damage|p1a: Mew|251\/404 tox
|choice|*|*switch 2
|choice||switch 2
|
|switch|p2a: Magnezone|Magnezone|206\/281|[from]move: U-turn
|-damage|p2a: Magnezone|189\/281|[from] Stealth Rock
|move|p1a: Mew|Ice Beam|p2a: Magnezone
|-resisted|p2a: Magnezone
|-damage|p2a: Magnezone|149\/281
|
|-heal|p1a: Mew|276\/404 tox|[from] item: Leftovers
|-damage|p1a: Mew|251\/404 tox|[from] psn
|upkeep
|turn|17
|choice|*|*move 2
|choice|*|*move 2
|choice|*move 2|*
|choice|move softboiled|move thunderbolt
|
|move|p2a: Magnezone|Thunderbolt|p1a: Mew
|-damage|p1a: Mew|92\/404 tox
|move|p1a: Mew|Soft-Boiled|p1a: Mew
|-heal|p1a: Mew|294\/404 tox
|
|-heal|p1a: Mew|319\/404 tox|[from] item: Leftovers
|-damage|p1a: Mew|269\/404 tox|[from] psn
|upkeep
|turn|18
|choice|*|*move 2
|choice|*move 3|*
|choice|move icebeam|move thunderbolt
|
|move|p2a: Magnezone|Thunderbolt|p1a: Mew
|-damage|p1a: Mew|112\/404 tox
|move|p1a: Mew|Ice Beam|p2a: Magnezone
|-resisted|p2a: Magnezone
|-damage|p2a: Magnezone|108\/281
|
|-heal|p1a: Mew|137\/404 tox|[from] item: Leftovers
|-damage|p1a: Mew|62\/404 tox|[from] psn
|upkeep
|turn|19
|choice|*move 3|*
|choice|*|*move 2
|choice|move icebeam|move thunderbolt
|
|move|p2a: Magnezone|Thunderbolt|p1a: Mew
|-damage|p1a: Mew|0 fnt
|faint|p1a: Mew
|
|upkeep
|c|☆Ander E4|nice 6-0
|choice|*switch 5|*
|choice|switch 5|
|
|switch|p1a: Tapu Koko|Tapu Koko|181\/281
|-damage|p1a: Tapu Koko|146\/281|[from] Stealth Rock
|-fieldstart|move: Electric Terrain|[from] ability: Electric Surge|[of] p1a: Tapu Koko
|turn|20
|choice|*move 3|*
|choice|*|*switch 4
|choice|move dazzlinggleam|switch 4
|
|switch|p2a: Gastrodon|Gastrodon, F|400\/426 tox
|-damage|p2a: Gastrodon|374\/426 tox|[from] Stealth Rock
|move|p1a: Tapu Koko|Dazzling Gleam|p2a: Gastrodon
|-damage|p2a: Gastrodon|244\/426 tox
|
|-heal|p2a: Gastrodon|270\/426 tox|[from] item: Leftovers
|-damage|p2a: Gastrodon|244\/426 tox|[from] psn
|upkeep
|turn|21
|choice|*move 3|*
|choice|*|*move 4
|choice|move dazzlinggleam|move recover
|
|move|p1a: Tapu Koko|Dazzling Gleam|p2a: Gastrodon
|-damage|p2a: Gastrodon|97\/426 tox
|move|p2a: Gastrodon|Recover|p2a: Gastrodon
|-heal|p2a: Gastrodon|310\/426 tox
|
|-heal|p2a: Gastrodon|336\/426 tox|[from] item: Leftovers
|-damage|p2a: Gastrodon|284\/426 tox|[from] psn
|upkeep
|turn|22
|choice|*|*move 3
|choice|*move 3|*
|choice|move dazzlinggleam|move earthquake
|
|move|p1a: Tapu Koko|Dazzling Gleam|p2a: Gastrodon
|-damage|p2a: Gastrodon|140\/426 tox
|move|p2a: Gastrodon|Earthquake|p1a: Tapu Koko
|-supereffective|p1a: Tapu Koko
|-damage|p1a: Tapu Koko|0 fnt
|faint|p1a: Tapu Koko
|
|-heal|p2a: Gastrodon|166\/426 tox|[from] item: Leftovers
|-damage|p2a: Gastrodon|88\/426 tox|[from] psn
|upkeep
|choice|*switch 4|*
|choice|switch 4|
|
|switch|p1a: Landorus|Landorus-Therian, M|146\/349
|-damage|p1a: Landorus|103\/349|[from] Stealth Rock
|-ability|p1a: Landorus|Intimidate|boost
|-unboost|p2a: Gastrodon|atk|1
|turn|23
|choice|*|*move 2
|choice|*move 3|*
|choice|move hiddenpower|move scald
|
|move|p1a: Landorus|Hidden Power|p2a: Gastrodon
|-damage|p2a: Gastrodon|53\/426 tox
|move|p2a: Gastrodon|Scald|p1a: Landorus
|-supereffective|p1a: Landorus
|-damage|p1a: Landorus|0 fnt
|faint|p1a: Landorus
|
|win|Makesuit
|c|☆Ander E4|lel
|c|☆Ander E4|XD
</script>
</div>
<div class="battle-log battle-log-inline"><div class="inner"><div class="battle-options"></div><div class="inner"><div class=""><small>Format:</small> <br><strong>OU</strong></div><div class=""><small><em>Cláusula-Mod de Dormir:</em> solo puedes dormir a uno de tus oponentes a la vez.</small></div><div class=""><small><em>Cláusula de Especie:</em> Hasta un Pokémon de cada especie</small></div><div class=""><small><em>Cláusula de Golpe Fulminante:</em> los movimientos fulminantes (OHKO) estan prohibidos</small></div><div class=""><small><em>Cláusula de Veleta:</em> la habilidad Veleta está prohibida</small></div><div class=""><small><em>Cláusula de Movimientos Evasivos:</em> los movimientos de Evasión están prohibidos.</small></div><div class=""><small><em>Cláusula de Batallas Eternas:</em> forzar batallas eternas está prohibido</small></div><div class="chat battle-history"><strong>Ander E4's team:</strong> <em style="color:#445566;display:block;">Medicham / Tornadus-Therian / Tapu Koko / Landorus-Therian / Mew / Ferrothorn</em></div><div class="chat battle-history"><strong>Makesuit's team:</strong> <em style="color:#445566;display:block;">Medicham / Tornadus-Therian / Gastrodon / Tapu Koko / Landorus-Therian / Magnezone</em></div><div class="spacer battle-history"><br></div><div class="battle-history">Battle started between Ander E4 and Makesuit!<br></div><div class="spacer battle-history"><br></div><div class="battle-history">Go! Landorus (<strong>Landorus-Therian</strong>)!<br></div><div class="spacer battle-history"><br></div><div class="battle-history">Makesuit sent out Landorus (<strong>Landorus-Therian</strong>)!<br></div><div class="battle-history"><small>[Landorus's Intimidate]</small><br></div><div class="battle-history"><small>The opposing Landorus's Attack fell!</small><br></div><div class="battle-history"><small>[The opposing Landorus's Intimidate]</small><br></div><div class="battle-history"><small>Landorus's Attack fell!</small><br></div><div class="spacer battle-history"><br></div><h2 class="battle-history">Turn 1</h2><div class="spacer battle-history"><br></div><div class="battle-history">Landorus used <strong>Hidden Power</strong>!<br></div><div class="battle-history"><small>It's super effective!</small><br></div><div class="battle-history"><small>(The opposing Landorus lost <abbr title="−216/381">56.7%</abbr> of its health!)</small><br></div><div class="spacer battle-history"><br></div><div class="battle-history">The opposing Landorus used <strong>Stealth Rock</strong>!<br></div><div class="battle-history"><small>Pointed stones float in the air around your team!</small><br></div><div class="spacer battle-history"><br></div><h2 class="battle-history">Turn 2</h2><div class="spacer battle-history"><br></div><div class="battle-history">Landorus, come back!<br></div><div class="battle-history">Go! <strong>Medicham</strong>!<br></div><div class="battle-history"><small>Pointed stones dug into Medicham!</small><br></div><div class="spacer battle-history"><br></div><div class="battle-history">Makesuit withdrew Landorus!<br></div><div class="battle-history">Makesuit sent out <strong>Gastrodon</strong>!<br></div><div class="spacer battle-history"><br></div><h2 class="battle-history">Turn 3</h2><div class="spacer battle-history"><br></div><div class="battle-history">Makesuit withdrew Gastrodon!<br></div><div class="battle-history">Makesuit sent out Tornadus (<strong>Tornadus-Therian</strong>)!<br></div><div class="spacer battle-history"><br></div><div class="battle-history"><small>Medicham's Medichamite is reacting to the Key Stone!</small><br>Medicham has Mega Evolved into Mega Medicham!<br></div><div class="spacer battle-history"><br></div><div class="battle-history">Medicham used <strong>High Jump Kick</strong>!<br></div><div class="battle-history"><small>It's not very effective...</small><br></div><div class="battle-history"><small>(The opposing Tornadus lost <abbr title="−228/299">76.3%</abbr> of its health!)</small><br></div><div class="spacer battle-history"><br></div><h2 class="battle-history">Turn 4</h2><div class="spacer battle-history"><br></div><div class="battle-history">Medicham, come back!<br></div><div class="battle-history">Go! <strong>Tapu Koko</strong>!<br></div><div class="battle-history"><small>Pointed stones dug into Tapu Koko!</small><br></div><div class="battle-history"><small>[Tapu Koko's Electric Surge]</small><br><small>An electric current runs across the battlefield!</small><br></div><div class="spacer battle-history"><br></div><div class="battle-history">The opposing Tornadus used <strong>U-turn</strong>!<br></div><div class="battle-history"><small>It's not very effective...</small><br></div><div class="battle-history"><small>(Tapu Koko lost <abbr title="−30/281">10.7%</abbr> of its health!)</small><br></div><div class="spacer battle-history"><br></div><div class="battle-history">The opposing Tornadus went back to Makesuit!<br></div><div class="battle-history">Makesuit sent out <strong>Gastrodon</strong>!<br></div><div class="spacer battle-history"><br></div><h2 class="battle-history">Turn 5</h2><div class="spacer battle-history"><br></div><div class="battle-history">Tapu Koko, come back!<br></div><div class="battle-history">Go! <strong>Ferrothorn</strong>!<br></div><div class="battle-history"><small>Pointed stones dug into Ferrothorn!</small><br></div><div class="spacer battle-history"><br></div><div class="battle-history">Makesuit withdrew Gastrodon!<br></div><div class="battle-history">Makesuit sent out <strong>Magnezone</strong>!<br></div><div class="spacer battle-history"><br></div><div class="battle-history"><small>Ferrothorn restored a little HP using its Leftovers!</small><br></div><div class="spacer battle-history"><br></div><h2 class="battle-history">Turn 6</h2><div class="spacer battle-history"><br></div><div class="battle-history">The opposing Magnezone used <strong>Hidden Power</strong>!<br></div><div class="battle-history"><small>It's super effective!</small><br></div><div class="battle-history"><small>A critical hit!</small><br></div><div class="battle-history"><small>(Ferrothorn lost <abbr title="−300/352">85.2%</abbr> of its health!)</small><br></div><div class="spacer battle-history"><br></div><div class="battle-history">Ferrothorn used <strong>Leech Seed</strong>!<br></div><div class="battle-history"><small>The opposing Magnezone was seeded!</small><br></div><div class="spacer battle-history"><br></div><div class="battle-history"><small>Ferrothorn restored a little HP using its Leftovers!</small><br></div><div class="battle-history"><small>The opposing Magnezone's health is sapped by Leech Seed!</small><br></div><div class="spacer battle-history"><br></div><h2 class="battle-history">Turn 7</h2><div class="spacer battle-history"><br></div><div class="battle-history">The opposing Magnezone used <strong>Hidden Power</strong>!<br></div><div class="battle-history"><small>It's super effective!</small><br></div><div class="battle-history"><small>(Ferrothorn lost <abbr title="−109/352">31.0%</abbr> of its health!)</small><br></div><div class="spacer battle-history"><br></div><div class="battle-history">Ferrothorn fainted!<br></div><div class="spacer battle-history"><br></div><div class="battle-history">Go! Medicham (<strong>Medicham-Mega</strong>)!<br></div><div class="battle-history"><small>Pointed stones dug into Medicham!</small><br></div><div class="spacer battle-history"><br></div><h2 class="battle-history">Turn 8</h2><div class="spacer battle-history"><br></div><div class="battle-history">Makesuit withdrew Magnezone!<br></div><div class="battle-history">Makesuit sent out <strong>Tapu Koko</strong>!<br></div><div class="spacer battle-history"><br></div><div class="battle-history">Medicham used <strong>High Jump Kick</strong>!<br></div><div class="battle-history"><small>It's not very effective...</small><br></div><div class="battle-history"><small>(The opposing Tapu Koko lost <abbr title="−223/281">79.4%</abbr> of its health!)</small><br></div><div class="spacer battle-history"><br></div><div class="battle-history"><small>The electricity disappeared from the battlefield.</small><br></div><div class="spacer battle-history"><br></div><h2 class="battle-history">Turn 9</h2><div class="spacer battle-history"><br></div><div class="battle-history">The opposing Tapu Koko used <strong>Dazzling Gleam</strong>!<br></div><div class="battle-history"><small>It's super effective!</small><br></div><div class="battle-history"><small>A critical hit!</small><br></div><div class="battle-history"><small>(Medicham lost <abbr title="−229/261">87.7%</abbr> of its health!)</small><br></div><div class="spacer battle-history"><br></div><div class="battle-history">Medicham fainted!<br></div><div class="spacer battle-history"><br></div><div class="battle-history">Go! <strong>Tapu Koko</strong>!<br></div><div class="battle-history"><small>Pointed stones dug into Tapu Koko!</small><br></div><div class="battle-history"><small>[Tapu Koko's Electric Surge]</small><br><small>An electric current runs across the battlefield!</small><br></div><div class="spacer battle-history"><br></div><h2 class="battle-history">Turn 10</h2><div class="spacer battle-history"><br></div><div class="battle-history">Tapu Koko, come back!<br></div><div class="battle-history">Go! <strong>Mew</strong>!<br></div><div class="battle-history"><small>Pointed stones dug into Mew!</small><br></div><div class="spacer battle-history"><br></div><div class="battle-history">Makesuit withdrew Tapu Koko!<br></div><div class="battle-history">Makesuit sent out <strong>Gastrodon</strong>!<br></div><div class="spacer battle-history"><br></div><div class="battle-history"><small>Mew restored a little HP using its Leftovers!</small><br></div><div class="spacer battle-history"><br></div><h2 class="battle-history">Turn 11</h2><div class="spacer battle-history"><br></div><div class="battle-history">Mew used <strong>Stealth Rock</strong>!<br></div><div class="battle-history"><small>Pointed stones float in the air around the opposing team!</small><br></div><div class="spacer battle-history"><br></div><div class="battle-history">The opposing Gastrodon used <strong>Toxic</strong>!<br></div><div class="battle-history"><small>Mew was badly poisoned!</small><br></div><div class="battle-history"><small>[Mew's Synchronize]</small><br></div><div class="battle-history"><small>The opposing Gastrodon was badly poisoned!</small><br></div><div class="spacer battle-history"><br></div><div class="battle-history"><small>Mew restored a little HP using its Leftovers!</small><br></div><div class="battle-history"><small>Mew was hurt by poison!</small><br></div><div class="battle-history"><small>The opposing Gastrodon was hurt by poison!</small><br></div><div class="spacer battle-history"><br></div><h2 class="battle-history">Turn 12</h2><div class="spacer battle-history"><br></div><div class="battle-history">Mew, come back!<br></div><div class="battle-history">Go! Tornadus (<strong>Tornadus-Therian</strong>)!<br></div><div class="battle-history"><small>Pointed stones dug into Tornadus!</small><br></div><div class="spacer battle-history"><br></div><div class="battle-history">Makesuit withdrew Gastrodon!<br></div><div class="battle-history">Makesuit sent out <strong>Magnezone</strong>!<br></div><div class="battle-history"><small>Pointed stones dug into the opposing Magnezone!</small><br></div><div class="spacer battle-history"><br></div><h2 class="battle-history">Turn 13</h2><div class="spacer battle-history"><br></div><div class="battle-history">Tornadus used <strong>U-turn</strong>!<br></div><div class="battle-history"><small>It's not very effective...</small><br></div><div class="battle-history"><small>(The opposing Magnezone lost <abbr title="−23/281">8.2%</abbr> of its health!)</small><br></div><div class="spacer battle-history"><br></div><div class="battle-history">Tornadus went back to Ander E4!<br></div><div class="battle-history">Go! Landorus (<strong>Landorus-Therian</strong>)!<br></div><div class="battle-history"><small>Pointed stones dug into Landorus!</small><br></div><div class="battle-history"><small>[Landorus's Intimidate]</small><br></div><div class="battle-history"><small>The opposing Magnezone's Attack fell!</small><br></div><div class="spacer battle-history"><br></div><div class="battle-history">The opposing Magnezone used <strong>Flash Cannon</strong>!<br></div><div class="battle-history"><small>(Landorus lost <abbr title="−160/349">45.8%</abbr> of its health!)</small><br></div><div class="spacer battle-history"><br></div><h2 class="battle-history">Turn 14</h2><div class="spacer battle-history"><br></div><div class="battle-history">Landorus, come back!<br></div><div class="battle-history">Go! Tornadus (<strong>Tornadus-Therian</strong>)!<br></div><div class="battle-history"><small>Pointed stones dug into Tornadus!</small><br></div><div class="spacer battle-history"><br></div><div class="battle-history">Makesuit withdrew Magnezone!<br></div><div class="battle-history">Makesuit sent out Tornadus (<strong>Tornadus-Therian</strong>)!<br></div><div class="battle-history"><small>Pointed stones dug into the opposing Tornadus!</small><br></div><div class="spacer battle-history"><br></div><div class="battle-history"><small>The electricity disappeared from the battlefield.</small><br></div><div class="spacer battle-history"><br></div><h2 class="battle-history">Turn 15</h2><div class="spacer battle-history"><br></div><div class="battle-history"><small>The opposing Tornadus surrounded itself with its Z-Power!</small><br></div><div class="spacer battle-history"><br></div><div class="battle-history">The opposing Tornadus used <strong>Supersonic Skystrike</strong>!<br></div><div class="battle-history"><small>(Tornadus lost <abbr title="−225/299">75.3%</abbr> of its health!)</small><br></div><div class="spacer battle-history"><br></div><div class="battle-history">Tornadus fainted!<br></div><div class="spacer battle-history"><br></div><div class="battle-history">Go! <strong>Mew</strong>!<br></div><div class="battle-history"><small>Pointed stones dug into Mew!</small><br></div><div class="spacer battle-history"><br></div><h2 class="battle-history">Turn 16</h2><div class="spacer battle-history"><br></div><div class="battle-history">The opposing Tornadus used <strong>U-turn</strong>!<br></div><div class="battle-history"><small>It's super effective!</small><br></div><div class="battle-history"><small>(Mew lost <abbr title="−78/404">19.3%</abbr> of its health!)</small><br></div><div class="spacer battle-history"><br></div><div class="battle-history">The opposing Tornadus went back to Makesuit!<br></div><div class="battle-history">Makesuit sent out <strong>Magnezone</strong>!<br></div><div class="battle-history"><small>Pointed stones dug into the opposing Magnezone!</small><br></div><div class="spacer battle-history"><br></div><div class="battle-history">Mew used <strong>Ice Beam</strong>!<br></div><div class="battle-history"><small>It's not very effective...</small><br></div><div class="battle-history"><small>(The opposing Magnezone lost <abbr title="−40/281">14.2%</abbr> of its health!)</small><br></div><div class="spacer battle-history"><br></div><div class="battle-history"><small>Mew restored a little HP using its Leftovers!</small><br></div><div class="battle-history"><small>Mew was hurt by poison!</small><br></div><div class="spacer battle-history"><br></div><h2 class="battle-history">Turn 17</h2><div class="spacer battle-history"><br></div><div class="battle-history">The opposing Magnezone used <strong>Thunderbolt</strong>!<br></div><div class="battle-history"><small>(Mew lost <abbr title="−159/404">39.4%</abbr> of its health!)</small><br></div><div class="spacer battle-history"><br></div><div class="battle-history">Mew used <strong>Soft-Boiled</strong>!<br></div><div class="battle-history"><small>Mew restored its HP.</small><br></div><div class="spacer battle-history"><br></div><div class="battle-history"><small>Mew restored a little HP using its Leftovers!</small><br></div><div class="battle-history"><small>Mew was hurt by poison!</small><br></div><div class="spacer battle-history"><br></div><h2 class="battle-history">Turn 18</h2><div class="spacer battle-history"><br></div><div class="battle-history">The opposing Magnezone used <strong>Thunderbolt</strong>!<br></div><div class="battle-history"><small>(Mew lost <abbr title="−157/404">38.9%</abbr> of its health!)</small><br></div><div class="spacer battle-history"><br></div><div class="battle-history">Mew used <strong>Ice Beam</strong>!<br></div><div class="battle-history"><small>It's not very effective...</small><br></div><div class="battle-history"><small>(The opposing Magnezone lost <abbr title="−41/281">14.6%</abbr> of its health!)</small><br></div><div class="spacer battle-history"><br></div><div class="battle-history"><small>Mew restored a little HP using its Leftovers!</small><br></div><div class="battle-history"><small>Mew was hurt by poison!</small><br></div><div class="spacer battle-history"><br></div><h2 class="battle-history">Turn 19</h2><div class="spacer battle-history"><br></div><div class="battle-history">The opposing Magnezone used <strong>Thunderbolt</strong>!<br></div><div class="battle-history"><small>(Mew lost <abbr title="−62/404">15.3%</abbr> of its health!)</small><br></div><div class="spacer battle-history"><br></div><div class="battle-history">Mew fainted!<br></div><div class="chat chatmessage-andere4"><strong style="color:hsl(250,79%,60.54569155538465%)"><small>☆</small><span class="username" data-name="Ander E4">Ander E4</span>:</strong> <em>nice 6-0</em></div><div class="spacer battle-history"><br></div><div class="battle-history">Go! <strong>Tapu Koko</strong>!<br></div><div class="battle-history"><small>Pointed stones dug into Tapu Koko!</small><br></div><div class="battle-history"><small>[Tapu Koko's Electric Surge]</small><br><small>An electric current runs across the battlefield!</small><br></div><div class="spacer battle-history"><br></div><h2 class="battle-history">Turn 20</h2><div class="spacer battle-history"><br></div><div class="battle-history">Makesuit withdrew Magnezone!<br></div><div class="battle-history">Makesuit sent out <strong>Gastrodon</strong>!<br></div><div class="battle-history"><small>Pointed stones dug into the opposing Gastrodon!</small><br></div><div class="spacer battle-history"><br></div><div class="battle-history">Tapu Koko used <strong>Dazzling Gleam</strong>!<br></div><div class="battle-history"><small>(The opposing Gastrodon lost <abbr title="−130/426">30.5%</abbr> of its health!)</small><br></div><div class="spacer battle-history"><br></div><div class="battle-history"><small>The opposing Gastrodon restored a little HP using its Leftovers!</small><br></div><div class="battle-history"><small>The opposing Gastrodon was hurt by poison!</small><br></div><div class="spacer battle-history"><br></div><h2 class="battle-history">Turn 21</h2><div class="spacer battle-history"><br></div><div class="battle-history">Tapu Koko used <strong>Dazzling Gleam</strong>!<br></div><div class="battle-history"><small>(The opposing Gastrodon lost <abbr title="−147/426">34.5%</abbr> of its health!)</small><br></div><div class="spacer battle-history"><br></div><div class="battle-history">The opposing Gastrodon used <strong>Recover</strong>!<br></div><div class="battle-history"><small>The opposing Gastrodon restored its HP.</small><br></div><div class="spacer battle-history"><br></div><div class="battle-history"><small>The opposing Gastrodon restored a little HP using its Leftovers!</small><br></div><div class="battle-history"><small>The opposing Gastrodon was hurt by poison!</small><br></div><div class="spacer battle-history"><br></div><h2 class="battle-history">Turn 22</h2><div class="spacer battle-history"><br></div><div class="battle-history">Tapu Koko used <strong>Dazzling Gleam</strong>!<br></div><div class="battle-history"><small>(The opposing Gastrodon lost <abbr title="−144/426">33.8%</abbr> of its health!)</small><br></div><div class="spacer battle-history"><br></div><div class="battle-history">The opposing Gastrodon used <strong>Earthquake</strong>!<br></div><div class="battle-history"><small>It's super effective!</small><br></div><div class="battle-history"><small>(Tapu Koko lost <abbr title="−146/281">52.0%</abbr> of its health!)</small><br></div><div class="spacer battle-history"><br></div><div class="battle-history">Tapu Koko fainted!<br></div><div class="spacer battle-history"><br></div><div class="battle-history"><small>The opposing Gastrodon restored a little HP using its Leftovers!</small><br></div><div class="battle-history"><small>The opposing Gastrodon was hurt by poison!</small><br></div><div class="spacer battle-history"><br></div><div class="battle-history">Go! Landorus (<strong>Landorus-Therian</strong>)!<br></div><div class="battle-history"><small>Pointed stones dug into Landorus!</small><br></div><div class="battle-history"><small>[Landorus's Intimidate]</small><br></div><div class="battle-history"><small>The opposing Gastrodon's Attack fell!</small><br></div><div class="spacer battle-history"><br></div><h2 class="battle-history">Turn 23</h2><div class="spacer battle-history"><br></div><div class="battle-history">Landorus used <strong>Hidden Power</strong>!<br></div><div class="battle-history"><small>(The opposing Gastrodon lost <abbr title="−35/426">8.2%</abbr> of its health!)</small><br></div><div class="spacer battle-history"><br></div><div class="battle-history">The opposing Gastrodon used <strong>Scald</strong>!<br></div><div class="battle-history"><small>It's super effective!</small><br></div><div class="battle-history"><small>(Landorus lost <abbr title="−103/349">29.5%</abbr> of its health!)</small><br></div><div class="spacer battle-history"><br></div><div class="battle-history">Landorus fainted!<br></div><div class="spacer battle-history"><br></div><div class="battle-history"><strong>Makesuit</strong> won the battle!<br></div><div class="chat chatmessage-andere4"><strong style="color:hsl(250,79%,60.54569155538465%)"><small>☆</small><span class="username" data-name="Ander E4">Ander E4</span>:</strong> <em>lel</em></div><div class="chat chatmessage-andere4"><strong style="color:hsl(250,79%,60.54569155538465%)"><small>☆</small><span class="username" data-name="Ander E4">Ander E4</span>:</strong> <em>XD</em></div></div><div class="inner-preempt"></div></div></div>
</div>
<script>
let daily = Math.floor(Date.now()/1000/60/60/24);document.write('<script src="https://play.pokemonshowdown.com/js/replay-embed.js?version'+daily+'"></'+'script>');
</script>
