<!DOCTYPE html>
<meta charset="utf-8" />
<!-- version 1 -->
<title>OU replay: jeidel vs. ArcherMagic</title>
<style>
html,body {font-family:Verdana, sans-serif;font-size:10pt;margin:0;padding:0;}body{padding:12px 0;} .battle-log {font-family:Verdana, sans-serif;font-size:10pt;} .battle-log-inline {border:1px solid #AAAAAA;background:#EEF2F5;color:black;max-width:640px;margin:0 auto 80px;padding-bottom:5px;} .battle-log .inner {padding:4px 8px 0px 8px;} .battle-log .inner-preempt {padding:0 8px 4px 8px;} .battle-log .inner-after {margin-top:0.5em;} .battle-log h2 {margin:0.5em -8px;padding:4px 8px;border:1px solid #AAAAAA;background:#E0E7EA;border-left:0;border-right:0;font-family:Verdana, sans-serif;font-size:13pt;} .battle-log .chat {vertical-align:middle;padding:3px 0 3px 0;font-size:8pt;} .battle-log .chat strong {color:#40576A;} .battle-log .chat em {padding:1px 4px 1px 3px;color:#000000;font-style:normal;} .chat.mine {background:rgba(0,0,0,0.05);margin-left:-8px;margin-right:-8px;padding-left:8px;padding-right:8px;} .spoiler {color:#BBBBBB;background:#BBBBBB;padding:0px 3px;} .spoiler:hover, .spoiler:active, .spoiler-shown {color:#000000;background:#E2E2E2;padding:0px 3px;} .spoiler a {color:#BBBBBB;} .spoiler:hover a, .spoiler:active a, .spoiler-shown a {color:#2288CC;} .chat code, .chat .spoiler:hover code, .chat .spoiler:active code, .chat .spoiler-shown code {border:1px solid #C0C0C0;background:#EEEEEE;color:black;padding:0 2px;} .chat .spoiler code {border:1px solid #CCCCCC;background:#CCCCCC;color:#CCCCCC;} .battle-log .rated {padding:3px 4px;} .battle-log .rated strong {color:white;background:#89A;padding:1px 4px;border-radius:4px;} .spacer {margin-top:0.5em;} .message-announce {background:#6688AA;color:white;padding:1px 4px 2px;} .message-announce a, .broadcast-green a, .broadcast-blue a, .broadcast-red a {color:#DDEEFF;} .broadcast-green {background-color:#559955;color:white;padding:2px 4px;} .broadcast-blue {background-color:#6688AA;color:white;padding:2px 4px;} .infobox {border:1px solid #6688AA;padding:2px 4px;} .infobox-limited {max-height:200px;overflow:auto;overflow-x:hidden;} .broadcast-red {background-color:#AA5544;color:white;padding:2px 4px;} .message-learn-canlearn {font-weight:bold;color:#228822;text-decoration:underline;} .message-learn-cannotlearn {font-weight:bold;color:#CC2222;text-decoration:underline;} .message-effect-weak {font-weight:bold;color:#CC2222;} .message-effect-resist {font-weight:bold;color:#6688AA;} .message-effect-immune {font-weight:bold;color:#666666;} .message-learn-list {margin-top:0;margin-bottom:0;} .message-throttle-notice, .message-error {color:#992222;} .message-overflow, .chat small.message-overflow {font-size:0pt;} .message-overflow::before {font-size:9pt;content:'...';} .subtle {color:#3A4A66;}
</style>
<div class="wrapper replay-wrapper" style="max-width:1180px;margin:0 auto">
<input type="hidden" name="replayid" value="destiny-ou-528919" />
<div class="battle"></div><div class="battle-log"></div><div class="replay-controls"></div><div class="replay-controls-2"></div>
<h1 style="font-weight:normal;text-align:center"><strong>OU</strong><br /><a href="http://pokemonshowdown.com/users/jeidel" class="subtle" target="_blank">jeidel</a> vs. <a href="http://pokemonshowdown.com/users/archermagic" class="subtle" target="_blank">ArcherMagic</a></h1>
<script type="text/plain" class="battle-log-data">|player|p1|jeidel|https...imgur.com.a.ioujz?d072c3b2
|teamsize|p1|6
|player|p2|ArcherMagic|87
|teamsize|p2|6
|teamsize|p1|6
|teamsize|p2|6
|gametype|singles
|gen|7
|tier|OU
|rated
|seed|51943,13707,60879,46022
|rule|Cláusula-Mod de Dormir: solo puedes dormir a uno de tus oponentes a la vez.
|rule|Cláusula de Especie: Hasta un Pokémon de cada especie
|rule|Cláusula de Golpe Fulminante: los movimientos fulminantes (OHKO) estan prohibidos
|rule|Cláusula de Veleta: la habilidad Veleta está prohibida
|rule|Cláusula de Movimientos Evasivos: los movimientos de Evasión están prohibidos.
|rule|Cláusula de Batallas Eternas: forzar batallas eternas está prohibido
|clearpoke
|poke|p1|Greninja, M|item
|poke|p1|Heatran, F|item
|poke|p1|Zapdos|item
|poke|p1|Tapu Bulu|item
|poke|p1|Diggersby, M|item
|poke|p1|Clefable, F|item
|poke|p2|Serperior, F|item
|poke|p2|Excadrill, M|item
|poke|p2|Toxapex, F|item
|poke|p2|Magnezone|item
|poke|p2|Tapu Bulu|item
|poke|p2|Medicham, M|item
|teampreview|undefined
|choice|*|*team 623451
|choice|*|*team 523416
|choice|*team 123456|*
|choice|team 1, 2, 3, 4, 5, 6|team 5, 2, 3, 4, 1, 6
|
|start
|switch|p1a: Greninja|Greninja, M|285\/285
|switch|p2a: Tapu Bulu|Tapu Bulu|343\/343
|-fieldstart|move: Grassy Terrain|[from] ability: Grassy Surge|[of] p2a: Tapu Bulu
|turn|1
|choice|*|*move 1
|choice|*move 4|*
|choice|move uturn|move swordsdance
|
|move|p1a: Greninja|U-turn|p2a: Tapu Bulu
|-damage|p2a: Tapu Bulu|304\/343
|choice|*switch 2|*
|choice|switch 2|
|
|switch|p1a: Heatran|Heatran, F|386\/386|[from]move: U-turn
|move|p2a: Tapu Bulu|Swords Dance|p2a: Tapu Bulu
|-boost|p2a: Tapu Bulu|atk|2
|
|-heal|p2a: Tapu Bulu|325\/343|[from] Grassy Terrain
|upkeep
|turn|2
|choice|*|*move 3 zmove
|choice|*move 1|*
|choice|move lavaplume|move superpower zmove
|
|move|p1a: Heatran|Lava Plume|p2a: Tapu Bulu
|-supereffective|p2a: Tapu Bulu
|-damage|p2a: Tapu Bulu|157\/343
|-zpower|p2a: Tapu Bulu
|move|p2a: Tapu Bulu|All-Out Pummeling|p1a: Heatran|[zeffect]
|-supereffective|p1a: Heatran
|-damage|p1a: Heatran|0 fnt
|faint|p1a: Heatran
|
|-heal|p2a: Tapu Bulu|178\/343|[from] Grassy Terrain
|upkeep
|choice|*switch 5|*
|choice|switch 5|
|
|switch|p1a: Diggersby|Diggersby, M|311\/311
|turn|3
|choice|*|*move 2
|choice|*move 1|*
|choice|move frustration|move hornleech
|
|move|p1a: Diggersby|Frustration|p2a: Tapu Bulu
|-damage|p2a: Tapu Bulu|0 fnt
|faint|p2a: Tapu Bulu
|
|upkeep
|choice|*|*switch 5
|choice||switch 5
|
|switch|p2a: Serperior|Serperior, F|305\/305
|turn|4
|choice|*|*move 1
|choice|*switch 4|*
|choice|switch 4|move leafstorm
|
|switch|p1a: Tapu Bulu|Tapu Bulu|343\/343
|move|p2a: Serperior|Leaf Storm|p1a: Tapu Bulu
|-resisted|p1a: Tapu Bulu
|-damage|p1a: Tapu Bulu|262\/343
|-boost|p2a: Serperior|spa|2
|
|-heal|p1a: Tapu Bulu|283\/343|[from] Grassy Terrain
|upkeep
|turn|5
|choice|*|*move 3
|choice|*move 1 zmove|*
|choice|move hornleech zmove|move substitute
|
|move|p2a: Serperior|Substitute|p2a: Serperior
|-start|p2a: Serperior|Substitute
|-damage|p2a: Serperior|229\/305
|-zpower|p1a: Tapu Bulu
|move|p1a: Tapu Bulu|Bloom Doom|p2a: Serperior|[zeffect]
|-resisted|p2a: Serperior
|-end|p2a: Serperior|Substitute
|
|-heal|p2a: Serperior|248\/305|[from] item: Leftovers
|-heal|p2a: Serperior|267\/305|[from] Grassy Terrain
|-heal|p1a: Tapu Bulu|304\/343|[from] Grassy Terrain
|-fieldend|move: Grassy Terrain
|upkeep
|turn|6
|choice|*|*move 3
|choice|*move 2|*
|choice|move swordsdance|move substitute
|
|move|p2a: Serperior|Substitute|p2a: Serperior
|-start|p2a: Serperior|Substitute
|-damage|p2a: Serperior|191\/305
|move|p1a: Tapu Bulu|Swords Dance|p1a: Tapu Bulu
|-boost|p1a: Tapu Bulu|atk|2
|
|-heal|p2a: Serperior|210\/305|[from] item: Leftovers
|upkeep
|turn|7
|choice|*move 1|*
|choice|*|*move 1
|choice|move hornleech|move leafstorm
|
|move|p2a: Serperior|Leaf Storm|p1a: Tapu Bulu
|-resisted|p1a: Tapu Bulu
|-damage|p1a: Tapu Bulu|187\/343
|-boost|p2a: Serperior|spa|2
|move|p1a: Tapu Bulu|Horn Leech|p2a: Serperior
|-resisted|p2a: Serperior
|-end|p2a: Serperior|Substitute
|-heal|p1a: Tapu Bulu|225\/343|[from] drain|[of] p2a: Serperior
|
|-heal|p2a: Serperior|229\/305|[from] item: Leftovers
|upkeep
|turn|8
|choice|*|*move 2
|choice|*move 4|*
|choice|move synthesis|move hiddenpower
|
|move|p2a: Serperior|Hidden Power|p1a: Tapu Bulu
|-supereffective|p1a: Tapu Bulu
|-damage|p1a: Tapu Bulu|5\/343
|move|p1a: Tapu Bulu|Synthesis|p1a: Tapu Bulu
|-heal|p1a: Tapu Bulu|176\/343
|
|-heal|p2a: Serperior|248\/305|[from] item: Leftovers
|upkeep
|turn|9
|choice|*|*move 2
|choice|*move 1|*
|choice|move hornleech|move hiddenpower
|
|move|p2a: Serperior|Hidden Power|p1a: Tapu Bulu
|-supereffective|p1a: Tapu Bulu
|-damage|p1a: Tapu Bulu|0 fnt
|faint|p1a: Tapu Bulu
|
|-heal|p2a: Serperior|267\/305|[from] item: Leftovers
|upkeep
|choice|*switch 3|*
|choice|switch 3|
|
|switch|p1a: Zapdos|Zapdos|383\/383
|turn|10
|choice|*|*move 1
|choice|*move 2|*
|choice|move heatwave|move leafstorm
|
|move|p2a: Serperior|Leaf Storm|p1a: Zapdos|[miss]
|-miss|p2a: Serperior|p1a: Zapdos
|move|p1a: Zapdos|Heat Wave|p2a: Serperior|[miss]
|-miss|p1a: Zapdos|p2a: Serperior
|
|-heal|p2a: Serperior|286\/305|[from] item: Leftovers
|upkeep
|turn|11
|choice|*|*move 3
|choice|*|*move 1
|choice|*move 2|*
|choice|move heatwave|move leafstorm
|
|move|p2a: Serperior|Leaf Storm|p1a: Zapdos
|-resisted|p1a: Zapdos
|-damage|p1a: Zapdos|139\/383
|-boost|p2a: Serperior|spa|2
|move|p1a: Zapdos|Heat Wave|p2a: Serperior
|-supereffective|p2a: Serperior
|-damage|p2a: Serperior|98\/305
|
|-heal|p2a: Serperior|117\/305|[from] item: Leftovers
|-heal|p1a: Zapdos|162\/383|[from] item: Leftovers
|upkeep
|turn|12
|choice|*|*move 2
|choice|*|*move 1
|choice|*|*move 1
|choice|*move 2|*
|choice|move heatwave|move leafstorm
|
|move|p2a: Serperior|Leaf Storm|p1a: Zapdos
|-resisted|p1a: Zapdos
|-damage|p1a: Zapdos|0 fnt
|faint|p1a: Zapdos
|
|-heal|p2a: Serperior|136\/305|[from] item: Leftovers
|upkeep
|choice|*switch 2|*
|choice|switch 2|
|
|switch|p1a: Greninja|Greninja, M|285\/285
|turn|13
|choice|*move 2|*
|choice|*|*move 1
|choice|move darkpulse|move leafstorm
|
|move|p1a: Greninja|Dark Pulse|p2a: Serperior
|-damage|p2a: Serperior|0 fnt
|faint|p2a: Serperior
|-activate|p1a: Greninja|ability: Battle Bond
|detailschange|p1a: Greninja|Greninja-Ash, M
|
|upkeep
|choice|*|*switch 3
|choice||switch 3
|
|switch|p2a: Toxapex|Toxapex, F|303\/303
|turn|14
|choice|*|*move 3
|choice|*switch 4|*
|choice|*|*move 1
|choice|switch 4|move scald
|
|switch|p1a: Diggersby|Diggersby, M|311\/311
|move|p2a: Toxapex|Scald|p1a: Diggersby
|-supereffective|p1a: Diggersby
|-damage|p1a: Diggersby|161\/311
|
|upkeep
|turn|15
|choice|*|*move 4
|choice|*move 2|*
|choice|move earthquake|move banefulbunker
|
|move|p2a: Toxapex|Baneful Bunker|p2a: Toxapex
|-singleturn|p2a: Toxapex|move: Protect
|move|p1a: Diggersby|Earthquake|p2a: Toxapex
|-activate|p2a: Toxapex|move: Protect
|
|upkeep
|turn|16
|choice|*move 2|*
|choice|*|*switch 4
|choice|move earthquake|switch 4
|
|switch|p2a: Magnezone|Magnezone|281\/281
|move|p1a: Diggersby|Earthquake|p2a: Magnezone
|-supereffective|p2a: Magnezone
|-damage|p2a: Magnezone|0 fnt
|faint|p2a: Magnezone
|
|upkeep
|choice|*|*switch 2
|choice||switch 2
|
|switch|p2a: Excadrill|Excadrill, M|361\/361
|-ability|p2a: Excadrill|Mold Breaker
|turn|17
|choice|*|*move 3
|choice|*switch 6|*
|choice|switch 6|move earthquake
|
|switch|p1a: Clefable|Clefable, F|393\/393
|move|p2a: Excadrill|Earthquake|p1a: Clefable
|-damage|p1a: Clefable|219\/393
|
|-heal|p1a: Clefable|243\/393|[from] item: Leftovers
|upkeep
|turn|18
|choice|*move 3|*
|choice|*|*move 3
|choice|move softboiled|move earthquake
|
|move|p2a: Excadrill|Earthquake|p1a: Clefable
|-damage|p1a: Clefable|69\/393
|move|p1a: Clefable|Soft-Boiled|p1a: Clefable
|-heal|p1a: Clefable|266\/393
|
|-heal|p1a: Clefable|290\/393|[from] item: Leftovers
|upkeep
|turn|19
|choice|*|*switch 4
|choice|*move 3|*
|choice|move softboiled|switch 4
|
|switch|p2a: Toxapex|Toxapex, F|303\/303
|move|p1a: Clefable|Soft-Boiled|p1a: Clefable
|-heal|p1a: Clefable|393\/393
|
|upkeep
|turn|20
|choice|*|*move 1
|choice|*|*move 1
|choice|*move 4|*
|choice|move thunderwave|move scald
|
|move|p1a: Clefable|Thunder Wave|p2a: Toxapex
|-status|p2a: Toxapex|par
|move|p2a: Toxapex|Scald|p1a: Clefable
|-damage|p1a: Clefable|327\/393
|
|-heal|p1a: Clefable|351\/393|[from] item: Leftovers
|upkeep
|turn|21
|choice|*|*switch 4
|choice|*switch 6|*
|choice|switch 6|switch 4
|
|switch|p1a: Diggersby|Diggersby, M|161\/311
|switch|p2a: Excadrill|Excadrill, M|361\/361
|-ability|p2a: Excadrill|Mold Breaker
|
|upkeep
|turn|22
|choice|*|*move 3
|choice|*|*move 3
|choice|*switch 4|*
|choice|switch 4|move earthquake
|
|switch|p1a: Greninja|Greninja-Ash, M|285\/285
|move|p2a: Excadrill|Earthquake|p1a: Greninja
|-damage|p1a: Greninja|0 fnt
|faint|p1a: Greninja
|
|upkeep
|choice|*switch 6|*
|choice|switch 6|
|
|switch|p1a: Clefable|Clefable, F|351\/393
|turn|23
|choice|*|*switch 4
|choice|*move 2|*
|choice|move stealthrock|switch 4
|
|switch|p2a: Toxapex|Toxapex, F|303\/303 par
|move|p1a: Clefable|Stealth Rock|p2a: Toxapex
|-sidestart|p2: ArcherMagic|move: Stealth Rock
|
|-heal|p1a: Clefable|375\/393|[from] item: Leftovers
|upkeep
|turn|24
|choice|*|*move 1
|choice|*switch 4|*
|choice|switch 4|move scald
|
|switch|p1a: Diggersby|Diggersby, M|161\/311
|cant|p2a: Toxapex|par
|
|upkeep
|turn|25
|choice|*|*move 1
|choice|*move 2|*
|choice|move earthquake|move scald
|
|move|p1a: Diggersby|Earthquake|p2a: Toxapex
|-supereffective|p2a: Toxapex
|-damage|p2a: Toxapex|0 fnt
|faint|p2a: Toxapex
|
|upkeep
|choice|*|*switch 6
|choice||switch 6
|
|switch|p2a: Medicham|Medicham, M|262\/262
|-damage|p2a: Medicham|246\/262|[from] Stealth Rock
|turn|26
|choice|*|*move 2 mega
|choice|*move 2|*
|choice|move earthquake|move zenheadbutt mega
|
|-mega|p2a: Medicham|Medicham|Medichamite
|detailschange|p2a: Medicham|Medicham-Mega, M
|move|p2a: Medicham|Zen Headbutt|p1a: Diggersby
|-damage|p1a: Diggersby|0 fnt
|faint|p1a: Diggersby
|
|upkeep
|choice|*switch 4|*
|choice|switch 4|
|
|switch|p1a: Clefable|Clefable, F|375\/393
|turn|27
|choice|*|*move 2
|choice|*move 1|*
|choice|move moonblast|move zenheadbutt
|
|move|p2a: Medicham|Zen Headbutt|p1a: Clefable
|-damage|p1a: Clefable|159\/393
|cant|p1a: Clefable|flinch
|
|-heal|p1a: Clefable|183\/393|[from] item: Leftovers
|upkeep
|turn|28
|choice|*|*move 2
|choice|*move 1|*
|choice|move moonblast|move zenheadbutt
|
|move|p2a: Medicham|Zen Headbutt|p1a: Clefable
|-damage|p1a: Clefable|0 fnt
|faint|p1a: Clefable
|
|win|ArcherMagic
ArcherMagic ha ganado 6.75 PokeDolares.
|raw|Puntaje de jeidel: 1531 &rarr; <strong>1499<\/strong><br \/>(-32 por perder)
|raw|Puntaje de ArcherMagic: 1288 &rarr; <strong>1328<\/strong><br \/>(+40 por ganar)
</script>
</div>
<div class="battle-log battle-log-inline"><div class="inner"><div class="battle-options"></div><div class="inner"><div class=""><small>Format:</small> <br><strong>OU</strong></div><div class="rated"><strong>Rated battle</strong></div><div class=""><small><em>Cláusula-Mod de Dormir:</em> solo puedes dormir a uno de tus oponentes a la vez.</small></div><div class=""><small><em>Cláusula de Especie:</em> Hasta un Pokémon de cada especie</small></div><div class=""><small><em>Cláusula de Golpe Fulminante:</em> los movimientos fulminantes (OHKO) estan prohibidos</small></div><div class=""><small><em>Cláusula de Veleta:</em> la habilidad Veleta está prohibida</small></div><div class=""><small><em>Cláusula de Movimientos Evasivos:</em> los movimientos de Evasión están prohibidos.</small></div><div class=""><small><em>Cláusula de Batallas Eternas:</em> forzar batallas eternas está prohibido</small></div><div class="chat battle-history"><strong>jeidel's team:</strong> <em style="color:#445566;display:block;">Greninja / Heatran / Zapdos / Tapu Bulu / Diggersby / Clefable</em></div><div class="chat battle-history"><strong>ArcherMagic's team:</strong> <em style="color:#445566;display:block;">Serperior / Excadrill / Toxapex / Magnezone / Tapu Bulu / Medicham</em></div><div class="spacer battle-history"><br></div><div class="battle-history">Battle started between jeidel and ArcherMagic!<br></div><div class="spacer battle-history"><br></div><div class="battle-history">Go! <strong>Greninja</strong>!<br></div><div class="spacer battle-history"><br></div><div class="battle-history">ArcherMagic sent out <strong>Tapu Bulu</strong>!<br></div><div class="battle-history"><small>[The opposing Tapu Bulu's Grassy Surge]</small><br><small>Grass grew to cover the battlefield!</small><br></div><div class="spacer battle-history"><br></div><h2 class="battle-history">Turn 1</h2><div class="spacer battle-history"><br></div><div class="battle-history">Greninja used <strong>U-turn</strong>!<br></div><div class="battle-history"><small>(The opposing Tapu Bulu lost <abbr title="−39/343">11.4%</abbr> of its health!)</small><br></div><div class="spacer battle-history"><br></div><div class="battle-history">Greninja went back to jeidel!<br></div><div class="battle-history">Go! <strong>Heatran</strong>!<br></div><div class="spacer battle-history"><br></div><div class="battle-history">The opposing Tapu Bulu used <strong>Swords Dance</strong>!<br></div><div class="battle-history"><small>The opposing Tapu Bulu's Attack rose sharply!</small><br></div><div class="spacer battle-history"><br></div><div class="battle-history"><small>The opposing Tapu Bulu restored HP using its Grassy Terrain!</small><br></div><div class="spacer battle-history"><br></div><h2 class="battle-history">Turn 2</h2><div class="spacer battle-history"><br></div><div class="battle-history">Heatran used <strong>Lava Plume</strong>!<br></div><div class="battle-history"><small>It's super effective!</small><br></div><div class="battle-history"><small>(The opposing Tapu Bulu lost <abbr title="−168/343">49.0%</abbr> of its health!)</small><br></div><div class="battle-history"><small>The opposing Tapu Bulu surrounded itself with its Z-Power!</small><br></div><div class="spacer battle-history"><br></div><div class="battle-history">The opposing Tapu Bulu used <strong>All-Out Pummeling</strong>!<br></div><div class="battle-history"><small>It's super effective!</small><br></div><div class="battle-history"><small>(Heatran lost <abbr title="−386/386">100%</abbr> of its health!)</small><br></div><div class="spacer battle-history"><br></div><div class="battle-history">Heatran fainted!<br></div><div class="spacer battle-history"><br></div><div class="battle-history"><small>The opposing Tapu Bulu restored HP using its Grassy Terrain!</small><br></div><div class="spacer battle-history"><br></div><div class="battle-history">Go! <strong>Diggersby</strong>!<br></div><div class="spacer battle-history"><br></div><h2 class="battle-history">Turn 3</h2><div class="spacer battle-history"><br></div><div class="battle-history">Diggersby used <strong>Frustration</strong>!<br></div><div class="battle-history"><small>(The opposing Tapu Bulu lost <abbr title="−178/343">51.9%</abbr> of its health!)</small><br></div><div class="spacer battle-history"><br></div><div class="battle-history">The opposing Tapu Bulu fainted!<br></div><div class="spacer battle-history"><br></div><div class="battle-history">ArcherMagic sent out <strong>Serperior</strong>!<br></div><div class="spacer battle-history"><br></div><h2 class="battle-history">Turn 4</h2><div class="spacer battle-history"><br></div><div class="battle-history">Diggersby, come back!<br></div><div class="battle-history">Go! <strong>Tapu Bulu</strong>!<br></div><div class="spacer battle-history"><br></div><div class="battle-history">The opposing Serperior used <strong>Leaf Storm</strong>!<br></div><div class="battle-history"><small>It's not very effective...</small><br></div><div class="battle-history"><small>(Tapu Bulu lost <abbr title="−81/343">23.6%</abbr> of its health!)</small><br></div><div class="battle-history"><small>The opposing Serperior's Special Attack rose sharply!</small><br></div><div class="spacer battle-history"><br></div><div class="battle-history"><small>Tapu Bulu restored HP using its Grassy Terrain!</small><br></div><div class="spacer battle-history"><br></div><h2 class="battle-history">Turn 5</h2><div class="spacer battle-history"><br></div><div class="battle-history">The opposing Serperior used <strong>Substitute</strong>!<br></div><div class="battle-history"><small>The opposing Serperior put in a substitute!</small><br></div><div class="battle-history"><small>(The opposing Serperior lost <abbr title="−76/305">24.9%</abbr> of its health!)</small><br></div><div class="battle-history"><small>Tapu Bulu surrounded itself with its Z-Power!</small><br></div><div class="spacer battle-history"><br></div><div class="battle-history">Tapu Bulu used <strong>Bloom Doom</strong>!<br></div><div class="battle-history"><small>It's not very effective...</small><br></div><div class="battle-history"><small>The opposing Serperior's substitute faded!</small><br></div><div class="spacer battle-history"><br></div><div class="battle-history"><small>The opposing Serperior restored a little HP using its Leftovers!</small><br></div><div class="battle-history"><small>The opposing Serperior restored HP using its Grassy Terrain!</small><br></div><div class="battle-history"><small>Tapu Bulu restored HP using its Grassy Terrain!</small><br></div><div class="battle-history"><small>The grass disappeared from the battlefield.</small><br></div><div class="spacer battle-history"><br></div><h2 class="battle-history">Turn 6</h2><div class="spacer battle-history"><br></div><div class="battle-history">The opposing Serperior used <strong>Substitute</strong>!<br></div><div class="battle-history"><small>The opposing Serperior put in a substitute!</small><br></div><div class="battle-history"><small>(The opposing Serperior lost <abbr title="−76/305">24.9%</abbr> of its health!)</small><br></div><div class="spacer battle-history"><br></div><div class="battle-history">Tapu Bulu used <strong>Swords Dance</strong>!<br></div><div class="battle-history"><small>Tapu Bulu's Attack rose sharply!</small><br></div><div class="spacer battle-history"><br></div><div class="battle-history"><small>The opposing Serperior restored a little HP using its Leftovers!</small><br></div><div class="spacer battle-history"><br></div><h2 class="battle-history">Turn 7</h2><div class="spacer battle-history"><br></div><div class="battle-history">The opposing Serperior used <strong>Leaf Storm</strong>!<br></div><div class="battle-history"><small>It's not very effective...</small><br></div><div class="battle-history"><small>(Tapu Bulu lost <abbr title="−117/343">34.1%</abbr> of its health!)</small><br></div><div class="battle-history"><small>The opposing Serperior's Special Attack rose sharply!</small><br></div><div class="spacer battle-history"><br></div><div class="battle-history">Tapu Bulu used <strong>Horn Leech</strong>!<br></div><div class="battle-history"><small>It's not very effective...</small><br></div><div class="battle-history"><small>The opposing Serperior's substitute faded!</small><br></div><div class="battle-history"><small>The opposing Serperior had its energy drained!</small><br></div><div class="spacer battle-history"><br></div><div class="battle-history"><small>The opposing Serperior restored a little HP using its Leftovers!</small><br></div><div class="spacer battle-history"><br></div><h2 class="battle-history">Turn 8</h2><div class="spacer battle-history"><br></div><div class="battle-history">The opposing Serperior used <strong>Hidden Power</strong>!<br></div><div class="battle-history"><small>It's super effective!</small><br></div><div class="battle-history"><small>(Tapu Bulu lost <abbr title="−220/343">64.1%</abbr> of its health!)</small><br></div><div class="spacer battle-history"><br></div><div class="battle-history">Tapu Bulu used <strong>Synthesis</strong>!<br></div><div class="battle-history"><small>Tapu Bulu restored its HP.</small><br></div><div class="spacer battle-history"><br></div><div class="battle-history"><small>The opposing Serperior restored a little HP using its Leftovers!</small><br></div><div class="spacer battle-history"><br></div><h2 class="battle-history">Turn 9</h2><div class="spacer battle-history"><br></div><div class="battle-history">The opposing Serperior used <strong>Hidden Power</strong>!<br></div><div class="battle-history"><small>It's super effective!</small><br></div><div class="battle-history"><small>(Tapu Bulu lost <abbr title="−176/343">51.3%</abbr> of its health!)</small><br></div><div class="spacer battle-history"><br></div><div class="battle-history">Tapu Bulu fainted!<br></div><div class="spacer battle-history"><br></div><div class="battle-history"><small>The opposing Serperior restored a little HP using its Leftovers!</small><br></div><div class="spacer battle-history"><br></div><div class="battle-history">Go! <strong>Zapdos</strong>!<br></div><div class="spacer battle-history"><br></div><h2 class="battle-history">Turn 10</h2><div class="spacer battle-history"><br></div><div class="battle-history">The opposing Serperior used <strong>Leaf Storm</strong>!<br></div><div class="battle-history"><small>Zapdos avoided the attack!</small><br></div><div class="spacer battle-history"><br></div><div class="battle-history">Zapdos used <strong>Heat Wave</strong>!<br></div><div class="battle-history"><small>The opposing Serperior avoided the attack!</small><br></div><div class="spacer battle-history"><br></div><div class="battle-history"><small>The opposing Serperior restored a little HP using its Leftovers!</small><br></div><div class="spacer battle-history"><br></div><h2 class="battle-history">Turn 11</h2><div class="spacer battle-history"><br></div><div class="battle-history">The opposing Serperior used <strong>Leaf Storm</strong>!<br></div><div class="battle-history"><small>It's not very effective...</small><br></div><div class="battle-history"><small>(Zapdos lost <abbr title="−244/383">63.7%</abbr> of its health!)</small><br></div><div class="battle-history"><small>The opposing Serperior's Special Attack rose sharply!</small><br></div><div class="spacer battle-history"><br></div><div class="battle-history">Zapdos used <strong>Heat Wave</strong>!<br></div><div class="battle-history"><small>It's super effective!</small><br></div><div class="battle-history"><small>(The opposing Serperior lost <abbr title="−188/305">61.6%</abbr> of its health!)</small><br></div><div class="spacer battle-history"><br></div><div class="battle-history"><small>The opposing Serperior restored a little HP using its Leftovers!</small><br></div><div class="battle-history"><small>Zapdos restored a little HP using its Leftovers!</small><br></div><div class="spacer battle-history"><br></div><h2 class="battle-history">Turn 12</h2><div class="spacer battle-history"><br></div><div class="battle-history">The opposing Serperior used <strong>Leaf Storm</strong>!<br></div><div class="battle-history"><small>It's not very effective...</small><br></div><div class="battle-history"><small>(Zapdos lost <abbr title="−162/383">42.3%</abbr> of its health!)</small><br></div><div class="spacer battle-history"><br></div><div class="battle-history">Zapdos fainted!<br></div><div class="spacer battle-history"><br></div><div class="battle-history"><small>The opposing Serperior restored a little HP using its Leftovers!</small><br></div><div class="spacer battle-history"><br></div><div class="battle-history">Go! <strong>Greninja</strong>!<br></div><div class="spacer battle-history"><br></div><h2 class="battle-history">Turn 13</h2><div class="spacer battle-history"><br></div><div class="battle-history">Greninja used <strong>Dark Pulse</strong>!<br></div><div class="battle-history"><small>(The opposing Serperior lost <abbr title="−136/305">44.6%</abbr> of its health!)</small><br></div><div class="spacer battle-history"><br></div><div class="battle-history">The opposing Serperior fainted!<br></div><div class="battle-history"><small>[Greninja's Battle Bond]</small><br><small>Greninja became fully charged due to its bond with its Trainer!</small><br></div><div class="battle-history">Greninja became Ash-Greninja!<br></div><div class="spacer battle-history"><br></div><div class="battle-history">ArcherMagic sent out <strong>Toxapex</strong>!<br></div><div class="spacer battle-history"><br></div><h2 class="battle-history">Turn 14</h2><div class="spacer battle-history"><br></div><div class="battle-history">Greninja, come back!<br></div><div class="battle-history">Go! <strong>Diggersby</strong>!<br></div><div class="spacer battle-history"><br></div><div class="battle-history">The opposing Toxapex used <strong>Scald</strong>!<br></div><div class="battle-history"><small>It's super effective!</small><br></div><div class="battle-history"><small>(Diggersby lost <abbr title="−150/311">48.2%</abbr> of its health!)</small><br></div><div class="spacer battle-history"><br></div><h2 class="battle-history">Turn 15</h2><div class="spacer battle-history"><br></div><div class="battle-history">The opposing Toxapex used <strong>Baneful Bunker</strong>!<br></div><div class="battle-history"><small>The opposing Toxapex protected itself!</small><br></div><div class="spacer battle-history"><br></div><div class="battle-history">Diggersby used <strong>Earthquake</strong>!<br></div><div class="battle-history"><small>The opposing Toxapex protected itself!</small><br></div><div class="spacer battle-history"><br></div><h2 class="battle-history">Turn 16</h2><div class="spacer battle-history"><br></div><div class="battle-history">ArcherMagic withdrew Toxapex!<br></div><div class="battle-history">ArcherMagic sent out <strong>Magnezone</strong>!<br></div><div class="spacer battle-history"><br></div><div class="battle-history">Diggersby used <strong>Earthquake</strong>!<br></div><div class="battle-history"><small>It's super effective!</small><br></div><div class="battle-history"><small>(The opposing Magnezone lost <abbr title="−281/281">100%</abbr> of its health!)</small><br></div><div class="spacer battle-history"><br></div><div class="battle-history">The opposing Magnezone fainted!<br></div><div class="spacer battle-history"><br></div><div class="battle-history">ArcherMagic sent out <strong>Excadrill</strong>!<br></div><div class="battle-history"><small>[The opposing Excadrill's Mold Breaker]</small><br><small>The opposing Excadrill breaks the mold!</small><br></div><div class="spacer battle-history"><br></div><h2 class="battle-history">Turn 17</h2><div class="spacer battle-history"><br></div><div class="battle-history">Diggersby, come back!<br></div><div class="battle-history">Go! <strong>Clefable</strong>!<br></div><div class="spacer battle-history"><br></div><div class="battle-history">The opposing Excadrill used <strong>Earthquake</strong>!<br></div><div class="battle-history"><small>(Clefable lost <abbr title="−174/393">44.3%</abbr> of its health!)</small><br></div><div class="spacer battle-history"><br></div><div class="battle-history"><small>Clefable restored a little HP using its Leftovers!</small><br></div><div class="spacer battle-history"><br></div><h2 class="battle-history">Turn 18</h2><div class="spacer battle-history"><br></div><div class="battle-history">The opposing Excadrill used <strong>Earthquake</strong>!<br></div><div class="battle-history"><small>(Clefable lost <abbr title="−174/393">44.3%</abbr> of its health!)</small><br></div><div class="spacer battle-history"><br></div><div class="battle-history">Clefable used <strong>Soft-Boiled</strong>!<br></div><div class="battle-history"><small>Clefable restored its HP.</small><br></div><div class="spacer battle-history"><br></div><div class="battle-history"><small>Clefable restored a little HP using its Leftovers!</small><br></div><div class="spacer battle-history"><br></div><h2 class="battle-history">Turn 19</h2><div class="spacer battle-history"><br></div><div class="battle-history">ArcherMagic withdrew Excadrill!<br></div><div class="battle-history">ArcherMagic sent out <strong>Toxapex</strong>!<br></div><div class="spacer battle-history"><br></div><div class="battle-history">Clefable used <strong>Soft-Boiled</strong>!<br></div><div class="battle-history"><small>Clefable restored its HP.</small><br></div><div class="spacer battle-history"><br></div><h2 class="battle-history">Turn 20</h2><div class="spacer battle-history"><br></div><div class="battle-history">Clefable used <strong>Thunder Wave</strong>!<br></div><div class="battle-history"><small>The opposing Toxapex is paralyzed! It may be unable to move!</small><br></div><div class="spacer battle-history"><br></div><div class="battle-history">The opposing Toxapex used <strong>Scald</strong>!<br></div><div class="battle-history"><small>(Clefable lost <abbr title="−66/393">16.8%</abbr> of its health!)</small><br></div><div class="spacer battle-history"><br></div><div class="battle-history"><small>Clefable restored a little HP using its Leftovers!</small><br></div><div class="spacer battle-history"><br></div><h2 class="battle-history">Turn 21</h2><div class="spacer battle-history"><br></div><div class="battle-history">Clefable, come back!<br></div><div class="battle-history">Go! <strong>Diggersby</strong>!<br></div><div class="spacer battle-history"><br></div><div class="battle-history">ArcherMagic withdrew Toxapex!<br></div><div class="battle-history">ArcherMagic sent out <strong>Excadrill</strong>!<br></div><div class="battle-history"><small>[The opposing Excadrill's Mold Breaker]</small><br><small>The opposing Excadrill breaks the mold!</small><br></div><div class="spacer battle-history"><br></div><h2 class="battle-history">Turn 22</h2><div class="spacer battle-history"><br></div><div class="battle-history">Diggersby, come back!<br></div><div class="battle-history">Go! Greninja (<strong>Greninja-Ash</strong>)!<br></div><div class="spacer battle-history"><br></div><div class="battle-history">The opposing Excadrill used <strong>Earthquake</strong>!<br></div><div class="battle-history"><small>(Greninja lost <abbr title="−285/285">100%</abbr> of its health!)</small><br></div><div class="spacer battle-history"><br></div><div class="battle-history">Greninja fainted!<br></div><div class="spacer battle-history"><br></div><div class="battle-history">Go! <strong>Clefable</strong>!<br></div><div class="spacer battle-history"><br></div><h2 class="battle-history">Turn 23</h2><div class="spacer battle-history"><br></div><div class="battle-history">ArcherMagic withdrew Excadrill!<br></div><div class="battle-history">ArcherMagic sent out <strong>Toxapex</strong>!<br></div><div class="spacer battle-history"><br></div><div class="battle-history">Clefable used <strong>Stealth Rock</strong>!<br></div><div class="battle-history"><small>Pointed stones float in the air around the opposing team!</small><br></div><div class="spacer battle-history"><br></div><div class="battle-history"><small>Clefable restored a little HP using its Leftovers!</small><br></div><div class="spacer battle-history"><br></div><h2 class="battle-history">Turn 24</h2><div class="spacer battle-history"><br></div><div class="battle-history">Clefable, come back!<br></div><div class="battle-history">Go! <strong>Diggersby</strong>!<br></div><div class="spacer battle-history"><br></div><div class="battle-history">The opposing Toxapex is paralyzed! It can't move!<br></div><div class="spacer battle-history"><br></div><h2 class="battle-history">Turn 25</h2><div class="spacer battle-history"><br></div><div class="battle-history">Diggersby used <strong>Earthquake</strong>!<br></div><div class="battle-history"><small>It's super effective!</small><br></div><div class="battle-history"><small>(The opposing Toxapex lost <abbr title="−303/303">100%</abbr> of its health!)</small><br></div><div class="spacer battle-history"><br></div><div class="battle-history">The opposing Toxapex fainted!<br></div><div class="spacer battle-history"><br></div><div class="battle-history">ArcherMagic sent out <strong>Medicham</strong>!<br></div><div class="battle-history"><small>Pointed stones dug into the opposing Medicham!</small><br></div><div class="spacer battle-history"><br></div><h2 class="battle-history">Turn 26</h2><div class="spacer battle-history"><br></div><div class="battle-history"><small>The opposing Medicham's Medichamite is reacting to the Key Stone!</small><br>The opposing Medicham has Mega Evolved into Mega Medicham!<br></div><div class="spacer battle-history"><br></div><div class="battle-history">The opposing Medicham used <strong>Zen Headbutt</strong>!<br></div><div class="battle-history"><small>(Diggersby lost <abbr title="−161/311">51.8%</abbr> of its health!)</small><br></div><div class="spacer battle-history"><br></div><div class="battle-history">Diggersby fainted!<br></div><div class="spacer battle-history"><br></div><div class="battle-history">Go! <strong>Clefable</strong>!<br></div><div class="spacer battle-history"><br></div><h2 class="battle-history">Turn 27</h2><div class="spacer battle-history"><br></div><div class="battle-history">The opposing Medicham used <strong>Zen Headbutt</strong>!<br></div><div class="battle-history"><small>(Clefable lost <abbr title="−216/393">55.0%</abbr> of its health!)</small><br></div><div class="spacer battle-history"><br></div><div class="battle-history">Clefable flinched and couldn't move!<br></div><div class="spacer battle-history"><br></div><div class="battle-history"><small>Clefable restored a little HP using its Leftovers!</small><br></div><div class="spacer battle-history"><br></div><h2 class="battle-history">Turn 28</h2><div class="spacer battle-history"><br></div><div class="battle-history">The opposing Medicham used <strong>Zen Headbutt</strong>!<br></div><div class="battle-history"><small>(Clefable lost <abbr title="−183/393">46.6%</abbr> of its health!)</small><br></div><div class="spacer battle-history"><br></div><div class="battle-history">Clefable fainted!<br></div><div class="spacer battle-history"><br></div><div class="battle-history"><strong>ArcherMagic</strong> won the battle!<br></div><div class="chat">ArcherMagic ha ganado 6.75 PokeDolares.</div><div class="chat">Puntaje de jeidel: 1531 → <strong>1499</strong><br>(-32 por perder)</div><div class="chat">Puntaje de ArcherMagic: 1288 → <strong>1328</strong><br>(+40 por ganar)</div></div><div class="inner-preempt"></div></div></div>
</div>
<script>
let daily = Math.floor(Date.now()/1000/60/60/24);document.write('<script src="https://play.pokemonshowdown.com/js/replay-embed.js?version'+daily+'"></'+'script>');
</script>
