<!DOCTYPE html>
<meta charset="utf-8" />
<!-- version 1 -->
<title>OU replay: Beppler vs. Gеrard Way</title>
<style>
html,body {font-family:Verdana, sans-serif;font-size:10pt;margin:0;padding:0;}body{padding:12px 0;} .battle-log {font-family:Verdana, sans-serif;font-size:10pt;} .battle-log-inline {border:1px solid #AAAAAA;background:#EEF2F5;color:black;max-width:640px;margin:0 auto 80px;padding-bottom:5px;} .battle-log .inner {padding:4px 8px 0px 8px;} .battle-log .inner-preempt {padding:0 8px 4px 8px;} .battle-log .inner-after {margin-top:0.5em;} .battle-log h2 {margin:0.5em -8px;padding:4px 8px;border:1px solid #AAAAAA;background:#E0E7EA;border-left:0;border-right:0;font-family:Verdana, sans-serif;font-size:13pt;} .battle-log .chat {vertical-align:middle;padding:3px 0 3px 0;font-size:8pt;} .battle-log .chat strong {color:#40576A;} .battle-log .chat em {padding:1px 4px 1px 3px;color:#000000;font-style:normal;} .chat.mine {background:rgba(0,0,0,0.05);margin-left:-8px;margin-right:-8px;padding-left:8px;padding-right:8px;} .spoiler {color:#BBBBBB;background:#BBBBBB;padding:0px 3px;} .spoiler:hover, .spoiler:active, .spoiler-shown {color:#000000;background:#E2E2E2;padding:0px 3px;} .spoiler a {color:#BBBBBB;} .spoiler:hover a, .spoiler:active a, .spoiler-shown a {color:#2288CC;} .chat code, .chat .spoiler:hover code, .chat .spoiler:active code, .chat .spoiler-shown code {border:1px solid #C0C0C0;background:#EEEEEE;color:black;padding:0 2px;} .chat .spoiler code {border:1px solid #CCCCCC;background:#CCCCCC;color:#CCCCCC;} .battle-log .rated {padding:3px 4px;} .battle-log .rated strong {color:white;background:#89A;padding:1px 4px;border-radius:4px;} .spacer {margin-top:0.5em;} .message-announce {background:#6688AA;color:white;padding:1px 4px 2px;} .message-announce a, .broadcast-green a, .broadcast-blue a, .broadcast-red a {color:#DDEEFF;} .broadcast-green {background-color:#559955;color:white;padding:2px 4px;} .broadcast-blue {background-color:#6688AA;color:white;padding:2px 4px;} .infobox {border:1px solid #6688AA;padding:2px 4px;} .infobox-limited {max-height:200px;overflow:auto;overflow-x:hidden;} .broadcast-red {background-color:#AA5544;color:white;padding:2px 4px;} .message-learn-canlearn {font-weight:bold;color:#228822;text-decoration:underline;} .message-learn-cannotlearn {font-weight:bold;color:#CC2222;text-decoration:underline;} .message-effect-weak {font-weight:bold;color:#CC2222;} .message-effect-resist {font-weight:bold;color:#6688AA;} .message-effect-immune {font-weight:bold;color:#666666;} .message-learn-list {margin-top:0;margin-bottom:0;} .message-throttle-notice, .message-error {color:#992222;} .message-overflow, .chat small.message-overflow {font-size:0pt;} .message-overflow::before {font-size:9pt;content:'...';} .subtle {color:#3A4A66;}
</style>
<div class="wrapper replay-wrapper" style="max-width:1180px;margin:0 auto">
<input type="hidden" name="replayid" value="destiny-ou-548334" />
<div class="battle"></div><div class="battle-log"></div><div class="replay-controls"></div><div class="replay-controls-2"></div>
<h1 style="font-weight:normal;text-align:center"><strong>OU</strong><br /><a href="http://pokemonshowdown.com/users/beppler" class="subtle" target="_blank">Beppler</a> vs. <a href="http://pokemonshowdown.com/users/grardway" class="subtle" target="_blank">Gеrard Way</a></h1>
<script type="text/plain" class="battle-log-data">|unlink|||tour
|player|p1|Beppler|yellw-33.gif?7d052999
|teamsize|p1|6
|player|p2|Gеrard Way|grardway-15.gif?739b7485
|teamsize|p2|6
|teamsize|p1|6
|teamsize|p2|6
|gametype|singles
|gen|7
|tier|OU
|seed|19596,44565,31103,3287
|rule|Cláusula-Mod de Dormir: solo puedes dormir a uno de tus oponentes a la vez.
|rule|Cláusula de Especie: Hasta un Pokémon de cada especie
|rule|Cláusula de Golpe Fulminante: los movimientos fulminantes (OHKO) estan prohibidos
|rule|Cláusula de Veleta: la habilidad Veleta está prohibida
|rule|Cláusula de Movimientos Evasivos: los movimientos de Evasión están prohibidos.
|rule|Cláusula de Batallas Eternas: forzar batallas eternas está prohibido
|clearpoke
|poke|p1|Landorus-Therian, M|item
|poke|p1|Latias, F|item
|poke|p1|Magnezone|item
|poke|p1|Scizor, F|item
|poke|p1|Zygarde|item
|poke|p1|Tapu Fini|item
|poke|p2|Weavile, M|item
|poke|p2|Heatran, M|item
|poke|p2|Gastrodon-East, F|item
|poke|p2|Tornadus-Therian, M|item
|poke|p2|Zygarde|item
|poke|p2|Shiinotic, F|item
|teampreview|undefined
|c|☆Beppler|
|c|☆Gеrard Way|
|choice|*team 123456|*
|choice|*|*team 423156
|choice|team 1, 2, 3, 4, 5, 6|team 4, 2, 3, 1, 5, 6
|
|start
|switch|p1a: Landorus|Landorus-Therian, M|382\/382
|switch|p2a: Tornadus|Tornadus-Therian, M|362\/362
|-ability|p1a: Landorus|Intimidate|boost
|-unboost|p2a: Tornadus|atk|1
|turn|1
|choice|*|*move 1
|choice|*move 1|*
|choice|move stealthrock|move hurricane
|
|move|p2a: Tornadus|Hurricane|p1a: Landorus|[miss]
|-miss|p2a: Tornadus|p1a: Landorus
|move|p1a: Landorus|Stealth Rock|p2a: Tornadus
|-sidestart|p2: Gеrard Way|move: Stealth Rock
|
|upkeep
|turn|2
|choice|*|*move 4
|choice|*move 4|*
|choice|move toxic|move defog
|
|move|p2a: Tornadus|Defog|p1a: Landorus
|-unboost|p1a: Landorus|evasion|1
|-sideend|p2: Gеrard Way|Stealth Rock|[from] move: Defog|[of] p2a: Tornadus
|move|p1a: Landorus|Toxic|p2a: Tornadus
|-status|p2a: Tornadus|tox
|
|-damage|p2a: Tornadus|340\/362 tox|[from] psn
|upkeep
|turn|3
|choice|*|*move 1
|choice|*move 1|*
|choice|move stealthrock|move hurricane
|
|move|p2a: Tornadus|Hurricane|p1a: Landorus
|-damage|p1a: Landorus|211\/382
|move|p1a: Landorus|Stealth Rock|p2a: Tornadus
|-sidestart|p2: Gеrard Way|move: Stealth Rock
|
|-damage|p2a: Tornadus|296\/362 tox|[from] psn
|upkeep
|turn|4
|choice|*|*move 4
|choice|*move 3 zmove|*
|choice|move fly zmove|move defog
|
|move|p2a: Tornadus|Defog|p1a: Landorus
|-unboost|p1a: Landorus|evasion|1
|-sideend|p2: Gеrard Way|Stealth Rock|[from] move: Defog|[of] p2a: Tornadus
|-zpower|p1a: Landorus
|move|p1a: Landorus|Supersonic Skystrike|p2a: Tornadus|[zeffect]
|-damage|p2a: Tornadus|0 fnt
|faint|p2a: Tornadus
|
|upkeep
|choice|*|*switch 5
|choice||switch 5
|
|switch|p2a: Zygarde|Zygarde|416\/416
|-ability|p2a: Zygarde|Aura Break
|turn|5
|choice|*|*move 2
|choice|*switch 6|*
|choice|switch 6|move substitute
|
|switch|p1a: Tapu Fini|Tapu Fini|343\/343
|-fieldstart|move: Misty Terrain|[from] ability: Misty Surge|[of] p1a: Tapu Fini
|move|p2a: Zygarde|Substitute|p2a: Zygarde
|-start|p2a: Zygarde|Substitute
|-damage|p2a: Zygarde|312\/416
|
|-heal|p2a: Zygarde|338\/416|[from] item: Leftovers
|upkeep
|turn|6
|choice|*|*move 1
|choice|*move 2|*
|choice|move moonblast|move thousandarrows
|
|move|p1a: Tapu Fini|Moonblast|p2a: Zygarde
|-supereffective|p2a: Zygarde
|-end|p2a: Zygarde|Substitute
|move|p2a: Zygarde|Thousand Arrows|p1a: Tapu Fini
|-damage|p1a: Tapu Fini|255\/343
|
|-heal|p1a: Tapu Fini|276\/343|[from] item: Leftovers
|-heal|p2a: Zygarde|364\/416|[from] item: Leftovers
|upkeep
|turn|7
|choice|*|*switch 6
|choice|*move 3|*
|choice|move naturesmadness|switch 6
|
|switch|p2a: Shiinotic|Shiinotic, F|324\/324
|move|p1a: Tapu Fini|Nature's Madness|p2a: Shiinotic
|-damage|p2a: Shiinotic|162\/324
|
|-heal|p1a: Tapu Fini|297\/343|[from] item: Leftovers
|-heal|p2a: Shiinotic|182\/324|[from] item: Leftovers
|upkeep
|turn|8
|choice|*|*move 3
|choice|*switch 6|*
|choice|switch 6|move leechseed
|
|switch|p1a: Landorus|Landorus-Therian, M|211\/382
|-ability|p1a: Landorus|Intimidate|boost
|-unboost|p2a: Shiinotic|atk|1
|move|p2a: Shiinotic|Leech Seed|p1a: Landorus|[miss]
|-miss|p2a: Shiinotic|p1a: Landorus
|
|-heal|p2a: Shiinotic|202\/324|[from] item: Leftovers
|upkeep
|turn|9
|c|☆Beppler|sorry
|choice|*|*move 4
|choice|*move 1|*
|choice|move stealthrock|move moonblast
|
|move|p1a: Landorus|Stealth Rock|p2a: Shiinotic
|-sidestart|p2: Gеrard Way|move: Stealth Rock
|move|p2a: Shiinotic|Moonblast|p1a: Landorus
|-damage|p1a: Landorus|78\/382
|
|-heal|p2a: Shiinotic|222\/324|[from] item: Leftovers
|-fieldend|Misty Terrain
|upkeep
|turn|10
|c|☆Gеrard Way|np
|choice|*|*move 4
|choice|*move 4|*
|choice|move toxic|move moonblast
|
|move|p1a: Landorus|Toxic|p2a: Shiinotic
|-status|p2a: Shiinotic|tox
|move|p2a: Shiinotic|Moonblast|p1a: Landorus
|-damage|p1a: Landorus|0 fnt
|faint|p1a: Landorus
|
|-heal|p2a: Shiinotic|242\/324 tox|[from] item: Leftovers
|-damage|p2a: Shiinotic|222\/324 tox|[from] psn
|upkeep
|choice|*switch 3|*
|choice|switch 3|
|
|switch|p1a: Magnezone|Magnezone|281\/281
|turn|11
|choice|*switch 5|*
|choice|*|*switch 3
|choice|switch 5|switch 3
|
|switch|p1a: Zygarde|Zygarde|395\/395
|-ability|p1a: Zygarde|Aura Break
|switch|p2a: Gastrodon|Gastrodon-East, F|425\/425
|-damage|p2a: Gastrodon|399\/425|[from] Stealth Rock
|
|-heal|p2a: Gastrodon|425\/425|[from] item: Leftovers
|upkeep
|turn|12
|choice|*|*switch 3
|choice|*|*switch 3
|choice|*move 4|*
|choice|move substitute|switch 3
|
|switch|p2a: Shiinotic|Shiinotic, F|222\/324 tox
|-damage|p2a: Shiinotic|182\/324 tox|[from] Stealth Rock
|move|p1a: Zygarde|Substitute|p1a: Zygarde
|-start|p1a: Zygarde|Substitute
|-damage|p1a: Zygarde|297\/395
|
|-heal|p2a: Shiinotic|202\/324 tox|[from] item: Leftovers
|-damage|p2a: Shiinotic|182\/324 tox|[from] psn
|upkeep
|turn|13
|choice|*|*move 1
|choice|*move 1|*
|choice|move dragondance|move strengthsap
|
|move|p1a: Zygarde|Dragon Dance|p1a: Zygarde
|-boost|p1a: Zygarde|atk|1
|-boost|p1a: Zygarde|spe|1
|move|p2a: Shiinotic|Strength Sap|p1a: Zygarde
|-fail|p1a: Zygarde
|
|-heal|p2a: Shiinotic|202\/324 tox|[from] item: Leftovers
|-damage|p2a: Shiinotic|162\/324 tox|[from] psn
|upkeep
|turn|14
|c|☆Gеrard Way|Ah
|c|☆Gеrard Way|Qué noob
|c|☆Gеrard Way|jajajajaja
|choice|*|*move 4
|c|☆Beppler|lord move
|c|☆Beppler|ese ataque es mega molesto
|c|☆Beppler|jajaja
|c|☆Beppler|que suerte no atraviesa subs
|choice|*move 1|*
|choice|move dragondance|move moonblast
|
|move|p1a: Zygarde|Dragon Dance|p1a: Zygarde
|-boost|p1a: Zygarde|atk|1
|-boost|p1a: Zygarde|spe|1
|move|p2a: Shiinotic|Moonblast|p1a: Zygarde
|-supereffective|p1a: Zygarde
|-end|p1a: Zygarde|Substitute
|
|-heal|p2a: Shiinotic|182\/324 tox|[from] item: Leftovers
|-damage|p2a: Shiinotic|122\/324 tox|[from] psn
|upkeep
|turn|15
|c|☆Gеrard Way|Si atravesara subs sería besto check de zygarde
|choice|*move 3|*
|c|☆Gеrard Way|Bueno, lo es realmente
|c|☆Beppler|si
|c|☆Beppler|seria ubers
|c|☆Beppler|(?
|c|☆Gеrard Way|Pero ya sería el colmo si lo hiciera
|c|☆Gеrard Way|Obv
|c|☆Gеrard Way|Tapu bulu suckea
|c|☆Beppler|es que osea
|choice|*|*move 4
|choice|move extremespeed|move moonblast
|
|move|p1a: Zygarde|Extreme Speed|p2a: Shiinotic
|-damage|p2a: Shiinotic|10\/324 tox
|move|p2a: Shiinotic|Moonblast|p1a: Zygarde
|-supereffective|p1a: Zygarde
|-damage|p1a: Zygarde|97\/395
|-enditem|p1a: Zygarde|Weakness Policy
|-boost|p1a: Zygarde|atk|2
|-boost|p1a: Zygarde|spa|2
|
|-heal|p2a: Shiinotic|30\/324 tox|[from] item: Leftovers
|-damage|p2a: Shiinotic|0 fnt|[from] psn
|upkeep
|faint|p2a: Shiinotic
|c|☆Beppler|se recupera todo
|c|☆Beppler|y baja a -1
|choice|*|*switch 4
|choice||switch 4
|
|switch|p2a: Weavile|Weavile, M|282\/282
|-damage|p2a: Weavile|212\/282|[from] Stealth Rock
|-ability|p2a: Weavile|Pressure
|turn|16
|choice|*move 3|*
|choice|*|*move 2
|choice|move extremespeed|move foulplay
|
|move|p1a: Zygarde|Extreme Speed|p2a: Weavile
|-damage|p2a: Weavile|0 fnt
|faint|p2a: Weavile
|
|upkeep
|c|☆Gеrard Way|No pude usar a lord weavile scarf
|c|☆Beppler|jajaja
|c|☆Beppler|es buen set
|c|☆Gеrard Way|Es muy bueno vs kazam
|c|☆Gеrard Way|Pero aquí
|c|☆Beppler|si
|c|☆Gеrard Way|Siguen usando a zard y
|c|☆Beppler|lo se
|c|☆Gеrard Way|Y diciendo que es buen mn
|c|☆Gеrard Way|mon*
|c|☆Beppler|siempre que saco mi team de weav sarf
|c|☆Beppler|saco pesimo mu
|c|☆Beppler|jajaja si
|choice|*|*switch 6
|choice||switch 6
|
|switch|p2a: Zygarde|Zygarde|364\/416
|-damage|p2a: Zygarde|338\/416|[from] Stealth Rock
|-ability|p2a: Zygarde|Aura Break
|turn|17
|choice|*|*move 1
|choice|*move 2|*
|choice|*|*move 1
|choice|move thousandarrows|move thousandarrows
|
|move|p1a: Zygarde|Thousand Arrows|p2a: Zygarde
|-damage|p2a: Zygarde|17\/416
|move|p2a: Zygarde|Thousand Arrows|p1a: Zygarde
|-damage|p1a: Zygarde|13\/395
|
|-heal|p2a: Zygarde|43\/416|[from] item: Leftovers
|upkeep
|turn|18
|choice|*|*move 1
|choice|*move 3|*
|choice|move extremespeed|move thousandarrows
|
|move|p1a: Zygarde|Extreme Speed|p2a: Zygarde
|-damage|p2a: Zygarde|0 fnt
|faint|p2a: Zygarde
|
|upkeep
|choice|*|*switch 3
|choice||switch 3
|
|switch|p2a: Gastrodon|Gastrodon-East, F|425\/425
|-damage|p2a: Gastrodon|399\/425|[from] Stealth Rock
|turn|19
|choice|*|*move 1
|choice|*move 2|*
|choice|move thousandarrows|move scald
|
|move|p1a: Zygarde|Thousand Arrows|p2a: Gastrodon
|-damage|p2a: Gastrodon|0 fnt
|faint|p2a: Gastrodon
|
|upkeep
|choice|*|*switch 2
|choice||switch 2
|
|switch|p2a: Heatran|Heatran, M|323\/323
|-damage|p2a: Heatran|283\/323|[from] Stealth Rock
|turn|20
|c|☆Beppler|gg
|c|☆Gеrard Way|gg wp
|choice|*move 2|*
|choice|*|*move 1 zmove
|choice|move thousandarrows|move flashcannon zmove
|
|move|p1a: Zygarde|Thousand Arrows|p2a: Heatran
|-supereffective|p2a: Heatran
|-damage|p2a: Heatran|0 fnt
|faint|p2a: Heatran
|
|win|Beppler
</script>
</div>
<div class="battle-log battle-log-inline"><div class="inner"><div class="battle-options"></div><div class="inner"><div class=""><small>Format:</small> <br><strong>OU</strong></div><div class=""><small><em>Cláusula-Mod de Dormir:</em> solo puedes dormir a uno de tus oponentes a la vez.</small></div><div class=""><small><em>Cláusula de Especie:</em> Hasta un Pokémon de cada especie</small></div><div class=""><small><em>Cláusula de Golpe Fulminante:</em> los movimientos fulminantes (OHKO) estan prohibidos</small></div><div class=""><small><em>Cláusula de Veleta:</em> la habilidad Veleta está prohibida</small></div><div class=""><small><em>Cláusula de Movimientos Evasivos:</em> los movimientos de Evasión están prohibidos.</small></div><div class=""><small><em>Cláusula de Batallas Eternas:</em> forzar batallas eternas está prohibido</small></div><div class="chat battle-history"><strong>Beppler's team:</strong> <em style="color:#445566;display:block;">Landorus-Therian / Latias / Magnezone / Scizor / Zygarde / Tapu Fini</em></div><div class="chat battle-history"><strong>Gеrard Way's team:</strong> <em style="color:#445566;display:block;">Weavile / Heatran / Gastrodon-East / Tornadus-Therian / Zygarde / Shiinotic</em></div><div class="chat chatmessage-beppler"><strong style="color:hsl(118,73%,37.93733867614693%)"><small>☆</small><span class="username" data-name="Beppler">Beppler</span>:</strong> <em></em></div><div class="chat chatmessage-grardway"><strong style="color:hsl(23,56%,44%)"><small>☆</small><span class="username" data-name="Gеrard Way">Gеrard Way</span>:</strong> <em></em></div><div class="spacer battle-history"><br></div><div class="battle-history">Battle started between Beppler and Gеrard Way!<br></div><div class="spacer battle-history"><br></div><div class="battle-history">Go! Landorus (<strong>Landorus-Therian</strong>)!<br></div><div class="spacer battle-history"><br></div><div class="battle-history">Gеrard Way sent out Tornadus (<strong>Tornadus-Therian</strong>)!<br></div><div class="battle-history"><small>[Landorus's Intimidate]</small><br></div><div class="battle-history"><small>The opposing Tornadus's Attack fell!</small><br></div><div class="spacer battle-history"><br></div><h2 class="battle-history">Turn 1</h2><div class="spacer battle-history"><br></div><div class="battle-history">The opposing Tornadus used <strong>Hurricane</strong>!<br></div><div class="battle-history"><small>Landorus avoided the attack!</small><br></div><div class="spacer battle-history"><br></div><div class="battle-history">Landorus used <strong>Stealth Rock</strong>!<br></div><div class="battle-history"><small>Pointed stones float in the air around the opposing team!</small><br></div><div class="spacer battle-history"><br></div><h2 class="battle-history">Turn 2</h2><div class="spacer battle-history"><br></div><div class="battle-history">The opposing Tornadus used <strong>Defog</strong>!<br></div><div class="battle-history"><small>Landorus's evasiveness fell!</small><br></div><div class="battle-history"><small>The pointed stones disappeared from around the opposing team!</small><br></div><div class="spacer battle-history"><br></div><div class="battle-history">Landorus used <strong>Toxic</strong>!<br></div><div class="battle-history"><small>The opposing Tornadus was badly poisoned!</small><br></div><div class="spacer battle-history"><br></div><div class="battle-history"><small>The opposing Tornadus was hurt by poison!</small><br></div><div class="spacer battle-history"><br></div><h2 class="battle-history">Turn 3</h2><div class="spacer battle-history"><br></div><div class="battle-history">The opposing Tornadus used <strong>Hurricane</strong>!<br></div><div class="battle-history"><small>(Landorus lost <abbr title="−171/382">44.8%</abbr> of its health!)</small><br></div><div class="spacer battle-history"><br></div><div class="battle-history">Landorus used <strong>Stealth Rock</strong>!<br></div><div class="battle-history"><small>Pointed stones float in the air around the opposing team!</small><br></div><div class="spacer battle-history"><br></div><div class="battle-history"><small>The opposing Tornadus was hurt by poison!</small><br></div><div class="spacer battle-history"><br></div><h2 class="battle-history">Turn 4</h2><div class="spacer battle-history"><br></div><div class="battle-history">The opposing Tornadus used <strong>Defog</strong>!<br></div><div class="battle-history"><small>Landorus's evasiveness fell!</small><br></div><div class="battle-history"><small>The pointed stones disappeared from around the opposing team!</small><br></div><div class="battle-history"><small>Landorus surrounded itself with its Z-Power!</small><br></div><div class="spacer battle-history"><br></div><div class="battle-history">Landorus used <strong>Supersonic Skystrike</strong>!<br></div><div class="battle-history"><small>(The opposing Tornadus lost <abbr title="−296/362">81.8%</abbr> of its health!)</small><br></div><div class="spacer battle-history"><br></div><div class="battle-history">The opposing Tornadus fainted!<br></div><div class="spacer battle-history"><br></div><div class="battle-history">Gеrard Way sent out <strong>Zygarde</strong>!<br></div><div class="battle-history"><small>[The opposing Zygarde's Aura Break]</small><br><small>The opposing Zygarde reversed all other Pokémon's auras!</small><br></div><div class="spacer battle-history"><br></div><h2 class="battle-history">Turn 5</h2><div class="spacer battle-history"><br></div><div class="battle-history">Landorus, come back!<br></div><div class="battle-history">Go! <strong>Tapu Fini</strong>!<br></div><div class="battle-history"><small>[Tapu Fini's Misty Surge]</small><br><small>Mist swirls around the battlefield!</small><br></div><div class="spacer battle-history"><br></div><div class="battle-history">The opposing Zygarde used <strong>Substitute</strong>!<br></div><div class="battle-history"><small>The opposing Zygarde put in a substitute!</small><br></div><div class="battle-history"><small>(The opposing Zygarde lost <abbr title="−104/416">25%</abbr> of its health!)</small><br></div><div class="spacer battle-history"><br></div><div class="battle-history"><small>The opposing Zygarde restored a little HP using its Leftovers!</small><br></div><div class="spacer battle-history"><br></div><h2 class="battle-history">Turn 6</h2><div class="spacer battle-history"><br></div><div class="battle-history">Tapu Fini used <strong>Moonblast</strong>!<br></div><div class="battle-history"><small>It's super effective!</small><br></div><div class="battle-history"><small>The opposing Zygarde's substitute faded!</small><br></div><div class="spacer battle-history"><br></div><div class="battle-history">The opposing Zygarde used <strong>Thousand Arrows</strong>!<br></div><div class="battle-history"><small>(Tapu Fini lost <abbr title="−88/343">25.7%</abbr> of its health!)</small><br></div><div class="spacer battle-history"><br></div><div class="battle-history"><small>Tapu Fini restored a little HP using its Leftovers!</small><br></div><div class="battle-history"><small>The opposing Zygarde restored a little HP using its Leftovers!</small><br></div><div class="spacer battle-history"><br></div><h2 class="battle-history">Turn 7</h2><div class="spacer battle-history"><br></div><div class="battle-history">Gеrard Way withdrew Zygarde!<br></div><div class="battle-history">Gеrard Way sent out <strong>Shiinotic</strong>!<br></div><div class="spacer battle-history"><br></div><div class="battle-history">Tapu Fini used <strong>Nature's Madness</strong>!<br></div><div class="battle-history"><small>(The opposing Shiinotic lost <abbr title="−162/324">50%</abbr> of its health!)</small><br></div><div class="spacer battle-history"><br></div><div class="battle-history"><small>Tapu Fini restored a little HP using its Leftovers!</small><br></div><div class="battle-history"><small>The opposing Shiinotic restored a little HP using its Leftovers!</small><br></div><div class="spacer battle-history"><br></div><h2 class="battle-history">Turn 8</h2><div class="spacer battle-history"><br></div><div class="battle-history">Tapu Fini, come back!<br></div><div class="battle-history">Go! Landorus (<strong>Landorus-Therian</strong>)!<br></div><div class="battle-history"><small>[Landorus's Intimidate]</small><br></div><div class="battle-history"><small>The opposing Shiinotic's Attack fell!</small><br></div><div class="spacer battle-history"><br></div><div class="battle-history">The opposing Shiinotic used <strong>Leech Seed</strong>!<br></div><div class="battle-history"><small>Landorus avoided the attack!</small><br></div><div class="spacer battle-history"><br></div><div class="battle-history"><small>The opposing Shiinotic restored a little HP using its Leftovers!</small><br></div><div class="spacer battle-history"><br></div><h2 class="battle-history">Turn 9</h2><div class="chat chatmessage-beppler"><strong style="color:hsl(118,73%,37.93733867614693%)"><small>☆</small><span class="username" data-name="Beppler">Beppler</span>:</strong> <em>sorry</em></div><div class="spacer battle-history"><br></div><div class="battle-history">Landorus used <strong>Stealth Rock</strong>!<br></div><div class="battle-history"><small>Pointed stones float in the air around the opposing team!</small><br></div><div class="spacer battle-history"><br></div><div class="battle-history">The opposing Shiinotic used <strong>Moonblast</strong>!<br></div><div class="battle-history"><small>(Landorus lost <abbr title="−133/382">34.8%</abbr> of its health!)</small><br></div><div class="spacer battle-history"><br></div><div class="battle-history"><small>The opposing Shiinotic restored a little HP using its Leftovers!</small><br></div><div class="battle-history"><small>The mist disappeared from the battlefield.</small><br></div><div class="spacer battle-history"><br></div><h2 class="battle-history">Turn 10</h2><div class="chat chatmessage-grardway"><strong style="color:hsl(23,56%,44%)"><small>☆</small><span class="username" data-name="Gеrard Way">Gеrard Way</span>:</strong> <em>np</em></div><div class="spacer battle-history"><br></div><div class="battle-history">Landorus used <strong>Toxic</strong>!<br></div><div class="battle-history"><small>The opposing Shiinotic was badly poisoned!</small><br></div><div class="spacer battle-history"><br></div><div class="battle-history">The opposing Shiinotic used <strong>Moonblast</strong>!<br></div><div class="battle-history"><small>(Landorus lost <abbr title="−78/382">20.4%</abbr> of its health!)</small><br></div><div class="spacer battle-history"><br></div><div class="battle-history">Landorus fainted!<br></div><div class="spacer battle-history"><br></div><div class="battle-history"><small>The opposing Shiinotic restored a little HP using its Leftovers!</small><br></div><div class="battle-history"><small>The opposing Shiinotic was hurt by poison!</small><br></div><div class="spacer battle-history"><br></div><div class="battle-history">Go! <strong>Magnezone</strong>!<br></div><div class="spacer battle-history"><br></div><h2 class="battle-history">Turn 11</h2><div class="spacer battle-history"><br></div><div class="battle-history">Magnezone, come back!<br></div><div class="battle-history">Go! <strong>Zygarde</strong>!<br></div><div class="battle-history"><small>[Zygarde's Aura Break]</small><br><small>Zygarde reversed all other Pokémon's auras!</small><br></div><div class="spacer battle-history"><br></div><div class="battle-history">Gеrard Way withdrew Shiinotic!<br></div><div class="battle-history">Gеrard Way sent out Gastrodon (<strong>Gastrodon-East</strong>)!<br></div><div class="battle-history"><small>Pointed stones dug into the opposing Gastrodon!</small><br></div><div class="spacer battle-history"><br></div><div class="battle-history"><small>The opposing Gastrodon restored a little HP using its Leftovers!</small><br></div><div class="spacer battle-history"><br></div><h2 class="battle-history">Turn 12</h2><div class="spacer battle-history"><br></div><div class="battle-history">Gеrard Way withdrew Gastrodon!<br></div><div class="battle-history">Gеrard Way sent out <strong>Shiinotic</strong>!<br></div><div class="battle-history"><small>Pointed stones dug into the opposing Shiinotic!</small><br></div><div class="spacer battle-history"><br></div><div class="battle-history">Zygarde used <strong>Substitute</strong>!<br></div><div class="battle-history"><small>Zygarde put in a substitute!</small><br></div><div class="battle-history"><small>(Zygarde lost <abbr title="−98/395">24.8%</abbr> of its health!)</small><br></div><div class="spacer battle-history"><br></div><div class="battle-history"><small>The opposing Shiinotic restored a little HP using its Leftovers!</small><br></div><div class="battle-history"><small>The opposing Shiinotic was hurt by poison!</small><br></div><div class="spacer battle-history"><br></div><h2 class="battle-history">Turn 13</h2><div class="spacer battle-history"><br></div><div class="battle-history">Zygarde used <strong>Dragon Dance</strong>!<br></div><div class="battle-history"><small>Zygarde's Attack rose!</small><br></div><div class="battle-history"><small>Zygarde's Speed rose!</small><br></div><div class="spacer battle-history"><br></div><div class="battle-history">The opposing Shiinotic used <strong>Strength Sap</strong>!<br></div><div class="battle-history"><small>But it failed!</small><br></div><div class="spacer battle-history"><br></div><div class="battle-history"><small>The opposing Shiinotic restored a little HP using its Leftovers!</small><br></div><div class="battle-history"><small>The opposing Shiinotic was hurt by poison!</small><br></div><div class="spacer battle-history"><br></div><h2 class="battle-history">Turn 14</h2><div class="chat chatmessage-grardway"><strong style="color:hsl(23,56%,44%)"><small>☆</small><span class="username" data-name="Gеrard Way">Gеrard Way</span>:</strong> <em>Ah</em></div><div class="chat chatmessage-grardway"><strong style="color:hsl(23,56%,44%)"><small>☆</small><span class="username" data-name="Gеrard Way">Gеrard Way</span>:</strong> <em>Qué noob</em></div><div class="chat chatmessage-grardway"><strong style="color:hsl(23,56%,44%)"><small>☆</small><span class="username" data-name="Gеrard Way">Gеrard Way</span>:</strong> <em>jajajajaja</em></div><div class="chat chatmessage-beppler"><strong style="color:hsl(118,73%,37.93733867614693%)"><small>☆</small><span class="username" data-name="Beppler">Beppler</span>:</strong> <em>lord move</em></div><div class="chat chatmessage-beppler"><strong style="color:hsl(118,73%,37.93733867614693%)"><small>☆</small><span class="username" data-name="Beppler">Beppler</span>:</strong> <em>ese ataque es mega molesto</em></div><div class="chat chatmessage-beppler"><strong style="color:hsl(118,73%,37.93733867614693%)"><small>☆</small><span class="username" data-name="Beppler">Beppler</span>:</strong> <em>jajaja</em></div><div class="chat chatmessage-beppler"><strong style="color:hsl(118,73%,37.93733867614693%)"><small>☆</small><span class="username" data-name="Beppler">Beppler</span>:</strong> <em>que suerte no atraviesa subs</em></div><div class="spacer battle-history"><br></div><div class="battle-history">Zygarde used <strong>Dragon Dance</strong>!<br></div><div class="battle-history"><small>Zygarde's Attack rose!</small><br></div><div class="battle-history"><small>Zygarde's Speed rose!</small><br></div><div class="spacer battle-history"><br></div><div class="battle-history">The opposing Shiinotic used <strong>Moonblast</strong>!<br></div><div class="battle-history"><small>It's super effective!</small><br></div><div class="battle-history"><small>Zygarde's substitute faded!</small><br></div><div class="spacer battle-history"><br></div><div class="battle-history"><small>The opposing Shiinotic restored a little HP using its Leftovers!</small><br></div><div class="battle-history"><small>The opposing Shiinotic was hurt by poison!</small><br></div><div class="spacer battle-history"><br></div><h2 class="battle-history">Turn 15</h2><div class="chat chatmessage-grardway"><strong style="color:hsl(23,56%,44%)"><small>☆</small><span class="username" data-name="Gеrard Way">Gеrard Way</span>:</strong> <em>Si atravesara subs sería besto check de zygarde</em></div><div class="chat chatmessage-grardway"><strong style="color:hsl(23,56%,44%)"><small>☆</small><span class="username" data-name="Gеrard Way">Gеrard Way</span>:</strong> <em>Bueno, lo es realmente</em></div><div class="chat chatmessage-beppler"><strong style="color:hsl(118,73%,37.93733867614693%)"><small>☆</small><span class="username" data-name="Beppler">Beppler</span>:</strong> <em>si</em></div><div class="chat chatmessage-beppler"><strong style="color:hsl(118,73%,37.93733867614693%)"><small>☆</small><span class="username" data-name="Beppler">Beppler</span>:</strong> <em>seria ubers</em></div><div class="chat chatmessage-beppler"><strong style="color:hsl(118,73%,37.93733867614693%)"><small>☆</small><span class="username" data-name="Beppler">Beppler</span>:</strong> <em>(?</em></div><div class="chat chatmessage-grardway"><strong style="color:hsl(23,56%,44%)"><small>☆</small><span class="username" data-name="Gеrard Way">Gеrard Way</span>:</strong> <em>Pero ya sería el colmo si lo hiciera</em></div><div class="chat chatmessage-grardway"><strong style="color:hsl(23,56%,44%)"><small>☆</small><span class="username" data-name="Gеrard Way">Gеrard Way</span>:</strong> <em>Obv</em></div><div class="chat chatmessage-grardway"><strong style="color:hsl(23,56%,44%)"><small>☆</small><span class="username" data-name="Gеrard Way">Gеrard Way</span>:</strong> <em>Tapu bulu suckea</em></div><div class="chat chatmessage-beppler"><strong style="color:hsl(118,73%,37.93733867614693%)"><small>☆</small><span class="username" data-name="Beppler">Beppler</span>:</strong> <em>es que osea</em></div><div class="spacer battle-history"><br></div><div class="battle-history">Zygarde used <strong>Extreme Speed</strong>!<br></div><div class="battle-history"><small>(The opposing Shiinotic lost <abbr title="−112/324">34.6%</abbr> of its health!)</small><br></div><div class="spacer battle-history"><br></div><div class="battle-history">The opposing Shiinotic used <strong>Moonblast</strong>!<br></div><div class="battle-history"><small>It's super effective!</small><br></div><div class="battle-history"><small>(Zygarde lost <abbr title="−200/395">50.6%</abbr> of its health!)</small><br></div><div class="battle-history"><small>(Zygarde used its Weakness Policy!)</small><br></div><div class="battle-history"><small>Zygarde's Attack rose sharply!</small><br></div><div class="battle-history"><small>Zygarde's Special Attack rose sharply!</small><br></div><div class="spacer battle-history"><br></div><div class="battle-history"><small>The opposing Shiinotic restored a little HP using its Leftovers!</small><br></div><div class="battle-history"><small>The opposing Shiinotic was hurt by poison!</small><br></div><div class="spacer battle-history"><br></div><div class="battle-history">The opposing Shiinotic fainted!<br></div><div class="chat chatmessage-beppler"><strong style="color:hsl(118,73%,37.93733867614693%)"><small>☆</small><span class="username" data-name="Beppler">Beppler</span>:</strong> <em>se recupera todo</em></div><div class="chat chatmessage-beppler"><strong style="color:hsl(118,73%,37.93733867614693%)"><small>☆</small><span class="username" data-name="Beppler">Beppler</span>:</strong> <em>y baja a -1</em></div><div class="spacer battle-history"><br></div><div class="battle-history">Gеrard Way sent out <strong>Weavile</strong>!<br></div><div class="battle-history"><small>Pointed stones dug into the opposing Weavile!</small><br></div><div class="battle-history"><small>[The opposing Weavile's Pressure]</small><br><small>The opposing Weavile is exerting its pressure!</small><br></div><div class="spacer battle-history"><br></div><h2 class="battle-history">Turn 16</h2><div class="spacer battle-history"><br></div><div class="battle-history">Zygarde used <strong>Extreme Speed</strong>!<br></div><div class="battle-history"><small>(The opposing Weavile lost <abbr title="−212/282">75.2%</abbr> of its health!)</small><br></div><div class="spacer battle-history"><br></div><div class="battle-history">The opposing Weavile fainted!<br></div><div class="chat chatmessage-grardway"><strong style="color:hsl(23,56%,44%)"><small>☆</small><span class="username" data-name="Gеrard Way">Gеrard Way</span>:</strong> <em>No pude usar a lord weavile scarf</em></div><div class="chat chatmessage-beppler"><strong style="color:hsl(118,73%,37.93733867614693%)"><small>☆</small><span class="username" data-name="Beppler">Beppler</span>:</strong> <em>jajaja</em></div><div class="chat chatmessage-beppler"><strong style="color:hsl(118,73%,37.93733867614693%)"><small>☆</small><span class="username" data-name="Beppler">Beppler</span>:</strong> <em>es buen set</em></div><div class="chat chatmessage-grardway"><strong style="color:hsl(23,56%,44%)"><small>☆</small><span class="username" data-name="Gеrard Way">Gеrard Way</span>:</strong> <em>Es muy bueno vs kazam</em></div><div class="chat chatmessage-grardway"><strong style="color:hsl(23,56%,44%)"><small>☆</small><span class="username" data-name="Gеrard Way">Gеrard Way</span>:</strong> <em>Pero aquí</em></div><div class="chat chatmessage-beppler"><strong style="color:hsl(118,73%,37.93733867614693%)"><small>☆</small><span class="username" data-name="Beppler">Beppler</span>:</strong> <em>si</em></div><div class="chat chatmessage-grardway"><strong style="color:hsl(23,56%,44%)"><small>☆</small><span class="username" data-name="Gеrard Way">Gеrard Way</span>:</strong> <em>Siguen usando a zard y</em></div><div class="chat chatmessage-beppler"><strong style="color:hsl(118,73%,37.93733867614693%)"><small>☆</small><span class="username" data-name="Beppler">Beppler</span>:</strong> <em>lo se</em></div><div class="chat chatmessage-grardway"><strong style="color:hsl(23,56%,44%)"><small>☆</small><span class="username" data-name="Gеrard Way">Gеrard Way</span>:</strong> <em>Y diciendo que es buen mn</em></div><div class="chat chatmessage-grardway"><strong style="color:hsl(23,56%,44%)"><small>☆</small><span class="username" data-name="Gеrard Way">Gеrard Way</span>:</strong> <em>mon*</em></div><div class="chat chatmessage-beppler"><strong style="color:hsl(118,73%,37.93733867614693%)"><small>☆</small><span class="username" data-name="Beppler">Beppler</span>:</strong> <em>siempre que saco mi team de weav sarf</em></div><div class="chat chatmessage-beppler"><strong style="color:hsl(118,73%,37.93733867614693%)"><small>☆</small><span class="username" data-name="Beppler">Beppler</span>:</strong> <em>saco pesimo mu</em></div><div class="chat chatmessage-beppler"><strong style="color:hsl(118,73%,37.93733867614693%)"><small>☆</small><span class="username" data-name="Beppler">Beppler</span>:</strong> <em>jajaja si</em></div><div class="spacer battle-history"><br></div><div class="battle-history">Gеrard Way sent out <strong>Zygarde</strong>!<br></div><div class="battle-history"><small>Pointed stones dug into the opposing Zygarde!</small><br></div><div class="battle-history"><small>[The opposing Zygarde's Aura Break]</small><br><small>The opposing Zygarde reversed all other Pokémon's auras!</small><br></div><div class="spacer battle-history"><br></div><h2 class="battle-history">Turn 17</h2><div class="spacer battle-history"><br></div><div class="battle-history">Zygarde used <strong>Thousand Arrows</strong>!<br></div><div class="battle-history"><small>(The opposing Zygarde lost <abbr title="−321/416">77.2%</abbr> of its health!)</small><br></div><div class="spacer battle-history"><br></div><div class="battle-history">The opposing Zygarde used <strong>Thousand Arrows</strong>!<br></div><div class="battle-history"><small>(Zygarde lost <abbr title="−84/395">21.3%</abbr> of its health!)</small><br></div><div class="spacer battle-history"><br></div><div class="battle-history"><small>The opposing Zygarde restored a little HP using its Leftovers!</small><br></div><div class="spacer battle-history"><br></div><h2 class="battle-history">Turn 18</h2><div class="spacer battle-history"><br></div><div class="battle-history">Zygarde used <strong>Extreme Speed</strong>!<br></div><div class="battle-history"><small>(The opposing Zygarde lost <abbr title="−43/416">10.3%</abbr> of its health!)</small><br></div><div class="spacer battle-history"><br></div><div class="battle-history">The opposing Zygarde fainted!<br></div><div class="spacer battle-history"><br></div><div class="battle-history">Gеrard Way sent out Gastrodon (<strong>Gastrodon-East</strong>)!<br></div><div class="battle-history"><small>Pointed stones dug into the opposing Gastrodon!</small><br></div><div class="spacer battle-history"><br></div><h2 class="battle-history">Turn 19</h2><div class="spacer battle-history"><br></div><div class="battle-history">Zygarde used <strong>Thousand Arrows</strong>!<br></div><div class="battle-history"><small>(The opposing Gastrodon lost <abbr title="−399/425">93.9%</abbr> of its health!)</small><br></div><div class="spacer battle-history"><br></div><div class="battle-history">The opposing Gastrodon fainted!<br></div><div class="spacer battle-history"><br></div><div class="battle-history">Gеrard Way sent out <strong>Heatran</strong>!<br></div><div class="battle-history"><small>Pointed stones dug into the opposing Heatran!</small><br></div><div class="spacer battle-history"><br></div><h2 class="battle-history">Turn 20</h2><div class="chat chatmessage-beppler"><strong style="color:hsl(118,73%,37.93733867614693%)"><small>☆</small><span class="username" data-name="Beppler">Beppler</span>:</strong> <em>gg</em></div><div class="chat chatmessage-grardway"><strong style="color:hsl(23,56%,44%)"><small>☆</small><span class="username" data-name="Gеrard Way">Gеrard Way</span>:</strong> <em>gg wp</em></div><div class="spacer battle-history"><br></div><div class="battle-history">Zygarde used <strong>Thousand Arrows</strong>!<br></div><div class="battle-history"><small>It's super effective!</small><br></div><div class="battle-history"><small>(The opposing Heatran lost <abbr title="−283/323">87.6%</abbr> of its health!)</small><br></div><div class="spacer battle-history"><br></div><div class="battle-history">The opposing Heatran fainted!<br></div><div class="spacer battle-history"><br></div><div class="battle-history"><strong>Beppler</strong> won the battle!<br></div></div><div class="inner-preempt"></div></div></div>
</div>
<script>
let daily = Math.floor(Date.now()/1000/60/60/24);document.write('<script src="https://play.pokemonshowdown.com/js/replay-embed.js?version'+daily+'"></'+'script>');
</script>
