<!DOCTYPE html>
<meta charset="utf-8" />
<!-- version 1 -->
<title>OU replay: ElAstete vs. SDN_NeaL</title>
<style>
html,body {font-family:Verdana, sans-serif;font-size:10pt;margin:0;padding:0;}body{padding:12px 0;} .battle-log {font-family:Verdana, sans-serif;font-size:10pt;} .battle-log-inline {border:1px solid #AAAAAA;background:#EEF2F5;color:black;max-width:640px;margin:0 auto 80px;padding-bottom:5px;} .battle-log .inner {padding:4px 8px 0px 8px;} .battle-log .inner-preempt {padding:0 8px 4px 8px;} .battle-log .inner-after {margin-top:0.5em;} .battle-log h2 {margin:0.5em -8px;padding:4px 8px;border:1px solid #AAAAAA;background:#E0E7EA;border-left:0;border-right:0;font-family:Verdana, sans-serif;font-size:13pt;} .battle-log .chat {vertical-align:middle;padding:3px 0 3px 0;font-size:8pt;} .battle-log .chat strong {color:#40576A;} .battle-log .chat em {padding:1px 4px 1px 3px;color:#000000;font-style:normal;} .chat.mine {background:rgba(0,0,0,0.05);margin-left:-8px;margin-right:-8px;padding-left:8px;padding-right:8px;} .spoiler {color:#BBBBBB;background:#BBBBBB;padding:0px 3px;} .spoiler:hover, .spoiler:active, .spoiler-shown {color:#000000;background:#E2E2E2;padding:0px 3px;} .spoiler a {color:#BBBBBB;} .spoiler:hover a, .spoiler:active a, .spoiler-shown a {color:#2288CC;} .chat code, .chat .spoiler:hover code, .chat .spoiler:active code, .chat .spoiler-shown code {border:1px solid #C0C0C0;background:#EEEEEE;color:black;padding:0 2px;} .chat .spoiler code {border:1px solid #CCCCCC;background:#CCCCCC;color:#CCCCCC;} .battle-log .rated {padding:3px 4px;} .battle-log .rated strong {color:white;background:#89A;padding:1px 4px;border-radius:4px;} .spacer {margin-top:0.5em;} .message-announce {background:#6688AA;color:white;padding:1px 4px 2px;} .message-announce a, .broadcast-green a, .broadcast-blue a, .broadcast-red a {color:#DDEEFF;} .broadcast-green {background-color:#559955;color:white;padding:2px 4px;} .broadcast-blue {background-color:#6688AA;color:white;padding:2px 4px;} .infobox {border:1px solid #6688AA;padding:2px 4px;} .infobox-limited {max-height:200px;overflow:auto;overflow-x:hidden;} .broadcast-red {background-color:#AA5544;color:white;padding:2px 4px;} .message-learn-canlearn {font-weight:bold;color:#228822;text-decoration:underline;} .message-learn-cannotlearn {font-weight:bold;color:#CC2222;text-decoration:underline;} .message-effect-weak {font-weight:bold;color:#CC2222;} .message-effect-resist {font-weight:bold;color:#6688AA;} .message-effect-immune {font-weight:bold;color:#666666;} .message-learn-list {margin-top:0;margin-bottom:0;} .message-throttle-notice, .message-error {color:#992222;} .message-overflow, .chat small.message-overflow {font-size:0pt;} .message-overflow::before {font-size:9pt;content:'...';} .subtle {color:#3A4A66;}
</style>
<div class="wrapper replay-wrapper" style="max-width:1180px;margin:0 auto">
<input type="hidden" name="replayid" value="destiny-ou-451830" />
<div class="battle"></div><div class="battle-log"></div><div class="replay-controls"></div><div class="replay-controls-2"></div>
<h1 style="font-weight:normal;text-align:center"><strong>OU</strong><br /><a href="http://pokemonshowdown.com/users/elastete" class="subtle" target="_blank">ElAstete</a> vs. <a href="http://pokemonshowdown.com/users/sdnneal" class="subtle" target="_blank">SDN_NeaL</a></h1>
<script type="text/plain" class="battle-log-data">|player|p1|ElAstete|153
|teamsize|p1|6
|player|p2|SDN_NeaL|201
|teamsize|p2|6
|teamsize|p1|6
|teamsize|p2|6
|gametype|singles
|gen|7
|tier|OU
|rated
|seed|57158,50279,65277,34283
|rule|Cláusula-Mod de Dormir: solo puedes dormir a uno de tus oponentes a la vez.
|rule|Cláusula de Especie: Hasta un Pokémon de cada especie
|rule|Cláusula de Golpe Fulminante: los movimientos fulminantes (OHKO) estan prohibidos
|rule|Cláusula de Veleta: la habilidad Veleta está prohibida
|rule|Cláusula de Movimientos Evasivos: los movimientos de Evasión están prohibidos.
|rule|Cláusula de Batallas Eternas: forzar batallas eternas está prohibido
|clearpoke
|poke|p1|Charizard, F, shiny|item
|poke|p1|Zeraora|item
|poke|p1|Celesteela, shiny|item
|poke|p1|Chansey, F, shiny|item
|poke|p1|Landorus-Therian, M, shiny|item
|poke|p1|Gengar, M|item
|poke|p2|Gliscor, M|item
|poke|p2|Tapu Lele|item
|poke|p2|Buzzwole|item
|poke|p2|Gyarados, M|item
|poke|p2|Magearna|item
|poke|p2|Chansey, F|item
|teampreview|undefined
|choice|*|*team 523416
|inactive|Reloj de batalla ENCENDIDO. El jugador inactivo será descalificado (solicitado por SDN_NeaL).
|choice|*team 321456|*
|choice|team 3, 2, 1, 4, 5, 6|team 5, 2, 3, 4, 1, 6
|
|start
|switch|p1a: Celesteela|Celesteela, shiny|398\/398
|switch|p2a: Magearna|Magearna|363\/363
|turn|1
|choice|*|*move 1
|choice|*move 4|*
|choice|move flamethrower|move voltswitch
|
|move|p1a: Celesteela|Flamethrower|p2a: Magearna
|-supereffective|p2a: Magearna
|-damage|p2a: Magearna|275\/363
|move|p2a: Magearna|Volt Switch|p1a: Celesteela
|-supereffective|p1a: Celesteela
|-damage|p1a: Celesteela|214\/398
|choice|*|*switch 2
|choice||switch 2
|
|switch|p2a: Tapu Lele|Tapu Lele|343\/343|[from]move: Volt Switch
|-fieldstart|move: Psychic Terrain|[from] ability: Psychic Surge|[of] p2a: Tapu Lele
|
|-heal|p1a: Celesteela|238\/398|[from] item: Leftovers
|upkeep
|turn|2
|choice|*move 3|*
|choice|*|*move 4
|choice|move protect|move calmmind
|
|move|p1a: Celesteela|Protect|p1a: Celesteela
|-singleturn|p1a: Celesteela|Protect
|move|p2a: Tapu Lele|Calm Mind|p2a: Tapu Lele
|-boost|p2a: Tapu Lele|spa|1
|-boost|p2a: Tapu Lele|spd|1
|
|-heal|p1a: Celesteela|262\/398|[from] item: Leftovers
|upkeep
|turn|3
|choice|*|*move 3 zmove
|choice|*move 1|*
|choice|move leechseed|move focusblast zmove
|
|-zpower|p2a: Tapu Lele
|move|p2a: Tapu Lele|All-Out Pummeling|p1a: Celesteela|[zeffect]
|-damage|p1a: Celesteela|0 fnt
|faint|p1a: Celesteela
|
|upkeep
|choice|*switch 4|*
|choice|switch 4|
|
|switch|p1a: Chansey|Chansey, F, shiny|703\/703
|turn|4
|choice|*|*move 1
|choice|*move 4|*
|choice|move toxic|move psyshock
|
|move|p2a: Tapu Lele|Psyshock|p1a: Chansey
|-crit|p1a: Chansey
|-damage|p1a: Chansey|0 fnt
|faint|p1a: Chansey
|
|upkeep
|choice|*switch 6|*
|choice|switch 6|
|
|switch|p1a: Gengar|Gengar, M|261\/261
|turn|5
|choice|*move 2|*
|choice|*|*switch 5
|choice|move sludgebomb|switch 5
|
|switch|p2a: Gliscor|Gliscor, M|353\/353
|move|p1a: Gengar|Sludge Bomb|p2a: Gliscor
|-resisted|p2a: Gliscor
|-damage|p2a: Gliscor|224\/353
|-damage|p1a: Gengar|235\/261|[from] item: Life Orb
|
|-fieldend|move: Psychic Terrain
|-status|p2a: Gliscor|tox|[from] item: Toxic Orb
|upkeep
|turn|6
|choice|*|*move 3
|choice|*move 3|*
|choice|move energyball|move knockoff
|
|move|p1a: Gengar|Energy Ball|p2a: Gliscor
|-damage|p2a: Gliscor|41\/353 tox
|-damage|p1a: Gengar|209\/261|[from] item: Life Orb
|move|p2a: Gliscor|Knock Off|p1a: Gengar
|-supereffective|p1a: Gengar
|-damage|p1a: Gengar|0 fnt
|-start|p2a: Gliscor|Disable|Knock Off|[from] ability: Cursed Body|[of] p1a: Gengar
|-enditem|p1a: Gengar|Life Orb|[from] move: Knock Off|[of] p2a: Gliscor
|faint|p1a: Gengar
|
|-heal|p2a: Gliscor|85\/353 tox|[from] ability: Poison Heal
|upkeep
|choice|*switch 2|*
|choice|switch 2|
|
|switch|p1a: Zeraora|Zeraora|317\/317
|turn|7
|choice|*|*switch 6
|choice|*move 3|*
|choice|move knockoff|switch 6
|
|switch|p2a: Chansey|Chansey, F|702\/702
|move|p1a: Zeraora|Knock Off|p2a: Chansey
|-crit|p2a: Chansey
|-damage|p2a: Chansey|412\/702
|-enditem|p2a: Chansey|Eviolite|[from] move: Knock Off|[of] p1a: Zeraora
|-damage|p1a: Zeraora|286\/317|[from] item: Life Orb
|
|upkeep
|turn|8
|choice|*|*move 2
|choice|*move 2|*
|choice|move closecombat|move softboiled
|
|move|p1a: Zeraora|Close Combat|p2a: Chansey
|-supereffective|p2a: Chansey
|-damage|p2a: Chansey|0 fnt
|-unboost|p1a: Zeraora|def|1
|-unboost|p1a: Zeraora|spd|1
|-damage|p1a: Zeraora|255\/317|[from] item: Life Orb
|faint|p2a: Chansey
|
|upkeep
|choice|*|*switch 2
|choice||switch 2
|
|switch|p2a: Magearna|Magearna|275\/363
|turn|9
|choice|*|*move 4
|choice|*switch 5|*
|choice|switch 5|move fleurcannon
|
|switch|p1a: Landorus|Landorus-Therian, M, shiny|319\/319
|-ability|p1a: Landorus|Intimidate|boost
|-unboost|p2a: Magearna|atk|1
|move|p2a: Magearna|Fleur Cannon|p1a: Landorus
|-damage|p1a: Landorus|30\/319
|-unboost|p2a: Magearna|spa|2
|
|-heal|p1a: Landorus|49\/319|[from] item: Leftovers
|upkeep
|turn|10
|choice|*|*switch 6
|choice|*move 2|*
|choice|move earthquake|switch 6
|
|switch|p2a: Gliscor|Gliscor, M|85\/353 tox
|move|p1a: Landorus|Earthquake|p2a: Gliscor
|-immune|p2a: Gliscor|[msg]
|
|-heal|p1a: Landorus|68\/319|[from] item: Leftovers
|-heal|p2a: Gliscor|129\/353 tox|[from] ability: Poison Heal
|upkeep
|turn|11
|choice|*|*move 1
|choice|*move 4|*
|choice|move stealthrock|move toxic
|
|move|p1a: Landorus|Stealth Rock|p2a: Gliscor
|-sidestart|p2: SDN_NeaL|move: Stealth Rock
|move|p2a: Gliscor|Toxic|p1a: Landorus
|-status|p1a: Landorus|tox
|
|-heal|p1a: Landorus|87\/319 tox|[from] item: Leftovers
|-damage|p1a: Landorus|68\/319 tox|[from] psn
|-heal|p2a: Gliscor|173\/353 tox|[from] ability: Poison Heal
|upkeep
|turn|12
|choice|*|*move 4
|choice|*|*move 4
|choice|*move 1|*
|choice|move knockoff|move defog
|
|move|p1a: Landorus|Knock Off|p2a: Gliscor
|-crit|p2a: Gliscor
|-damage|p2a: Gliscor|54\/353 tox
|-enditem|p2a: Gliscor|Toxic Orb|[from] move: Knock Off|[of] p1a: Landorus
|move|p2a: Gliscor|Defog|p1a: Landorus
|-unboost|p1a: Landorus|evasion|1
|-sideend|p2: SDN_NeaL|Stealth Rock|[from] move: Defog|[of] p2a: Gliscor
|
|-heal|p1a: Landorus|87\/319 tox|[from] item: Leftovers
|-damage|p1a: Landorus|49\/319 tox|[from] psn
|-heal|p2a: Gliscor|98\/353 tox|[from] ability: Poison Heal
|upkeep
|turn|13
|choice|*|*move 2
|choice|*move 1|*
|choice|move knockoff|move protect
|
|move|p2a: Gliscor|Protect|p2a: Gliscor
|-singleturn|p2a: Gliscor|Protect
|move|p1a: Landorus|Knock Off|p2a: Gliscor
|-activate|p2a: Gliscor|move: Protect
|
|-heal|p1a: Landorus|68\/319 tox|[from] item: Leftovers
|-damage|p1a: Landorus|11\/319 tox|[from] psn
|-heal|p2a: Gliscor|142\/353 tox|[from] ability: Poison Heal
|upkeep
|turn|14
|choice|*move 4|*
|choice|*|*move 4
|choice|move stealthrock|move defog
|
|move|p1a: Landorus|Stealth Rock|p2a: Gliscor
|-sidestart|p2: SDN_NeaL|move: Stealth Rock
|move|p2a: Gliscor|Defog|p1a: Landorus
|-unboost|p1a: Landorus|evasion|1
|-sideend|p2: SDN_NeaL|Stealth Rock|[from] move: Defog|[of] p2a: Gliscor
|
|-heal|p1a: Landorus|30\/319 tox|[from] item: Leftovers
|-damage|p1a: Landorus|0 fnt|[from] psn
|-heal|p2a: Gliscor|186\/353 tox|[from] ability: Poison Heal
|upkeep
|faint|p1a: Landorus
|inactive|ElAstete tiene 135 segundos restantes.
|choice|*switch 3|*
|choice|switch 3|
|
|switch|p1a: Charizard|Charizard, F, shiny|297\/297
|turn|15
|choice|*move 1|*
|choice|*|*move 1
|choice|move dragondance|move toxic
|
|move|p1a: Charizard|Dragon Dance|p1a: Charizard
|-boost|p1a: Charizard|atk|1
|-boost|p1a: Charizard|spe|1
|move|p2a: Gliscor|Toxic|p1a: Charizard
|-status|p1a: Charizard|tox
|
|-damage|p1a: Charizard|279\/297 tox|[from] psn
|-heal|p2a: Gliscor|230\/353 tox|[from] ability: Poison Heal
|upkeep
|turn|16
|choice|*|*move 3
|choice|*move 1|*
|choice|move dragondance|move knockoff
|
|move|p1a: Charizard|Dragon Dance|p1a: Charizard
|-boost|p1a: Charizard|atk|1
|-boost|p1a: Charizard|spe|1
|move|p2a: Gliscor|Knock Off|p1a: Charizard
|-damage|p1a: Charizard|216\/297 tox
|
|-damage|p1a: Charizard|180\/297 tox|[from] psn
|-heal|p2a: Gliscor|274\/353 tox|[from] ability: Poison Heal
|upkeep
|turn|17
|choice|*|*move 2
|choice|*move 3 mega|*
|choice|move dragonclaw mega|move protect
|
|-mega|p1a: Charizard|Charizard|Charizardite X
|detailschange|p1a: Charizard|Charizard-Mega-X, F, shiny
|move|p2a: Gliscor|Protect|p2a: Gliscor
|-singleturn|p2a: Gliscor|Protect
|move|p1a: Charizard|Dragon Claw|p2a: Gliscor
|-activate|p2a: Gliscor|move: Protect
|
|-damage|p1a: Charizard|126\/297 tox|[from] psn
|-heal|p2a: Gliscor|318\/353 tox|[from] ability: Poison Heal
|upkeep
|turn|18
|choice|*move 2|*
|choice|*|*switch 6
|choice|move flareblitz|switch 6
|
|switch|p2a: Magearna|Magearna|275\/363
|move|p1a: Charizard|Flare Blitz|p2a: Magearna
|-supereffective|p2a: Magearna
|-damage|p2a: Magearna|0 fnt
|-damage|p1a: Charizard|35\/297 tox|[from] recoil
|faint|p2a: Magearna
|
|-damage|p1a: Charizard|0 fnt|[from] psn
|upkeep
|faint|p1a: Charizard
|choice|*switch 5|*
|choice|*|*switch 6
|choice|switch 5|switch 6
|
|switch|p1a: Zeraora|Zeraora|255\/317
|switch|p2a: Gliscor|Gliscor, M|318\/353 tox
|turn|19
|choice|*|*move 2
|choice|*move 4|*
|choice|move outrage|move protect
|
|move|p2a: Gliscor|Protect|p2a: Gliscor
|-singleturn|p2a: Gliscor|Protect
|move|p1a: Zeraora|Outrage|p2a: Gliscor
|-activate|p2a: Gliscor|move: Protect
|
|-heal|p2a: Gliscor|353\/353 tox|[from] ability: Poison Heal
|upkeep
|turn|20
|choice|*move 4|*
|choice|*|*move 3
|choice|move outrage|move knockoff
|
|move|p1a: Zeraora|Outrage|p2a: Gliscor
|-damage|p2a: Gliscor|245\/353 tox
|-damage|p1a: Zeraora|224\/317|[from] item: Life Orb
|move|p2a: Gliscor|Knock Off|p1a: Zeraora
|-damage|p1a: Zeraora|129\/317
|-enditem|p1a: Zeraora|Life Orb|[from] move: Knock Off|[of] p2a: Gliscor
|
|-heal|p2a: Gliscor|289\/353 tox|[from] ability: Poison Heal
|upkeep
|turn|21
|choice|*|*move 1
|-message|ElAstete se rindió.
|
|win|SDN_NeaL
SDN_NeaL ha ganado 8 PokeDolares.
|raw|Puntaje de ElAstete: 1177 &rarr; <strong>1155<\/strong><br \/>(-22 por perder)
|raw|Puntaje de SDN_NeaL: 1194 &rarr; <strong>1219<\/strong><br \/>(+25 por ganar)
</script>
</div>
<div class="battle-log battle-log-inline"><div class="inner"><div class="battle-options"></div><div class="inner"><div class=""><small>Format:</small> <br><strong>OU</strong></div><div class="rated"><strong>Rated battle</strong></div><div class=""><small><em>Cláusula-Mod de Dormir:</em> solo puedes dormir a uno de tus oponentes a la vez.</small></div><div class=""><small><em>Cláusula de Especie:</em> Hasta un Pokémon de cada especie</small></div><div class=""><small><em>Cláusula de Golpe Fulminante:</em> los movimientos fulminantes (OHKO) estan prohibidos</small></div><div class=""><small><em>Cláusula de Veleta:</em> la habilidad Veleta está prohibida</small></div><div class=""><small><em>Cláusula de Movimientos Evasivos:</em> los movimientos de Evasión están prohibidos.</small></div><div class=""><small><em>Cláusula de Batallas Eternas:</em> forzar batallas eternas está prohibido</small></div><div class="chat battle-history"><strong>ElAstete's team:</strong> <em style="color:#445566;display:block;">Charizard / Zeraora / Celesteela / Chansey / Landorus-Therian / Gengar</em></div><div class="chat battle-history"><strong>SDN_NeaL's team:</strong> <em style="color:#445566;display:block;">Gliscor / Tapu Lele / Buzzwole / Gyarados / Magearna / Chansey</em></div><div class="chat message-error">Reloj de batalla ENCENDIDO. El jugador inactivo será descalificado (solicitado por SDN_NeaL).</div><div class="spacer battle-history"><br></div><div class="battle-history">Battle started between ElAstete and SDN_NeaL!<br></div><div class="spacer battle-history"><br></div><div class="battle-history">Go! <strong>Celesteela</strong>!<br></div><div class="spacer battle-history"><br></div><div class="battle-history">SDN_NeaL sent out <strong>Magearna</strong>!<br></div><div class="spacer battle-history"><br></div><h2 class="battle-history">Turn 1</h2><div class="spacer battle-history"><br></div><div class="battle-history">Celesteela used <strong>Flamethrower</strong>!<br></div><div class="battle-history"><small>It's super effective!</small><br></div><div class="battle-history"><small>(The opposing Magearna lost <abbr title="−88/363">24.2%</abbr> of its health!)</small><br></div><div class="spacer battle-history"><br></div><div class="battle-history">The opposing Magearna used <strong>Volt Switch</strong>!<br></div><div class="battle-history"><small>It's super effective!</small><br></div><div class="battle-history"><small>(Celesteela lost <abbr title="−184/398">46.2%</abbr> of its health!)</small><br></div><div class="spacer battle-history"><br></div><div class="battle-history">The opposing Magearna went back to SDN_NeaL!<br></div><div class="battle-history">SDN_NeaL sent out <strong>Tapu Lele</strong>!<br></div><div class="battle-history"><small>[The opposing Tapu Lele's Psychic Surge]</small><br><small>The battlefield got weird!</small><br></div><div class="spacer battle-history"><br></div><div class="battle-history"><small>Celesteela restored a little HP using its Leftovers!</small><br></div><div class="spacer battle-history"><br></div><h2 class="battle-history">Turn 2</h2><div class="spacer battle-history"><br></div><div class="battle-history">Celesteela used <strong>Protect</strong>!<br></div><div class="battle-history"><small>Celesteela protected itself!</small><br></div><div class="spacer battle-history"><br></div><div class="battle-history">The opposing Tapu Lele used <strong>Calm Mind</strong>!<br></div><div class="battle-history"><small>The opposing Tapu Lele's Special Attack rose!</small><br></div><div class="battle-history"><small>The opposing Tapu Lele's Special Defense rose!</small><br></div><div class="spacer battle-history"><br></div><div class="battle-history"><small>Celesteela restored a little HP using its Leftovers!</small><br></div><div class="spacer battle-history"><br></div><h2 class="battle-history">Turn 3</h2><div class="spacer battle-history"><br></div><div class="battle-history"><small>The opposing Tapu Lele surrounded itself with its Z-Power!</small><br></div><div class="spacer battle-history"><br></div><div class="battle-history">The opposing Tapu Lele used <strong>All-Out Pummeling</strong>!<br></div><div class="battle-history"><small>(Celesteela lost <abbr title="−262/398">65.8%</abbr> of its health!)</small><br></div><div class="spacer battle-history"><br></div><div class="battle-history">Celesteela fainted!<br></div><div class="spacer battle-history"><br></div><div class="battle-history">Go! <strong>Chansey</strong>!<br></div><div class="spacer battle-history"><br></div><h2 class="battle-history">Turn 4</h2><div class="spacer battle-history"><br></div><div class="battle-history">The opposing Tapu Lele used <strong>Psyshock</strong>!<br></div><div class="battle-history"><small>A critical hit!</small><br></div><div class="battle-history"><small>(Chansey lost <abbr title="−703/703">100%</abbr> of its health!)</small><br></div><div class="spacer battle-history"><br></div><div class="battle-history">Chansey fainted!<br></div><div class="spacer battle-history"><br></div><div class="battle-history">Go! <strong>Gengar</strong>!<br></div><div class="spacer battle-history"><br></div><h2 class="battle-history">Turn 5</h2><div class="spacer battle-history"><br></div><div class="battle-history">SDN_NeaL withdrew Tapu Lele!<br></div><div class="battle-history">SDN_NeaL sent out <strong>Gliscor</strong>!<br></div><div class="spacer battle-history"><br></div><div class="battle-history">Gengar used <strong>Sludge Bomb</strong>!<br></div><div class="battle-history"><small>It's not very effective...</small><br></div><div class="battle-history"><small>(The opposing Gliscor lost <abbr title="−129/353">36.5%</abbr> of its health!)</small><br></div><div class="battle-history"><small>Gengar lost some of its HP!</small><br></div><div class="spacer battle-history"><br></div><div class="battle-history"><small>The weirdness disappeared from the battlefield!</small><br></div><div class="battle-history"><small>The opposing Gliscor was badly poisoned!</small><br></div><div class="spacer battle-history"><br></div><h2 class="battle-history">Turn 6</h2><div class="spacer battle-history"><br></div><div class="battle-history">Gengar used <strong>Energy Ball</strong>!<br></div><div class="battle-history"><small>(The opposing Gliscor lost <abbr title="−183/353">51.8%</abbr> of its health!)</small><br></div><div class="battle-history"><small>Gengar lost some of its HP!</small><br></div><div class="spacer battle-history"><br></div><div class="battle-history">The opposing Gliscor used <strong>Knock Off</strong>!<br></div><div class="battle-history"><small>It's super effective!</small><br></div><div class="battle-history"><small>(Gengar lost <abbr title="−209/261">80.1%</abbr> of its health!)</small><br></div><div class="battle-history"><small>[Gengar's Cursed Body]</small><br><small>The opposing Gliscor's Knock Off was disabled!</small><br></div><div class="battle-history"><small>The opposing Gliscor knocked off Gengar's Life Orb!</small><br></div><div class="spacer battle-history"><br></div><div class="battle-history">Gengar fainted!<br></div><div class="spacer battle-history"><br></div><div class="battle-history"><small>[The opposing Gliscor's Poison Heal]</small><br><small>The opposing Gliscor restored its HP.</small><br></div><div class="spacer battle-history"><br></div><div class="battle-history">Go! <strong>Zeraora</strong>!<br></div><div class="spacer battle-history"><br></div><h2 class="battle-history">Turn 7</h2><div class="spacer battle-history"><br></div><div class="battle-history">SDN_NeaL withdrew Gliscor!<br></div><div class="battle-history">SDN_NeaL sent out <strong>Chansey</strong>!<br></div><div class="spacer battle-history"><br></div><div class="battle-history">Zeraora used <strong>Knock Off</strong>!<br></div><div class="battle-history"><small>A critical hit!</small><br></div><div class="battle-history"><small>(The opposing Chansey lost <abbr title="−290/702">41.3%</abbr> of its health!)</small><br></div><div class="battle-history"><small>Zeraora knocked off the opposing Chansey's Eviolite!</small><br></div><div class="battle-history"><small>Zeraora lost some of its HP!</small><br></div><div class="spacer battle-history"><br></div><h2 class="battle-history">Turn 8</h2><div class="spacer battle-history"><br></div><div class="battle-history">Zeraora used <strong>Close Combat</strong>!<br></div><div class="battle-history"><small>It's super effective!</small><br></div><div class="battle-history"><small>(The opposing Chansey lost <abbr title="−412/702">58.7%</abbr> of its health!)</small><br></div><div class="battle-history"><small>Zeraora's Defense fell!</small><br></div><div class="battle-history"><small>Zeraora's Special Defense fell!</small><br></div><div class="battle-history"><small>Zeraora lost some of its HP!</small><br></div><div class="spacer battle-history"><br></div><div class="battle-history">The opposing Chansey fainted!<br></div><div class="spacer battle-history"><br></div><div class="battle-history">SDN_NeaL sent out <strong>Magearna</strong>!<br></div><div class="spacer battle-history"><br></div><h2 class="battle-history">Turn 9</h2><div class="spacer battle-history"><br></div><div class="battle-history">Zeraora, come back!<br></div><div class="battle-history">Go! Landorus (<strong>Landorus-Therian</strong>)!<br></div><div class="battle-history"><small>[Landorus's Intimidate]</small><br></div><div class="battle-history"><small>The opposing Magearna's Attack fell!</small><br></div><div class="spacer battle-history"><br></div><div class="battle-history">The opposing Magearna used <strong>Fleur Cannon</strong>!<br></div><div class="battle-history"><small>(Landorus lost <abbr title="−289/319">90.6%</abbr> of its health!)</small><br></div><div class="battle-history"><small>The opposing Magearna's Special Attack fell harshly!</small><br></div><div class="spacer battle-history"><br></div><div class="battle-history"><small>Landorus restored a little HP using its Leftovers!</small><br></div><div class="spacer battle-history"><br></div><h2 class="battle-history">Turn 10</h2><div class="spacer battle-history"><br></div><div class="battle-history">SDN_NeaL withdrew Magearna!<br></div><div class="battle-history">SDN_NeaL sent out <strong>Gliscor</strong>!<br></div><div class="spacer battle-history"><br></div><div class="battle-history">Landorus used <strong>Earthquake</strong>!<br></div><div class="battle-history"><small>It doesn't affect the opposing Gliscor...</small><br></div><div class="spacer battle-history"><br></div><div class="battle-history"><small>Landorus restored a little HP using its Leftovers!</small><br></div><div class="battle-history"><small>[The opposing Gliscor's Poison Heal]</small><br><small>The opposing Gliscor restored its HP.</small><br></div><div class="spacer battle-history"><br></div><h2 class="battle-history">Turn 11</h2><div class="spacer battle-history"><br></div><div class="battle-history">Landorus used <strong>Stealth Rock</strong>!<br></div><div class="battle-history"><small>Pointed stones float in the air around the opposing team!</small><br></div><div class="spacer battle-history"><br></div><div class="battle-history">The opposing Gliscor used <strong>Toxic</strong>!<br></div><div class="battle-history"><small>Landorus was badly poisoned!</small><br></div><div class="spacer battle-history"><br></div><div class="battle-history"><small>Landorus restored a little HP using its Leftovers!</small><br></div><div class="battle-history"><small>Landorus was hurt by poison!</small><br></div><div class="battle-history"><small>[The opposing Gliscor's Poison Heal]</small><br><small>The opposing Gliscor restored its HP.</small><br></div><div class="spacer battle-history"><br></div><h2 class="battle-history">Turn 12</h2><div class="spacer battle-history"><br></div><div class="battle-history">Landorus used <strong>Knock Off</strong>!<br></div><div class="battle-history"><small>A critical hit!</small><br></div><div class="battle-history"><small>(The opposing Gliscor lost <abbr title="−119/353">33.7%</abbr> of its health!)</small><br></div><div class="battle-history"><small>Landorus knocked off the opposing Gliscor's Toxic Orb!</small><br></div><div class="spacer battle-history"><br></div><div class="battle-history">The opposing Gliscor used <strong>Defog</strong>!<br></div><div class="battle-history"><small>Landorus's evasiveness fell!</small><br></div><div class="battle-history"><small>The pointed stones disappeared from around the opposing team!</small><br></div><div class="spacer battle-history"><br></div><div class="battle-history"><small>Landorus restored a little HP using its Leftovers!</small><br></div><div class="battle-history"><small>Landorus was hurt by poison!</small><br></div><div class="battle-history"><small>[The opposing Gliscor's Poison Heal]</small><br><small>The opposing Gliscor restored its HP.</small><br></div><div class="spacer battle-history"><br></div><h2 class="battle-history">Turn 13</h2><div class="spacer battle-history"><br></div><div class="battle-history">The opposing Gliscor used <strong>Protect</strong>!<br></div><div class="battle-history"><small>The opposing Gliscor protected itself!</small><br></div><div class="spacer battle-history"><br></div><div class="battle-history">Landorus used <strong>Knock Off</strong>!<br></div><div class="battle-history"><small>The opposing Gliscor protected itself!</small><br></div><div class="spacer battle-history"><br></div><div class="battle-history"><small>Landorus restored a little HP using its Leftovers!</small><br></div><div class="battle-history"><small>Landorus was hurt by poison!</small><br></div><div class="battle-history"><small>[The opposing Gliscor's Poison Heal]</small><br><small>The opposing Gliscor restored its HP.</small><br></div><div class="spacer battle-history"><br></div><h2 class="battle-history">Turn 14</h2><div class="spacer battle-history"><br></div><div class="battle-history">Landorus used <strong>Stealth Rock</strong>!<br></div><div class="battle-history"><small>Pointed stones float in the air around the opposing team!</small><br></div><div class="spacer battle-history"><br></div><div class="battle-history">The opposing Gliscor used <strong>Defog</strong>!<br></div><div class="battle-history"><small>Landorus's evasiveness fell!</small><br></div><div class="battle-history"><small>The pointed stones disappeared from around the opposing team!</small><br></div><div class="spacer battle-history"><br></div><div class="battle-history"><small>Landorus restored a little HP using its Leftovers!</small><br></div><div class="battle-history"><small>Landorus was hurt by poison!</small><br></div><div class="battle-history"><small>[The opposing Gliscor's Poison Heal]</small><br><small>The opposing Gliscor restored its HP.</small><br></div><div class="spacer battle-history"><br></div><div class="battle-history">Landorus fainted!<br></div><div class="chat message-error">ElAstete tiene 135 segundos restantes.</div><div class="spacer battle-history"><br></div><div class="battle-history">Go! <strong>Charizard</strong>!<br></div><div class="spacer battle-history"><br></div><h2 class="battle-history">Turn 15</h2><div class="spacer battle-history"><br></div><div class="battle-history">Charizard used <strong>Dragon Dance</strong>!<br></div><div class="battle-history"><small>Charizard's Attack rose!</small><br></div><div class="battle-history"><small>Charizard's Speed rose!</small><br></div><div class="spacer battle-history"><br></div><div class="battle-history">The opposing Gliscor used <strong>Toxic</strong>!<br></div><div class="battle-history"><small>Charizard was badly poisoned!</small><br></div><div class="spacer battle-history"><br></div><div class="battle-history"><small>Charizard was hurt by poison!</small><br></div><div class="battle-history"><small>[The opposing Gliscor's Poison Heal]</small><br><small>The opposing Gliscor restored its HP.</small><br></div><div class="spacer battle-history"><br></div><h2 class="battle-history">Turn 16</h2><div class="spacer battle-history"><br></div><div class="battle-history">Charizard used <strong>Dragon Dance</strong>!<br></div><div class="battle-history"><small>Charizard's Attack rose!</small><br></div><div class="battle-history"><small>Charizard's Speed rose!</small><br></div><div class="spacer battle-history"><br></div><div class="battle-history">The opposing Gliscor used <strong>Knock Off</strong>!<br></div><div class="battle-history"><small>(Charizard lost <abbr title="−63/297">21.2%</abbr> of its health!)</small><br></div><div class="spacer battle-history"><br></div><div class="battle-history"><small>Charizard was hurt by poison!</small><br></div><div class="battle-history"><small>[The opposing Gliscor's Poison Heal]</small><br><small>The opposing Gliscor restored its HP.</small><br></div><div class="spacer battle-history"><br></div><h2 class="battle-history">Turn 17</h2><div class="spacer battle-history"><br></div><div class="battle-history"><small>Charizard's Charizardite X is reacting to the Key Stone!</small><br>Charizard has Mega Evolved into Mega Charizard!<br></div><div class="spacer battle-history"><br></div><div class="battle-history">The opposing Gliscor used <strong>Protect</strong>!<br></div><div class="battle-history"><small>The opposing Gliscor protected itself!</small><br></div><div class="spacer battle-history"><br></div><div class="battle-history">Charizard used <strong>Dragon Claw</strong>!<br></div><div class="battle-history"><small>The opposing Gliscor protected itself!</small><br></div><div class="spacer battle-history"><br></div><div class="battle-history"><small>Charizard was hurt by poison!</small><br></div><div class="battle-history"><small>[The opposing Gliscor's Poison Heal]</small><br><small>The opposing Gliscor restored its HP.</small><br></div><div class="spacer battle-history"><br></div><h2 class="battle-history">Turn 18</h2><div class="spacer battle-history"><br></div><div class="battle-history">SDN_NeaL withdrew Gliscor!<br></div><div class="battle-history">SDN_NeaL sent out <strong>Magearna</strong>!<br></div><div class="spacer battle-history"><br></div><div class="battle-history">Charizard used <strong>Flare Blitz</strong>!<br></div><div class="battle-history"><small>It's super effective!</small><br></div><div class="battle-history"><small>(The opposing Magearna lost <abbr title="−275/363">75.8%</abbr> of its health!)</small><br></div><div class="battle-history"><small>Charizard is damaged by the recoil!</small><br></div><div class="spacer battle-history"><br></div><div class="battle-history">The opposing Magearna fainted!<br></div><div class="spacer battle-history"><br></div><div class="battle-history"><small>Charizard was hurt by poison!</small><br></div><div class="spacer battle-history"><br></div><div class="battle-history">Charizard fainted!<br></div><div class="spacer battle-history"><br></div><div class="battle-history">Go! <strong>Zeraora</strong>!<br></div><div class="spacer battle-history"><br></div><div class="battle-history">SDN_NeaL sent out <strong>Gliscor</strong>!<br></div><div class="spacer battle-history"><br></div><h2 class="battle-history">Turn 19</h2><div class="spacer battle-history"><br></div><div class="battle-history">The opposing Gliscor used <strong>Protect</strong>!<br></div><div class="battle-history"><small>The opposing Gliscor protected itself!</small><br></div><div class="spacer battle-history"><br></div><div class="battle-history">Zeraora used <strong>Outrage</strong>!<br></div><div class="battle-history"><small>The opposing Gliscor protected itself!</small><br></div><div class="spacer battle-history"><br></div><div class="battle-history"><small>[The opposing Gliscor's Poison Heal]</small><br><small>The opposing Gliscor restored its HP.</small><br></div><div class="spacer battle-history"><br></div><h2 class="battle-history">Turn 20</h2><div class="spacer battle-history"><br></div><div class="battle-history">Zeraora used <strong>Outrage</strong>!<br></div><div class="battle-history"><small>(The opposing Gliscor lost <abbr title="−108/353">30.6%</abbr> of its health!)</small><br></div><div class="battle-history"><small>Zeraora lost some of its HP!</small><br></div><div class="spacer battle-history"><br></div><div class="battle-history">The opposing Gliscor used <strong>Knock Off</strong>!<br></div><div class="battle-history"><small>(Zeraora lost <abbr title="−95/317">30.0%</abbr> of its health!)</small><br></div><div class="battle-history"><small>The opposing Gliscor knocked off Zeraora's Life Orb!</small><br></div><div class="spacer battle-history"><br></div><div class="battle-history"><small>[The opposing Gliscor's Poison Heal]</small><br><small>The opposing Gliscor restored its HP.</small><br></div><div class="spacer battle-history"><br></div><h2 class="battle-history">Turn 21</h2><div class="spacer battle-history"><br></div><div class="battle-history"><small>ElAstete se rindió.</small><br></div><div class="spacer battle-history"><br></div><div class="battle-history"><strong>SDN_NeaL</strong> won the battle!<br></div><div class="chat">SDN_NeaL ha ganado 8 PokeDolares.</div><div class="chat">Puntaje de ElAstete: 1177 → <strong>1155</strong><br>(-22 por perder)</div><div class="chat">Puntaje de SDN_NeaL: 1194 → <strong>1219</strong><br>(+25 por ganar)</div></div><div class="inner-preempt"></div></div></div>
</div>
<script>
let daily = Math.floor(Date.now()/1000/60/60/24);document.write('<script src="https://play.pokemonshowdown.com/js/replay-embed.js?version'+daily+'"></'+'script>');
</script>
