<!DOCTYPE html>
<meta charset="utf-8" />
<!-- version 1 -->
<title>OU replay: RayParK_ vs. DaRKViRuZ</title>
<style>
html,body {font-family:Verdana, sans-serif;font-size:10pt;margin:0;padding:0;}body{padding:12px 0;} .battle-log {font-family:Verdana, sans-serif;font-size:10pt;} .battle-log-inline {border:1px solid #AAAAAA;background:#EEF2F5;color:black;max-width:640px;margin:0 auto 80px;padding-bottom:5px;} .battle-log .inner {padding:4px 8px 0px 8px;} .battle-log .inner-preempt {padding:0 8px 4px 8px;} .battle-log .inner-after {margin-top:0.5em;} .battle-log h2 {margin:0.5em -8px;padding:4px 8px;border:1px solid #AAAAAA;background:#E0E7EA;border-left:0;border-right:0;font-family:Verdana, sans-serif;font-size:13pt;} .battle-log .chat {vertical-align:middle;padding:3px 0 3px 0;font-size:8pt;} .battle-log .chat strong {color:#40576A;} .battle-log .chat em {padding:1px 4px 1px 3px;color:#000000;font-style:normal;} .chat.mine {background:rgba(0,0,0,0.05);margin-left:-8px;margin-right:-8px;padding-left:8px;padding-right:8px;} .spoiler {color:#BBBBBB;background:#BBBBBB;padding:0px 3px;} .spoiler:hover, .spoiler:active, .spoiler-shown {color:#000000;background:#E2E2E2;padding:0px 3px;} .spoiler a {color:#BBBBBB;} .spoiler:hover a, .spoiler:active a, .spoiler-shown a {color:#2288CC;} .chat code, .chat .spoiler:hover code, .chat .spoiler:active code, .chat .spoiler-shown code {border:1px solid #C0C0C0;background:#EEEEEE;color:black;padding:0 2px;} .chat .spoiler code {border:1px solid #CCCCCC;background:#CCCCCC;color:#CCCCCC;} .battle-log .rated {padding:3px 4px;} .battle-log .rated strong {color:white;background:#89A;padding:1px 4px;border-radius:4px;} .spacer {margin-top:0.5em;} .message-announce {background:#6688AA;color:white;padding:1px 4px 2px;} .message-announce a, .broadcast-green a, .broadcast-blue a, .broadcast-red a {color:#DDEEFF;} .broadcast-green {background-color:#559955;color:white;padding:2px 4px;} .broadcast-blue {background-color:#6688AA;color:white;padding:2px 4px;} .infobox {border:1px solid #6688AA;padding:2px 4px;} .infobox-limited {max-height:200px;overflow:auto;overflow-x:hidden;} .broadcast-red {background-color:#AA5544;color:white;padding:2px 4px;} .message-learn-canlearn {font-weight:bold;color:#228822;text-decoration:underline;} .message-learn-cannotlearn {font-weight:bold;color:#CC2222;text-decoration:underline;} .message-effect-weak {font-weight:bold;color:#CC2222;} .message-effect-resist {font-weight:bold;color:#6688AA;} .message-effect-immune {font-weight:bold;color:#666666;} .message-learn-list {margin-top:0;margin-bottom:0;} .message-throttle-notice, .message-error {color:#992222;} .message-overflow, .chat small.message-overflow {font-size:0pt;} .message-overflow::before {font-size:9pt;content:'...';} .subtle {color:#3A4A66;}
</style>
<div class="wrapper replay-wrapper" style="max-width:1180px;margin:0 auto">
<input type="hidden" name="replayid" value="destiny-ou-487472" />
<div class="battle"></div><div class="battle-log"></div><div class="replay-controls"></div><div class="replay-controls-2"></div>
<h1 style="font-weight:normal;text-align:center"><strong>OU</strong><br /><a href="http://pokemonshowdown.com/users/raypark" class="subtle" target="_blank">RayParK_</a> vs. <a href="http://pokemonshowdown.com/users/darkviruz" class="subtle" target="_blank">DaRKViRuZ</a></h1>
<script type="text/plain" class="battle-log-data">|unlink|||tour
|player|p1|RayParK_|raypark.gif?ef1dc95d
|teamsize|p1|6
|player|p2|DaRKViRuZ|darkviruz-8.gif?e01fcc4e
|teamsize|p2|6
|teamsize|p1|6
|teamsize|p2|6
|gametype|singles
|gen|7
|tier|OU
|seed|14119,36601,43783,2294
|rule|Cláusula-Mod de Dormir: solo puedes dormir a uno de tus oponentes a la vez.
|rule|Cláusula de Especie: Hasta un Pokémon de cada especie
|rule|Cláusula de Golpe Fulminante: los movimientos fulminantes (OHKO) estan prohibidos
|rule|Cláusula de Veleta: la habilidad Veleta está prohibida
|rule|Cláusula de Movimientos Evasivos: los movimientos de Evasión están prohibidos.
|rule|Cláusula de Batallas Eternas: forzar batallas eternas está prohibido
|clearpoke
|poke|p1|Latias, F|item
|poke|p1|Gyarados, M|item
|poke|p1|Ferrothorn, F|item
|poke|p1|Landorus-Therian, M|item
|poke|p1|Pinsir, M|item
|poke|p1|Tapu Lele|item
|poke|p2|Charizard, M|item
|poke|p2|Terrakion|item
|poke|p2|Jirachi|item
|poke|p2|Latios, M|item
|poke|p2|Landorus-Therian, M|item
|poke|p2|Tapu Koko|item
|teampreview|undefined
|choice|*|*team 523416
|choice|*team 623451|*
|choice|team 6, 2, 3, 4, 5, 1|team 5, 2, 3, 4, 1, 6
|
|start
|switch|p1a: Tapu Lele|Tapu Lele|281\/281
|switch|p2a: Landorus|Landorus-Therian, M|382\/382
|-fieldstart|move: Psychic Terrain|[from] ability: Psychic Surge|[of] p1a: Tapu Lele
|-ability|p2a: Landorus|Intimidate|boost
|-unboost|p1a: Tapu Lele|atk|1
|turn|1
|choice|*move 1|*
|choice|*|*move 1
|choice|move psychic|move stealthrock
|
|move|p1a: Tapu Lele|Psychic|p2a: Landorus
|-damage|p2a: Landorus|0 fnt
|faint|p2a: Landorus
|
|upkeep
|c|☆DaRKViRuZ|alv
|choice|*|*switch 3
|choice||switch 3
|
|switch|p2a: Jirachi|Jirachi|341\/341
|turn|2
|choice|*|*move 2
|choice|*switch 4|*
|choice|switch 4|move uturn
|
|switch|p1a: Landorus|Landorus-Therian, M|381\/381
|-ability|p1a: Landorus|Intimidate|boost
|-unboost|p2a: Jirachi|atk|1
|move|p2a: Jirachi|U-turn|p1a: Landorus
|-resisted|p1a: Landorus
|-damage|p1a: Landorus|362\/381
|-damage|p2a: Jirachi|285\/341|[from] item: Rocky Helmet|[of] p1a: Landorus
|choice|*|*switch 5
|choice||switch 5
|
|switch|p2a: Charizard|Charizard, M|297\/297|[from]move: U-turn
|
|upkeep
|turn|3
|choice|*switch 6|*
|choice|*|*move 3 mega
|choice|switch 6|move solarbeam mega
|
|switch|p1a: Latias|Latias, F|301\/301
|-mega|p2a: Charizard|Charizard|Charizardite Y
|detailschange|p2a: Charizard|Charizard-Mega-Y, M
|-weather|SunnyDay|[from] ability: Drought|[of] p2a: Charizard
|move|p2a: Charizard|Solar Beam|p1a: Latias|[still]
|-prepare|p2a: Charizard|Solar Beam|p1a: Latias
|-anim|p2a: Charizard|Solar Beam|p1a: Latias
|-resisted|p1a: Latias
|-damage|p1a: Latias|236\/301
|
|-weather|SunnyDay|[upkeep]
|upkeep
|turn|4
|choice|*|*switch 5
|choice|*switch 6|*
|choice|switch 6|switch 5
|
|switch|p1a: Landorus|Landorus-Therian, M|362\/381
|-ability|p1a: Landorus|Intimidate|boost
|-unboost|p2a: Charizard|atk|1
|switch|p2a: Jirachi|Jirachi|285\/341
|
|-weather|SunnyDay|[upkeep]
|upkeep
|turn|5
|choice|*move 2|*
|choice|*|*move 2
|choice|move stealthrock|move uturn
|
|move|p2a: Jirachi|U-turn|p1a: Landorus
|-resisted|p1a: Landorus
|-damage|p1a: Landorus|334\/381
|-damage|p2a: Jirachi|229\/341|[from] item: Rocky Helmet|[of] p1a: Landorus
|choice|*|*switch 5
|choice||switch 5
|
|switch|p2a: Charizard|Charizard-Mega-Y, M|297\/297|[from]move: U-turn
|move|p1a: Landorus|Stealth Rock|p2a: Charizard
|-sidestart|p2: DaRKViRuZ|move: Stealth Rock
|
|-weather|SunnyDay|[upkeep]
|-fieldend|move: Psychic Terrain
|upkeep
|turn|6
|choice|*|*move 2
|choice|*switch 6|*
|choice|switch 6|move flamethrower
|
|switch|p1a: Latias|Latias, F|236\/301
|move|p2a: Charizard|Flamethrower|p1a: Latias
|-resisted|p1a: Latias
|-damage|p1a: Latias|128\/301
|
|-weather|SunnyDay|[upkeep]
|upkeep
|turn|7
|choice|*move 2|*
|choice|*|*move 2
|choice|move psyshock|move flamethrower
|
|move|p1a: Latias|Psyshock|p2a: Charizard
|-damage|p2a: Charizard|143\/297
|move|p2a: Charizard|Flamethrower|p1a: Latias
|-resisted|p1a: Latias
|-damage|p1a: Latias|22\/301
|-status|p1a: Latias|brn
|
|-weather|none
|-damage|p1a: Latias|4\/301 brn|[from] brn
|upkeep
|turn|8
|choice|*|*switch 5
|choice|*|*switch 4
|choice|*move 2|*
|choice|move psyshock|switch 4
|
|switch|p2a: Latios|Latios, M|301\/301
|-damage|p2a: Latios|264\/301|[from] Stealth Rock
|move|p1a: Latias|Psyshock|p2a: Latios
|-resisted|p2a: Latios
|-damage|p2a: Latios|190\/301
|
|-damage|p1a: Latias|0 fnt|[from] brn
|upkeep
|faint|p1a: Latias
|choice|*switch 4|*
|choice|switch 4|
|
|switch|p1a: Tapu Lele|Tapu Lele|281\/281
|-fieldstart|move: Psychic Terrain|[from] ability: Psychic Surge|[of] p1a: Tapu Lele
|turn|9
|choice|*move 3|*
|choice|*|*move 4
|choice|move moonblast|move defog
|
|move|p2a: Latios|Defog|p1a: Tapu Lele
|-unboost|p1a: Tapu Lele|evasion|1
|-sideend|p2: DaRKViRuZ|Stealth Rock|[from] move: Defog|[of] p2a: Latios
|move|p1a: Tapu Lele|Moonblast|p2a: Latios
|-supereffective|p2a: Latios
|-damage|p2a: Latios|0 fnt
|faint|p2a: Latios
|
|upkeep
|choice|*|*switch 5
|choice||switch 5
|
|switch|p2a: Jirachi|Jirachi|229\/341
|turn|10
|choice|*|*move 2
|choice|*switch 3|*
|choice|switch 3|move uturn
|
|switch|p1a: Ferrothorn|Ferrothorn, F|351\/351
|move|p2a: Jirachi|U-turn|p1a: Ferrothorn
|-damage|p1a: Ferrothorn|292\/351
|-damage|p2a: Jirachi|187\/341|[from] ability: Iron Barbs|[of] p1a: Ferrothorn
|choice|*|*switch 4
|choice||switch 4
|
|switch|p2a: Charizard|Charizard-Mega-Y, M|143\/297|[from]move: U-turn
|-weather|SunnyDay|[from] ability: Drought|[of] p2a: Charizard
|
|-weather|SunnyDay|[upkeep]
|-heal|p1a: Ferrothorn|313\/351|[from] item: Leftovers
|upkeep
|turn|11
|choice|*|*move 1
|choice|*switch 3|*
|choice|switch 3|move roost
|
|switch|p1a: Tapu Lele|Tapu Lele|281\/281
|move|p2a: Charizard|Roost|p2a: Charizard
|-heal|p2a: Charizard|292\/297
|
|-weather|SunnyDay|[upkeep]
|upkeep
|turn|12
|choice|*|*switch 4
|choice|*move 4|*
|choice|move psyshock|switch 4
|
|switch|p2a: Jirachi|Jirachi|187\/341
|move|p1a: Tapu Lele|Psyshock|p2a: Jirachi
|-resisted|p2a: Jirachi
|-damage|p2a: Jirachi|93\/341
|
|-weather|SunnyDay|[upkeep]
|upkeep
|turn|13
|choice|*move 4|*
|choice|*|*move 4
|choice|move psyshock|move firepunch
|
|move|p2a: Jirachi|Fire Punch|p1a: Tapu Lele
|-damage|p1a: Tapu Lele|138\/281
|move|p1a: Tapu Lele|Psyshock|p2a: Jirachi
|-resisted|p2a: Jirachi
|-damage|p2a: Jirachi|11\/341
|
|-weather|SunnyDay|[upkeep]
|-fieldend|move: Psychic Terrain
|upkeep
|turn|14
|choice|*|*move 4
|choice|*switch 6|*
|choice|switch 6|move firepunch
|
|switch|p1a: Landorus|Landorus-Therian, M|334\/381
|-ability|p1a: Landorus|Intimidate|boost
|-unboost|p2a: Jirachi|atk|1
|move|p2a: Jirachi|Fire Punch|p1a: Landorus
|-damage|p1a: Landorus|274\/381
|-damage|p2a: Jirachi|0 fnt|[from] item: Rocky Helmet|[of] p1a: Landorus
|faint|p2a: Jirachi
|
|-weather|none
|upkeep
|choice|*|*switch 4
|choice||switch 4
|
|switch|p2a: Charizard|Charizard-Mega-Y, M|292\/297
|-weather|SunnyDay|[from] ability: Drought|[of] p2a: Charizard
|turn|15
|choice|*|*move 3
|choice|*switch 6|*
|choice|switch 6|move solarbeam
|
|switch|p1a: Tapu Lele|Tapu Lele|138\/281
|-fieldstart|move: Psychic Terrain|[from] ability: Psychic Surge|[of] p1a: Tapu Lele
|move|p2a: Charizard|Solar Beam|p1a: Tapu Lele|[still]
|-prepare|p2a: Charizard|Solar Beam|p1a: Tapu Lele
|-anim|p2a: Charizard|Solar Beam|p1a: Tapu Lele
|-damage|p1a: Tapu Lele|0 fnt
|faint|p1a: Tapu Lele
|
|-weather|SunnyDay|[upkeep]
|upkeep
|choice|*switch 5|*
|choice|switch 5|
|
|switch|p1a: Pinsir|Pinsir, M|271\/271
|turn|16
|choice|*move 2 mega|*
|choice|*|*move 2
|choice|move frustration mega|move flamethrower
|
|-mega|p1a: Pinsir|Pinsir|Pinsirite
|detailschange|p1a: Pinsir|Pinsir-Mega, M
|move|p1a: Pinsir|Frustration|p2a: Charizard
|-damage|p2a: Charizard|0 fnt
|faint|p2a: Charizard
|
|-weather|SunnyDay|[upkeep]
|upkeep
|choice|*|*switch 6
|choice||switch 6
|
|switch|p2a: Tapu Koko|Tapu Koko|281\/281
|-fieldstart|move: Electric Terrain|[from] ability: Electric Surge|[of] p2a: Tapu Koko
|turn|17
|choice|*|*move 2
|choice|*switch 3|*
|choice|switch 3|move uturn
|
|switch|p1a: Ferrothorn|Ferrothorn, F|313\/351
|move|p2a: Tapu Koko|U-turn|p1a: Ferrothorn
|-damage|p1a: Ferrothorn|272\/351
|-damage|p2a: Tapu Koko|246\/281|[from] ability: Iron Barbs|[of] p1a: Ferrothorn
|choice|*|*switch 2
|choice||switch 2
|
|switch|p2a: Terrakion|Terrakion|323\/323|[from]move: U-turn
|
|-weather|SunnyDay|[upkeep]
|-heal|p1a: Ferrothorn|293\/351|[from] item: Leftovers
|upkeep
|turn|18
|choice|*|*move 4
|choice|*switch 6|*
|choice|switch 6|move swordsdance
|
|switch|p1a: Landorus|Landorus-Therian, M|274\/381
|-ability|p1a: Landorus|Intimidate|boost
|-unboost|p2a: Terrakion|atk|1
|move|p2a: Terrakion|Swords Dance|p2a: Terrakion
|-boost|p2a: Terrakion|atk|2
|
|-weather|SunnyDay|[upkeep]
|upkeep
|turn|19
|choice|*|*move 1 zmove
|choice|*switch 2|*
|choice|switch 2|move stoneedge zmove
|
|switch|p1a: Gyarados|Gyarados, M|331\/331
|-zpower|p2a: Terrakion
|move|p2a: Terrakion|Continental Crush|p1a: Gyarados|[zeffect]
|-supereffective|p1a: Gyarados
|-damage|p1a: Gyarados|0 fnt
|faint|p1a: Gyarados
|
|-weather|none
|upkeep
|choice|*switch 2|*
|choice|switch 2|
|
|switch|p1a: Landorus|Landorus-Therian, M|274\/381
|-ability|p1a: Landorus|Intimidate|boost
|-unboost|p2a: Terrakion|atk|1
|turn|20
|choice|*move 4|*
|choice|*|*move 1
|choice|move earthquake|move stoneedge
|
|move|p2a: Terrakion|Stone Edge|p1a: Landorus
|-damage|p1a: Landorus|127\/381
|move|p1a: Landorus|Earthquake|p2a: Terrakion
|-supereffective|p2a: Terrakion
|-damage|p2a: Terrakion|0 fnt
|faint|p2a: Terrakion
|
|upkeep
|choice|*|*switch 2
|choice||switch 2
|
|switch|p2a: Tapu Koko|Tapu Koko|246\/281
|turn|21
|choice|*move 4|*
|choice|*|*move 3
|choice|move earthquake|move hiddenpower
|
|move|p2a: Tapu Koko|Hidden Power|p1a: Landorus
|-supereffective|p1a: Landorus
|-damage|p1a: Landorus|0 fnt
|faint|p1a: Landorus
|
|-fieldend|move: Electric Terrain
|upkeep
|choice|*switch 6|*
|choice|switch 6|
|
|switch|p1a: Ferrothorn|Ferrothorn, F|293\/351
|turn|22
|choice|*move 1|*
|choice|*|*move 1
|choice|move gyroball|move thunderbolt
|
|move|p2a: Tapu Koko|Thunderbolt|p1a: Ferrothorn
|-resisted|p1a: Ferrothorn
|-damage|p1a: Ferrothorn|239\/351
|move|p1a: Ferrothorn|Gyro Ball|p2a: Tapu Koko
|-damage|p2a: Tapu Koko|62\/281
|
|-heal|p1a: Ferrothorn|260\/351|[from] item: Leftovers
|upkeep
|turn|23
|c|☆DaRKViRuZ|gg
|choice|*move 1|*
|choice|*|*move 3
|choice|move gyroball|move hiddenpower
|
|move|p2a: Tapu Koko|Hidden Power|p1a: Ferrothorn
|-crit|p1a: Ferrothorn
|-damage|p1a: Ferrothorn|201\/351
|move|p1a: Ferrothorn|Gyro Ball|p2a: Tapu Koko
|-damage|p2a: Tapu Koko|0 fnt
|faint|p2a: Tapu Koko
|
|win|RayParK_
|c|☆RayParK_|gg
</script>
</div>
<div class="battle-log battle-log-inline"><div class="inner"><div class="battle-options"></div><div class="inner"><div class=""><small>Format:</small> <br><strong>OU</strong></div><div class=""><small><em>Cláusula-Mod de Dormir:</em> solo puedes dormir a uno de tus oponentes a la vez.</small></div><div class=""><small><em>Cláusula de Especie:</em> Hasta un Pokémon de cada especie</small></div><div class=""><small><em>Cláusula de Golpe Fulminante:</em> los movimientos fulminantes (OHKO) estan prohibidos</small></div><div class=""><small><em>Cláusula de Veleta:</em> la habilidad Veleta está prohibida</small></div><div class=""><small><em>Cláusula de Movimientos Evasivos:</em> los movimientos de Evasión están prohibidos.</small></div><div class=""><small><em>Cláusula de Batallas Eternas:</em> forzar batallas eternas está prohibido</small></div><div class="chat battle-history"><strong>RayParK_'s team:</strong> <em style="color:#445566;display:block;">Latias / Gyarados / Ferrothorn / Landorus-Therian / Pinsir / Tapu Lele</em></div><div class="chat battle-history"><strong>DaRKViRuZ's team:</strong> <em style="color:#445566;display:block;">Charizard / Terrakion / Jirachi / Latios / Landorus-Therian / Tapu Koko</em></div><div class="spacer battle-history"><br></div><div class="battle-history">Battle started between RayParK_ and DaRKViRuZ!<br></div><div class="spacer battle-history"><br></div><div class="battle-history">Go! <strong>Tapu Lele</strong>!<br></div><div class="spacer battle-history"><br></div><div class="battle-history">DaRKViRuZ sent out Landorus (<strong>Landorus-Therian</strong>)!<br></div><div class="battle-history"><small>[Tapu Lele's Psychic Surge]</small><br><small>The battlefield got weird!</small><br></div><div class="battle-history"><small>[The opposing Landorus's Intimidate]</small><br></div><div class="battle-history"><small>Tapu Lele's Attack fell!</small><br></div><div class="spacer battle-history"><br></div><h2 class="battle-history">Turn 1</h2><div class="spacer battle-history"><br></div><div class="battle-history">Tapu Lele used <strong>Psychic</strong>!<br></div><div class="battle-history"><small>(The opposing Landorus lost <abbr title="−382/382">100%</abbr> of its health!)</small><br></div><div class="spacer battle-history"><br></div><div class="battle-history">The opposing Landorus fainted!<br></div><div class="chat chatmessage-darkviruz"><strong style="color:hsl(216,75%,49.56149533814376%)"><small>☆</small><span class="username" data-name="DaRKViRuZ">DaRKViRuZ</span>:</strong> <em>alv</em></div><div class="spacer battle-history"><br></div><div class="battle-history">DaRKViRuZ sent out <strong>Jirachi</strong>!<br></div><div class="spacer battle-history"><br></div><h2 class="battle-history">Turn 2</h2><div class="spacer battle-history"><br></div><div class="battle-history">Tapu Lele, come back!<br></div><div class="battle-history">Go! Landorus (<strong>Landorus-Therian</strong>)!<br></div><div class="battle-history"><small>[Landorus's Intimidate]</small><br></div><div class="battle-history"><small>The opposing Jirachi's Attack fell!</small><br></div><div class="spacer battle-history"><br></div><div class="battle-history">The opposing Jirachi used <strong>U-turn</strong>!<br></div><div class="battle-history"><small>It's not very effective...</small><br></div><div class="battle-history"><small>(Landorus lost <abbr title="−19/381">5.0%</abbr> of its health!)</small><br></div><div class="battle-history"><small>The opposing Jirachi was hurt by the Rocky Helmet!</small><br></div><div class="spacer battle-history"><br></div><div class="battle-history">The opposing Jirachi went back to DaRKViRuZ!<br></div><div class="battle-history">DaRKViRuZ sent out <strong>Charizard</strong>!<br></div><div class="spacer battle-history"><br></div><h2 class="battle-history">Turn 3</h2><div class="spacer battle-history"><br></div><div class="battle-history">Landorus, come back!<br></div><div class="battle-history">Go! <strong>Latias</strong>!<br></div><div class="spacer battle-history"><br></div><div class="battle-history"><small>The opposing Charizard's Charizardite Y is reacting to the Key Stone!</small><br>The opposing Charizard has Mega Evolved into Mega Charizard!<br></div><div class="battle-history"><small>[The opposing Charizard's Drought]</small><br><small>The sunlight turned harsh!</small><br></div><div class="spacer battle-history"><br></div><div class="battle-history">The opposing Charizard used <strong>Solar Beam</strong>!<br></div><div class="battle-history"><small>The opposing Charizard absorbed light!</small><br></div><div class="battle-history"><small>It's not very effective...</small><br></div><div class="battle-history"><small>(Latias lost <abbr title="−65/301">21.6%</abbr> of its health!)</small><br></div><div class="spacer battle-history"><br></div><div class="battle-history"><small>(The sunlight is strong!)</small><br></div><div class="spacer battle-history"><br></div><h2 class="battle-history">Turn 4</h2><div class="spacer battle-history"><br></div><div class="battle-history">Latias, come back!<br></div><div class="battle-history">Go! Landorus (<strong>Landorus-Therian</strong>)!<br></div><div class="battle-history"><small>[Landorus's Intimidate]</small><br></div><div class="battle-history"><small>The opposing Charizard's Attack fell!</small><br></div><div class="spacer battle-history"><br></div><div class="battle-history">DaRKViRuZ withdrew Charizard!<br></div><div class="battle-history">DaRKViRuZ sent out <strong>Jirachi</strong>!<br></div><div class="spacer battle-history"><br></div><div class="battle-history"><small>(The sunlight is strong!)</small><br></div><div class="spacer battle-history"><br></div><h2 class="battle-history">Turn 5</h2><div class="spacer battle-history"><br></div><div class="battle-history">The opposing Jirachi used <strong>U-turn</strong>!<br></div><div class="battle-history"><small>It's not very effective...</small><br></div><div class="battle-history"><small>(Landorus lost <abbr title="−28/381">7.3%</abbr> of its health!)</small><br></div><div class="battle-history"><small>The opposing Jirachi was hurt by the Rocky Helmet!</small><br></div><div class="spacer battle-history"><br></div><div class="battle-history">The opposing Jirachi went back to DaRKViRuZ!<br></div><div class="battle-history">DaRKViRuZ sent out Charizard (<strong>Charizard-Mega-Y</strong>)!<br></div><div class="spacer battle-history"><br></div><div class="battle-history">Landorus used <strong>Stealth Rock</strong>!<br></div><div class="battle-history"><small>Pointed stones float in the air around the opposing team!</small><br></div><div class="spacer battle-history"><br></div><div class="battle-history"><small>(The sunlight is strong!)</small><br></div><div class="battle-history"><small>The weirdness disappeared from the battlefield!</small><br></div><div class="spacer battle-history"><br></div><h2 class="battle-history">Turn 6</h2><div class="spacer battle-history"><br></div><div class="battle-history">Landorus, come back!<br></div><div class="battle-history">Go! <strong>Latias</strong>!<br></div><div class="spacer battle-history"><br></div><div class="battle-history">The opposing Charizard used <strong>Flamethrower</strong>!<br></div><div class="battle-history"><small>It's not very effective...</small><br></div><div class="battle-history"><small>(Latias lost <abbr title="−108/301">35.9%</abbr> of its health!)</small><br></div><div class="spacer battle-history"><br></div><div class="battle-history"><small>(The sunlight is strong!)</small><br></div><div class="spacer battle-history"><br></div><h2 class="battle-history">Turn 7</h2><div class="spacer battle-history"><br></div><div class="battle-history">Latias used <strong>Psyshock</strong>!<br></div><div class="battle-history"><small>(The opposing Charizard lost <abbr title="−154/297">51.9%</abbr> of its health!)</small><br></div><div class="spacer battle-history"><br></div><div class="battle-history">The opposing Charizard used <strong>Flamethrower</strong>!<br></div><div class="battle-history"><small>It's not very effective...</small><br></div><div class="battle-history"><small>(Latias lost <abbr title="−106/301">35.2%</abbr> of its health!)</small><br></div><div class="battle-history"><small>Latias was burned!</small><br></div><div class="spacer battle-history"><br></div><div class="battle-history"><small>The sunlight faded.</small><br></div><div class="battle-history"><small>Latias was hurt by its burn!</small><br></div><div class="spacer battle-history"><br></div><h2 class="battle-history">Turn 8</h2><div class="spacer battle-history"><br></div><div class="battle-history">DaRKViRuZ withdrew Charizard!<br></div><div class="battle-history">DaRKViRuZ sent out <strong>Latios</strong>!<br></div><div class="battle-history"><small>Pointed stones dug into the opposing Latios!</small><br></div><div class="spacer battle-history"><br></div><div class="battle-history">Latias used <strong>Psyshock</strong>!<br></div><div class="battle-history"><small>It's not very effective...</small><br></div><div class="battle-history"><small>(The opposing Latios lost <abbr title="−74/301">24.6%</abbr> of its health!)</small><br></div><div class="spacer battle-history"><br></div><div class="battle-history"><small>Latias was hurt by its burn!</small><br></div><div class="spacer battle-history"><br></div><div class="battle-history">Latias fainted!<br></div><div class="spacer battle-history"><br></div><div class="battle-history">Go! <strong>Tapu Lele</strong>!<br></div><div class="battle-history"><small>[Tapu Lele's Psychic Surge]</small><br><small>The battlefield got weird!</small><br></div><div class="spacer battle-history"><br></div><h2 class="battle-history">Turn 9</h2><div class="spacer battle-history"><br></div><div class="battle-history">The opposing Latios used <strong>Defog</strong>!<br></div><div class="battle-history"><small>Tapu Lele's evasiveness fell!</small><br></div><div class="battle-history"><small>The pointed stones disappeared from around the opposing team!</small><br></div><div class="spacer battle-history"><br></div><div class="battle-history">Tapu Lele used <strong>Moonblast</strong>!<br></div><div class="battle-history"><small>It's super effective!</small><br></div><div class="battle-history"><small>(The opposing Latios lost <abbr title="−190/301">63.1%</abbr> of its health!)</small><br></div><div class="spacer battle-history"><br></div><div class="battle-history">The opposing Latios fainted!<br></div><div class="spacer battle-history"><br></div><div class="battle-history">DaRKViRuZ sent out <strong>Jirachi</strong>!<br></div><div class="spacer battle-history"><br></div><h2 class="battle-history">Turn 10</h2><div class="spacer battle-history"><br></div><div class="battle-history">Tapu Lele, come back!<br></div><div class="battle-history">Go! <strong>Ferrothorn</strong>!<br></div><div class="spacer battle-history"><br></div><div class="battle-history">The opposing Jirachi used <strong>U-turn</strong>!<br></div><div class="battle-history"><small>(Ferrothorn lost <abbr title="−59/351">16.8%</abbr> of its health!)</small><br></div><div class="battle-history"><small>[Ferrothorn's Iron Barbs]</small><br><small>The opposing Jirachi was hurt!</small><br></div><div class="spacer battle-history"><br></div><div class="battle-history">The opposing Jirachi went back to DaRKViRuZ!<br></div><div class="battle-history">DaRKViRuZ sent out Charizard (<strong>Charizard-Mega-Y</strong>)!<br></div><div class="battle-history"><small>[The opposing Charizard's Drought]</small><br><small>The sunlight turned harsh!</small><br></div><div class="spacer battle-history"><br></div><div class="battle-history"><small>(The sunlight is strong!)</small><br></div><div class="battle-history"><small>Ferrothorn restored a little HP using its Leftovers!</small><br></div><div class="spacer battle-history"><br></div><h2 class="battle-history">Turn 11</h2><div class="spacer battle-history"><br></div><div class="battle-history">Ferrothorn, come back!<br></div><div class="battle-history">Go! <strong>Tapu Lele</strong>!<br></div><div class="spacer battle-history"><br></div><div class="battle-history">The opposing Charizard used <strong>Roost</strong>!<br></div><div class="battle-history"><small>The opposing Charizard restored its HP.</small><br></div><div class="spacer battle-history"><br></div><div class="battle-history"><small>(The sunlight is strong!)</small><br></div><div class="spacer battle-history"><br></div><h2 class="battle-history">Turn 12</h2><div class="spacer battle-history"><br></div><div class="battle-history">DaRKViRuZ withdrew Charizard!<br></div><div class="battle-history">DaRKViRuZ sent out <strong>Jirachi</strong>!<br></div><div class="spacer battle-history"><br></div><div class="battle-history">Tapu Lele used <strong>Psyshock</strong>!<br></div><div class="battle-history"><small>It's not very effective...</small><br></div><div class="battle-history"><small>(The opposing Jirachi lost <abbr title="−94/341">27.6%</abbr> of its health!)</small><br></div><div class="spacer battle-history"><br></div><div class="battle-history"><small>(The sunlight is strong!)</small><br></div><div class="spacer battle-history"><br></div><h2 class="battle-history">Turn 13</h2><div class="spacer battle-history"><br></div><div class="battle-history">The opposing Jirachi used <strong>Fire Punch</strong>!<br></div><div class="battle-history"><small>(Tapu Lele lost <abbr title="−143/281">50.9%</abbr> of its health!)</small><br></div><div class="spacer battle-history"><br></div><div class="battle-history">Tapu Lele used <strong>Psyshock</strong>!<br></div><div class="battle-history"><small>It's not very effective...</small><br></div><div class="battle-history"><small>(The opposing Jirachi lost <abbr title="−82/341">24.0%</abbr> of its health!)</small><br></div><div class="spacer battle-history"><br></div><div class="battle-history"><small>(The sunlight is strong!)</small><br></div><div class="battle-history"><small>The weirdness disappeared from the battlefield!</small><br></div><div class="spacer battle-history"><br></div><h2 class="battle-history">Turn 14</h2><div class="spacer battle-history"><br></div><div class="battle-history">Tapu Lele, come back!<br></div><div class="battle-history">Go! Landorus (<strong>Landorus-Therian</strong>)!<br></div><div class="battle-history"><small>[Landorus's Intimidate]</small><br></div><div class="battle-history"><small>The opposing Jirachi's Attack fell!</small><br></div><div class="spacer battle-history"><br></div><div class="battle-history">The opposing Jirachi used <strong>Fire Punch</strong>!<br></div><div class="battle-history"><small>(Landorus lost <abbr title="−60/381">15.7%</abbr> of its health!)</small><br></div><div class="battle-history"><small>The opposing Jirachi was hurt by the Rocky Helmet!</small><br></div><div class="spacer battle-history"><br></div><div class="battle-history">The opposing Jirachi fainted!<br></div><div class="spacer battle-history"><br></div><div class="battle-history"><small>The sunlight faded.</small><br></div><div class="spacer battle-history"><br></div><div class="battle-history">DaRKViRuZ sent out Charizard (<strong>Charizard-Mega-Y</strong>)!<br></div><div class="battle-history"><small>[The opposing Charizard's Drought]</small><br><small>The sunlight turned harsh!</small><br></div><div class="spacer battle-history"><br></div><h2 class="battle-history">Turn 15</h2><div class="spacer battle-history"><br></div><div class="battle-history">Landorus, come back!<br></div><div class="battle-history">Go! <strong>Tapu Lele</strong>!<br></div><div class="battle-history"><small>[Tapu Lele's Psychic Surge]</small><br><small>The battlefield got weird!</small><br></div><div class="spacer battle-history"><br></div><div class="battle-history">The opposing Charizard used <strong>Solar Beam</strong>!<br></div><div class="battle-history"><small>The opposing Charizard absorbed light!</small><br></div><div class="battle-history"><small>(Tapu Lele lost <abbr title="−138/281">49.1%</abbr> of its health!)</small><br></div><div class="spacer battle-history"><br></div><div class="battle-history">Tapu Lele fainted!<br></div><div class="spacer battle-history"><br></div><div class="battle-history"><small>(The sunlight is strong!)</small><br></div><div class="spacer battle-history"><br></div><div class="battle-history">Go! <strong>Pinsir</strong>!<br></div><div class="spacer battle-history"><br></div><h2 class="battle-history">Turn 16</h2><div class="spacer battle-history"><br></div><div class="battle-history"><small>Pinsir's Pinsirite is reacting to the Key Stone!</small><br>Pinsir has Mega Evolved into Mega Pinsir!<br></div><div class="spacer battle-history"><br></div><div class="battle-history">Pinsir used <strong>Frustration</strong>!<br></div><div class="battle-history"><small>(The opposing Charizard lost <abbr title="−292/297">98.3%</abbr> of its health!)</small><br></div><div class="spacer battle-history"><br></div><div class="battle-history">The opposing Charizard fainted!<br></div><div class="spacer battle-history"><br></div><div class="battle-history"><small>(The sunlight is strong!)</small><br></div><div class="spacer battle-history"><br></div><div class="battle-history">DaRKViRuZ sent out <strong>Tapu Koko</strong>!<br></div><div class="battle-history"><small>[The opposing Tapu Koko's Electric Surge]</small><br><small>An electric current runs across the battlefield!</small><br></div><div class="spacer battle-history"><br></div><h2 class="battle-history">Turn 17</h2><div class="spacer battle-history"><br></div><div class="battle-history">Pinsir, come back!<br></div><div class="battle-history">Go! <strong>Ferrothorn</strong>!<br></div><div class="spacer battle-history"><br></div><div class="battle-history">The opposing Tapu Koko used <strong>U-turn</strong>!<br></div><div class="battle-history"><small>(Ferrothorn lost <abbr title="−41/351">11.7%</abbr> of its health!)</small><br></div><div class="battle-history"><small>[Ferrothorn's Iron Barbs]</small><br><small>The opposing Tapu Koko was hurt!</small><br></div><div class="spacer battle-history"><br></div><div class="battle-history">The opposing Tapu Koko went back to DaRKViRuZ!<br></div><div class="battle-history">DaRKViRuZ sent out <strong>Terrakion</strong>!<br></div><div class="spacer battle-history"><br></div><div class="battle-history"><small>(The sunlight is strong!)</small><br></div><div class="battle-history"><small>Ferrothorn restored a little HP using its Leftovers!</small><br></div><div class="spacer battle-history"><br></div><h2 class="battle-history">Turn 18</h2><div class="spacer battle-history"><br></div><div class="battle-history">Ferrothorn, come back!<br></div><div class="battle-history">Go! Landorus (<strong>Landorus-Therian</strong>)!<br></div><div class="battle-history"><small>[Landorus's Intimidate]</small><br></div><div class="battle-history"><small>The opposing Terrakion's Attack fell!</small><br></div><div class="spacer battle-history"><br></div><div class="battle-history">The opposing Terrakion used <strong>Swords Dance</strong>!<br></div><div class="battle-history"><small>The opposing Terrakion's Attack rose sharply!</small><br></div><div class="spacer battle-history"><br></div><div class="battle-history"><small>(The sunlight is strong!)</small><br></div><div class="spacer battle-history"><br></div><h2 class="battle-history">Turn 19</h2><div class="spacer battle-history"><br></div><div class="battle-history">Landorus, come back!<br></div><div class="battle-history">Go! <strong>Gyarados</strong>!<br></div><div class="battle-history"><small>The opposing Terrakion surrounded itself with its Z-Power!</small><br></div><div class="spacer battle-history"><br></div><div class="battle-history">The opposing Terrakion used <strong>Continental Crush</strong>!<br></div><div class="battle-history"><small>It's super effective!</small><br></div><div class="battle-history"><small>(Gyarados lost <abbr title="−331/331">100%</abbr> of its health!)</small><br></div><div class="spacer battle-history"><br></div><div class="battle-history">Gyarados fainted!<br></div><div class="spacer battle-history"><br></div><div class="battle-history"><small>The sunlight faded.</small><br></div><div class="spacer battle-history"><br></div><div class="battle-history">Go! Landorus (<strong>Landorus-Therian</strong>)!<br></div><div class="battle-history"><small>[Landorus's Intimidate]</small><br></div><div class="battle-history"><small>The opposing Terrakion's Attack fell!</small><br></div><div class="spacer battle-history"><br></div><h2 class="battle-history">Turn 20</h2><div class="spacer battle-history"><br></div><div class="battle-history">The opposing Terrakion used <strong>Stone Edge</strong>!<br></div><div class="battle-history"><small>(Landorus lost <abbr title="−147/381">38.6%</abbr> of its health!)</small><br></div><div class="spacer battle-history"><br></div><div class="battle-history">Landorus used <strong>Earthquake</strong>!<br></div><div class="battle-history"><small>It's super effective!</small><br></div><div class="battle-history"><small>(The opposing Terrakion lost <abbr title="−323/323">100%</abbr> of its health!)</small><br></div><div class="spacer battle-history"><br></div><div class="battle-history">The opposing Terrakion fainted!<br></div><div class="spacer battle-history"><br></div><div class="battle-history">DaRKViRuZ sent out <strong>Tapu Koko</strong>!<br></div><div class="spacer battle-history"><br></div><h2 class="battle-history">Turn 21</h2><div class="spacer battle-history"><br></div><div class="battle-history">The opposing Tapu Koko used <strong>Hidden Power</strong>!<br></div><div class="battle-history"><small>It's super effective!</small><br></div><div class="battle-history"><small>(Landorus lost <abbr title="−127/381">33.3%</abbr> of its health!)</small><br></div><div class="spacer battle-history"><br></div><div class="battle-history">Landorus fainted!<br></div><div class="spacer battle-history"><br></div><div class="battle-history"><small>The electricity disappeared from the battlefield.</small><br></div><div class="spacer battle-history"><br></div><div class="battle-history">Go! <strong>Ferrothorn</strong>!<br></div><div class="spacer battle-history"><br></div><h2 class="battle-history">Turn 22</h2><div class="spacer battle-history"><br></div><div class="battle-history">The opposing Tapu Koko used <strong>Thunderbolt</strong>!<br></div><div class="battle-history"><small>It's not very effective...</small><br></div><div class="battle-history"><small>(Ferrothorn lost <abbr title="−54/351">15.4%</abbr> of its health!)</small><br></div><div class="spacer battle-history"><br></div><div class="battle-history">Ferrothorn used <strong>Gyro Ball</strong>!<br></div><div class="battle-history"><small>(The opposing Tapu Koko lost <abbr title="−184/281">65.5%</abbr> of its health!)</small><br></div><div class="spacer battle-history"><br></div><div class="battle-history"><small>Ferrothorn restored a little HP using its Leftovers!</small><br></div><div class="spacer battle-history"><br></div><h2 class="battle-history">Turn 23</h2><div class="chat chatmessage-darkviruz"><strong style="color:hsl(216,75%,49.56149533814376%)"><small>☆</small><span class="username" data-name="DaRKViRuZ">DaRKViRuZ</span>:</strong> <em>gg</em></div><div class="spacer battle-history"><br></div><div class="battle-history">The opposing Tapu Koko used <strong>Hidden Power</strong>!<br></div><div class="battle-history"><small>A critical hit!</small><br></div><div class="battle-history"><small>(Ferrothorn lost <abbr title="−59/351">16.8%</abbr> of its health!)</small><br></div><div class="spacer battle-history"><br></div><div class="battle-history">Ferrothorn used <strong>Gyro Ball</strong>!<br></div><div class="battle-history"><small>(The opposing Tapu Koko lost <abbr title="−62/281">22.1%</abbr> of its health!)</small><br></div><div class="spacer battle-history"><br></div><div class="battle-history">The opposing Tapu Koko fainted!<br></div><div class="spacer battle-history"><br></div><div class="battle-history"><strong>RayParK_</strong> won the battle!<br></div><div class="chat chatmessage-raypark"><strong style="color:hsl(303,43%,49.435043293560454%)"><small>☆</small><span class="username" data-name="RayParK_">RayParK_</span>:</strong> <em>gg</em></div></div><div class="inner-preempt"></div></div></div>
</div>
<script>
let daily = Math.floor(Date.now()/1000/60/60/24);document.write('<script src="https://play.pokemonshowdown.com/js/replay-embed.js?version'+daily+'"></'+'script>');
</script>
