<!DOCTYPE html>
<meta charset="utf-8" />
<!-- version 1 -->
<title>OU replay: Onii Chan 7w7 vs. Quimera01</title>
<style>
html,body {font-family:Verdana, sans-serif;font-size:10pt;margin:0;padding:0;}body{padding:12px 0;} .battle-log {font-family:Verdana, sans-serif;font-size:10pt;} .battle-log-inline {border:1px solid #AAAAAA;background:#EEF2F5;color:black;max-width:640px;margin:0 auto 80px;padding-bottom:5px;} .battle-log .inner {padding:4px 8px 0px 8px;} .battle-log .inner-preempt {padding:0 8px 4px 8px;} .battle-log .inner-after {margin-top:0.5em;} .battle-log h2 {margin:0.5em -8px;padding:4px 8px;border:1px solid #AAAAAA;background:#E0E7EA;border-left:0;border-right:0;font-family:Verdana, sans-serif;font-size:13pt;} .battle-log .chat {vertical-align:middle;padding:3px 0 3px 0;font-size:8pt;} .battle-log .chat strong {color:#40576A;} .battle-log .chat em {padding:1px 4px 1px 3px;color:#000000;font-style:normal;} .chat.mine {background:rgba(0,0,0,0.05);margin-left:-8px;margin-right:-8px;padding-left:8px;padding-right:8px;} .spoiler {color:#BBBBBB;background:#BBBBBB;padding:0px 3px;} .spoiler:hover, .spoiler:active, .spoiler-shown {color:#000000;background:#E2E2E2;padding:0px 3px;} .spoiler a {color:#BBBBBB;} .spoiler:hover a, .spoiler:active a, .spoiler-shown a {color:#2288CC;} .chat code, .chat .spoiler:hover code, .chat .spoiler:active code, .chat .spoiler-shown code {border:1px solid #C0C0C0;background:#EEEEEE;color:black;padding:0 2px;} .chat .spoiler code {border:1px solid #CCCCCC;background:#CCCCCC;color:#CCCCCC;} .battle-log .rated {padding:3px 4px;} .battle-log .rated strong {color:white;background:#89A;padding:1px 4px;border-radius:4px;} .spacer {margin-top:0.5em;} .message-announce {background:#6688AA;color:white;padding:1px 4px 2px;} .message-announce a, .broadcast-green a, .broadcast-blue a, .broadcast-red a {color:#DDEEFF;} .broadcast-green {background-color:#559955;color:white;padding:2px 4px;} .broadcast-blue {background-color:#6688AA;color:white;padding:2px 4px;} .infobox {border:1px solid #6688AA;padding:2px 4px;} .infobox-limited {max-height:200px;overflow:auto;overflow-x:hidden;} .broadcast-red {background-color:#AA5544;color:white;padding:2px 4px;} .message-learn-canlearn {font-weight:bold;color:#228822;text-decoration:underline;} .message-learn-cannotlearn {font-weight:bold;color:#CC2222;text-decoration:underline;} .message-effect-weak {font-weight:bold;color:#CC2222;} .message-effect-resist {font-weight:bold;color:#6688AA;} .message-effect-immune {font-weight:bold;color:#666666;} .message-learn-list {margin-top:0;margin-bottom:0;} .message-throttle-notice, .message-error {color:#992222;} .message-overflow, .chat small.message-overflow {font-size:0pt;} .message-overflow::before {font-size:9pt;content:'...';} .subtle {color:#3A4A66;}
</style>
<div class="wrapper replay-wrapper" style="max-width:1180px;margin:0 auto">
<input type="hidden" name="replayid" value="destiny-ou-559603" />
<div class="battle"></div><div class="battle-log"></div><div class="replay-controls"></div><div class="replay-controls-2"></div>
<h1 style="font-weight:normal;text-align:center"><strong>OU</strong><br /><a href="http://pokemonshowdown.com/users/oniichan7w7" class="subtle" target="_blank">Onii Chan 7w7</a> vs. <a href="http://pokemonshowdown.com/users/quimera01" class="subtle" target="_blank">Quimera01</a></h1>
<script type="text/plain" class="battle-log-data">|player|p1|Onii Chan 7w7|293
|teamsize|p1|6
|player|p2|Quimera01|2037
|teamsize|p2|6
|teamsize|p1|6
|teamsize|p2|6
|gametype|singles
|gen|7
|tier|OU
|rated
|seed|52995,5395,46876,31188
|rule|Cláusula-Mod de Dormir: solo puedes dormir a uno de tus oponentes a la vez.
|rule|Cláusula de Especie: Hasta un Pokémon de cada especie
|rule|Cláusula de Golpe Fulminante: los movimientos fulminantes (OHKO) estan prohibidos
|rule|Cláusula de Veleta: la habilidad Veleta está prohibida
|rule|Cláusula de Movimientos Evasivos: los movimientos de Evasión están prohibidos.
|rule|Cláusula de Batallas Eternas: forzar batallas eternas está prohibido
|clearpoke
|poke|p1|Goodra, F, shiny|item
|poke|p1|Noivern, M, shiny|item
|poke|p1|Greninja, M|item
|poke|p1|Hawlucha, M, shiny|item
|poke|p1|Talonflame, M, shiny|item
|poke|p1|Raichu-Alola, F, shiny|item
|poke|p2|Lopunny, F|item
|poke|p2|Blacephalon|item
|poke|p2|Mew|item
|poke|p2|Ferrothorn, M|item
|poke|p2|Primarina, F|item
|poke|p2|Dragonite, F|item
|teampreview|undefined
|choice|*|*team 423156
|inactive|Reloj de batalla ENCENDIDO. El jugador inactivo será descalificado (solicitado por Quimera01).
|choice|*team 213456|*
|choice|team 2, 1, 3, 4, 5, 6|team 4, 2, 3, 1, 5, 6
|
|start
|switch|p1a: Noivern|Noivern, M, shiny|311\/311
|switch|p2a: Ferrothorn|Ferrothorn, M|351\/351
|turn|1
|choice|*|*switch 5
|choice|*move 2|*
|choice|move heatwave|switch 5
|
|switch|p2a: Primarina|Primarina, F|364\/364
|move|p1a: Noivern|Heat Wave|p2a: Primarina
|-resisted|p2a: Primarina
|-damage|p2a: Primarina|323\/364
|
|upkeep
|turn|2
|inactive|Onii Chan 7w7 tiene 135 segundos restantes.
|inactive|Quimera01 tiene 135 segundos restantes.
|choice|*|*move 2
|choice|*switch 5|*
|choice|switch 5|move moonblast
|
|switch|p1a: Talonflame|Talonflame, M, shiny|297\/297
|move|p2a: Primarina|Moonblast|p1a: Talonflame
|-resisted|p1a: Talonflame
|-damage|p1a: Talonflame|105\/297
|
|upkeep
|turn|3
|inactive|Onii Chan 7w7 tiene 135 segundos restantes.
|inactive|Quimera01 tiene 135 segundos restantes.
|choice|*move 3|*
|choice|*|*move 2
|choice|move roost|move moonblast
|
|move|p1a: Talonflame|Roost|p1a: Talonflame
|-heal|p1a: Talonflame|254\/297
|move|p2a: Primarina|Moonblast|p1a: Talonflame
|-resisted|p1a: Talonflame
|-damage|p1a: Talonflame|80\/297
|
|upkeep
|turn|4
|choice|*move 3|*
|choice|*|*move 2
|choice|move roost|move moonblast
|
|move|p1a: Talonflame|Roost|p1a: Talonflame
|-heal|p1a: Talonflame|229\/297
|move|p2a: Primarina|Moonblast|p1a: Talonflame
|-resisted|p1a: Talonflame
|-damage|p1a: Talonflame|42\/297
|
|upkeep
|turn|5
|choice|*|*move 2
|choice|*move 1 zmove|*
|choice|move flareblitz zmove|move moonblast
|
|-zpower|p1a: Talonflame
|move|p1a: Talonflame|Inferno Overdrive|p2a: Primarina|[zeffect]
|-resisted|p2a: Primarina
|-crit|p2a: Primarina
|-damage|p2a: Primarina|157\/364
|move|p2a: Primarina|Moonblast|p1a: Talonflame
|-resisted|p1a: Talonflame
|-damage|p1a: Talonflame|0 fnt
|faint|p1a: Talonflame
|
|upkeep
|choice|*switch 6|*
|choice|switch 6|
|
|switch|p1a: Raichu|Raichu-Alola, F, shiny|261\/261
|turn|6
|choice|*move 3|*
|choice|*|*switch 5
|choice|move voltswitch|switch 5
|
|switch|p2a: Ferrothorn|Ferrothorn, M|351\/351
|move|p1a: Raichu|Volt Switch|p2a: Ferrothorn
|-resisted|p2a: Ferrothorn
|-damage|p2a: Ferrothorn|309\/351
|inactive|Onii Chan 7w7 tiene 135 segundos restantes.
|choice|*switch 4|*
|choice|switch 4|
|
|switch|p1a: Hawlucha|Hawlucha, M, shiny|297\/297|[from]move: Volt Switch
|
|upkeep
|turn|7
|choice|*|*move 2
|choice|*move 4|*
|choice|move swordsdance|move stealthrock
|
|move|p1a: Hawlucha|Swords Dance|p1a: Hawlucha
|-boost|p1a: Hawlucha|atk|2
|move|p2a: Ferrothorn|Stealth Rock|p1a: Hawlucha
|-sidestart|p1: Onii Chan 7w7|move: Stealth Rock
|
|upkeep
|turn|8
|choice|*|*move 3
|choice|*move 2|*
|choice|move highjumpkick|move gyroball
|
|move|p1a: Hawlucha|High Jump Kick|p2a: Ferrothorn
|-supereffective|p2a: Ferrothorn
|-damage|p2a: Ferrothorn|0 fnt
|-damage|p1a: Hawlucha|260\/297|[from] ability: Iron Barbs|[of] p2a: Ferrothorn
|faint|p2a: Ferrothorn
|
|upkeep
|choice|*|*switch 2
|choice||switch 2
|
|switch|p2a: Blacephalon|Blacephalon|249\/249
|turn|9
|choice|*|*move 3
|choice|*move 3|*
|choice|move stoneedge|move shadowball
|
|move|p2a: Blacephalon|Shadow Ball|p1a: Hawlucha
|-damage|p1a: Hawlucha|47\/297
|-enditem|p1a: Hawlucha|Figy Berry|[eat]
|-heal|p1a: Hawlucha|195\/297|[from] item: Figy Berry
|move|p1a: Hawlucha|Stone Edge|p2a: Blacephalon
|-supereffective|p2a: Blacephalon
|-damage|p2a: Blacephalon|0 fnt
|faint|p2a: Blacephalon
|
|upkeep
|choice|*|*switch 4
|choice||switch 4
|
|switch|p2a: Lopunny|Lopunny, F|272\/272
|turn|10
|choice|*move 2|*
|choice|*|*move 4 mega
|choice|move highjumpkick|move return mega
|
|-mega|p2a: Lopunny|Lopunny|Lopunnite
|detailschange|p2a: Lopunny|Lopunny-Mega, F
|move|p1a: Hawlucha|High Jump Kick|p2a: Lopunny
|-supereffective|p2a: Lopunny
|-damage|p2a: Lopunny|0 fnt
|faint|p2a: Lopunny
|
|upkeep
|choice|*|*switch 6
|choice||switch 6
|
|switch|p2a: Dragonite|Dragonite, F|323\/323
|turn|11
|choice|*move 3|*
|choice|*|*move 1
|choice|move stoneedge|move dragondance
|
|move|p1a: Hawlucha|Stone Edge|p2a: Dragonite
|-supereffective|p2a: Dragonite
|-damage|p2a: Dragonite|72\/323
|move|p2a: Dragonite|Dragon Dance|p2a: Dragonite
|-boost|p2a: Dragonite|atk|1
|-boost|p2a: Dragonite|spe|1
|
|upkeep
|turn|12
|choice|*|*move 1
|choice|*move 3|*
|choice|move stoneedge|move dragondance
|
|move|p1a: Hawlucha|Stone Edge|p2a: Dragonite
|-supereffective|p2a: Dragonite
|-damage|p2a: Dragonite|0 fnt
|faint|p2a: Dragonite
|
|upkeep
|-message|Quimera01 se rindió.
|
|win|Onii Chan 7w7
Onii Chan 7w7 ha ganado 8 PokeDolares.
|raw|Puntaje de Onii Chan 7w7: 1328 &rarr; <strong>1341<\/strong><br \/>(+13 por ganar)
|raw|Puntaje de Quimera01: 1161 &rarr; <strong>1150<\/strong><br \/>(-11 por perder)
|c|☆Onii Chan 7w7|:3
</script>
</div>
<div class="battle-log battle-log-inline"><div class="inner"><div class="battle-options"></div><div class="inner"><div class=""><small>Format:</small> <br><strong>OU</strong></div><div class="rated"><strong>Rated battle</strong></div><div class=""><small><em>Cláusula-Mod de Dormir:</em> solo puedes dormir a uno de tus oponentes a la vez.</small></div><div class=""><small><em>Cláusula de Especie:</em> Hasta un Pokémon de cada especie</small></div><div class=""><small><em>Cláusula de Golpe Fulminante:</em> los movimientos fulminantes (OHKO) estan prohibidos</small></div><div class=""><small><em>Cláusula de Veleta:</em> la habilidad Veleta está prohibida</small></div><div class=""><small><em>Cláusula de Movimientos Evasivos:</em> los movimientos de Evasión están prohibidos.</small></div><div class=""><small><em>Cláusula de Batallas Eternas:</em> forzar batallas eternas está prohibido</small></div><div class="chat battle-history"><strong>Onii Chan 7w7's team:</strong> <em style="color:#445566;display:block;">Goodra / Noivern / Greninja / Hawlucha / Talonflame / Raichu-Alola</em></div><div class="chat battle-history"><strong>Quimera01's team:</strong> <em style="color:#445566;display:block;">Lopunny / Blacephalon / Mew / Ferrothorn / Primarina / Dragonite</em></div><div class="chat message-error">Reloj de batalla ENCENDIDO. El jugador inactivo será descalificado (solicitado por Quimera01).</div><div class="spacer battle-history"><br></div><div class="battle-history">Battle started between Onii Chan 7w7 and Quimera01!<br></div><div class="spacer battle-history"><br></div><div class="battle-history">Go! <strong>Noivern</strong>!<br></div><div class="spacer battle-history"><br></div><div class="battle-history">Quimera01 sent out <strong>Ferrothorn</strong>!<br></div><div class="spacer battle-history"><br></div><h2 class="battle-history">Turn 1</h2><div class="spacer battle-history"><br></div><div class="battle-history">Quimera01 withdrew Ferrothorn!<br></div><div class="battle-history">Quimera01 sent out <strong>Primarina</strong>!<br></div><div class="spacer battle-history"><br></div><div class="battle-history">Noivern used <strong>Heat Wave</strong>!<br></div><div class="battle-history"><small>It's not very effective...</small><br></div><div class="battle-history"><small>(The opposing Primarina lost <abbr title="−41/364">11.3%</abbr> of its health!)</small><br></div><div class="spacer battle-history"><br></div><h2 class="battle-history">Turn 2</h2><div class="chat message-error">Onii Chan 7w7 tiene 135 segundos restantes.</div><div class="chat message-error">Quimera01 tiene 135 segundos restantes.</div><div class="spacer battle-history"><br></div><div class="battle-history">Noivern, come back!<br></div><div class="battle-history">Go! <strong>Talonflame</strong>!<br></div><div class="spacer battle-history"><br></div><div class="battle-history">The opposing Primarina used <strong>Moonblast</strong>!<br></div><div class="battle-history"><small>It's not very effective...</small><br></div><div class="battle-history"><small>(Talonflame lost <abbr title="−192/297">64.6%</abbr> of its health!)</small><br></div><div class="spacer battle-history"><br></div><h2 class="battle-history">Turn 3</h2><div class="chat message-error">Onii Chan 7w7 tiene 135 segundos restantes.</div><div class="chat message-error">Quimera01 tiene 135 segundos restantes.</div><div class="spacer battle-history"><br></div><div class="battle-history">Talonflame used <strong>Roost</strong>!<br></div><div class="battle-history"><small>Talonflame restored its HP.</small><br></div><div class="spacer battle-history"><br></div><div class="battle-history">The opposing Primarina used <strong>Moonblast</strong>!<br></div><div class="battle-history"><small>It's not very effective...</small><br></div><div class="battle-history"><small>(Talonflame lost <abbr title="−174/297">58.6%</abbr> of its health!)</small><br></div><div class="spacer battle-history"><br></div><h2 class="battle-history">Turn 4</h2><div class="spacer battle-history"><br></div><div class="battle-history">Talonflame used <strong>Roost</strong>!<br></div><div class="battle-history"><small>Talonflame restored its HP.</small><br></div><div class="spacer battle-history"><br></div><div class="battle-history">The opposing Primarina used <strong>Moonblast</strong>!<br></div><div class="battle-history"><small>It's not very effective...</small><br></div><div class="battle-history"><small>(Talonflame lost <abbr title="−187/297">63.0%</abbr> of its health!)</small><br></div><div class="spacer battle-history"><br></div><h2 class="battle-history">Turn 5</h2><div class="spacer battle-history"><br></div><div class="battle-history"><small>Talonflame surrounded itself with its Z-Power!</small><br></div><div class="spacer battle-history"><br></div><div class="battle-history">Talonflame used <strong>Inferno Overdrive</strong>!<br></div><div class="battle-history"><small>It's not very effective...</small><br></div><div class="battle-history"><small>A critical hit!</small><br></div><div class="battle-history"><small>(The opposing Primarina lost <abbr title="−166/364">45.6%</abbr> of its health!)</small><br></div><div class="spacer battle-history"><br></div><div class="battle-history">The opposing Primarina used <strong>Moonblast</strong>!<br></div><div class="battle-history"><small>It's not very effective...</small><br></div><div class="battle-history"><small>(Talonflame lost <abbr title="−42/297">14.1%</abbr> of its health!)</small><br></div><div class="spacer battle-history"><br></div><div class="battle-history">Talonflame fainted!<br></div><div class="spacer battle-history"><br></div><div class="battle-history">Go! Raichu (<strong>Raichu-Alola</strong>)!<br></div><div class="spacer battle-history"><br></div><h2 class="battle-history">Turn 6</h2><div class="spacer battle-history"><br></div><div class="battle-history">Quimera01 withdrew Primarina!<br></div><div class="battle-history">Quimera01 sent out <strong>Ferrothorn</strong>!<br></div><div class="spacer battle-history"><br></div><div class="battle-history">Raichu used <strong>Volt Switch</strong>!<br></div><div class="battle-history"><small>It's not very effective...</small><br></div><div class="battle-history"><small>(The opposing Ferrothorn lost <abbr title="−42/351">12.0%</abbr> of its health!)</small><br></div><div class="chat message-error">Onii Chan 7w7 tiene 135 segundos restantes.</div><div class="spacer battle-history"><br></div><div class="battle-history">Raichu went back to Onii Chan 7w7!<br></div><div class="battle-history">Go! <strong>Hawlucha</strong>!<br></div><div class="spacer battle-history"><br></div><h2 class="battle-history">Turn 7</h2><div class="spacer battle-history"><br></div><div class="battle-history">Hawlucha used <strong>Swords Dance</strong>!<br></div><div class="battle-history"><small>Hawlucha's Attack rose sharply!</small><br></div><div class="spacer battle-history"><br></div><div class="battle-history">The opposing Ferrothorn used <strong>Stealth Rock</strong>!<br></div><div class="battle-history"><small>Pointed stones float in the air around your team!</small><br></div><div class="spacer battle-history"><br></div><h2 class="battle-history">Turn 8</h2><div class="spacer battle-history"><br></div><div class="battle-history">Hawlucha used <strong>High Jump Kick</strong>!<br></div><div class="battle-history"><small>It's super effective!</small><br></div><div class="battle-history"><small>(The opposing Ferrothorn lost <abbr title="−309/351">88.0%</abbr> of its health!)</small><br></div><div class="battle-history"><small>[The opposing Ferrothorn's Iron Barbs]</small><br><small>Hawlucha was hurt!</small><br></div><div class="spacer battle-history"><br></div><div class="battle-history">The opposing Ferrothorn fainted!<br></div><div class="spacer battle-history"><br></div><div class="battle-history">Quimera01 sent out <strong>Blacephalon</strong>!<br></div><div class="spacer battle-history"><br></div><h2 class="battle-history">Turn 9</h2><div class="spacer battle-history"><br></div><div class="battle-history">The opposing Blacephalon used <strong>Shadow Ball</strong>!<br></div><div class="battle-history"><small>(Hawlucha lost <abbr title="−213/297">71.7%</abbr> of its health!)</small><br></div><div class="battle-history"><small>Hawlucha ate its Figy Berry!</small><br></div><div class="battle-history"><small>Hawlucha restored HP using its Figy Berry!</small><br></div><div class="spacer battle-history"><br></div><div class="battle-history">Hawlucha used <strong>Stone Edge</strong>!<br></div><div class="battle-history"><small>It's super effective!</small><br></div><div class="battle-history"><small>(The opposing Blacephalon lost <abbr title="−249/249">100%</abbr> of its health!)</small><br></div><div class="spacer battle-history"><br></div><div class="battle-history">The opposing Blacephalon fainted!<br></div><div class="spacer battle-history"><br></div><div class="battle-history">Quimera01 sent out <strong>Lopunny</strong>!<br></div><div class="spacer battle-history"><br></div><h2 class="battle-history">Turn 10</h2><div class="spacer battle-history"><br></div><div class="battle-history"><small>The opposing Lopunny's Lopunnite is reacting to the Key Stone!</small><br>The opposing Lopunny has Mega Evolved into Mega Lopunny!<br></div><div class="spacer battle-history"><br></div><div class="battle-history">Hawlucha used <strong>High Jump Kick</strong>!<br></div><div class="battle-history"><small>It's super effective!</small><br></div><div class="battle-history"><small>(The opposing Lopunny lost <abbr title="−272/272">100%</abbr> of its health!)</small><br></div><div class="spacer battle-history"><br></div><div class="battle-history">The opposing Lopunny fainted!<br></div><div class="spacer battle-history"><br></div><div class="battle-history">Quimera01 sent out <strong>Dragonite</strong>!<br></div><div class="spacer battle-history"><br></div><h2 class="battle-history">Turn 11</h2><div class="spacer battle-history"><br></div><div class="battle-history">Hawlucha used <strong>Stone Edge</strong>!<br></div><div class="battle-history"><small>It's super effective!</small><br></div><div class="battle-history"><small>(The opposing Dragonite lost <abbr title="−251/323">77.7%</abbr> of its health!)</small><br></div><div class="spacer battle-history"><br></div><div class="battle-history">The opposing Dragonite used <strong>Dragon Dance</strong>!<br></div><div class="battle-history"><small>The opposing Dragonite's Attack rose!</small><br></div><div class="battle-history"><small>The opposing Dragonite's Speed rose!</small><br></div><div class="spacer battle-history"><br></div><h2 class="battle-history">Turn 12</h2><div class="spacer battle-history"><br></div><div class="battle-history">Hawlucha used <strong>Stone Edge</strong>!<br></div><div class="battle-history"><small>It's super effective!</small><br></div><div class="battle-history"><small>(The opposing Dragonite lost <abbr title="−72/323">22.3%</abbr> of its health!)</small><br></div><div class="spacer battle-history"><br></div><div class="battle-history">The opposing Dragonite fainted!<br></div><div class="spacer battle-history"><br></div><div class="battle-history"><small>Quimera01 se rindió.</small><br></div><div class="spacer battle-history"><br></div><div class="battle-history"><strong>Onii Chan 7w7</strong> won the battle!<br></div><div class="chat">Onii Chan 7w7 ha ganado 8 PokeDolares.</div><div class="chat">Puntaje de Onii Chan 7w7: 1328 → <strong>1341</strong><br>(+13 por ganar)</div><div class="chat">Puntaje de Quimera01: 1161 → <strong>1150</strong><br>(-11 por perder)</div><div class="chat chatmessage-oniichan7w7"><strong style="color:hsl(98,76%,35%)"><small>☆</small><span class="username" data-name="Onii Chan 7w7">Onii Chan 7w7</span>:</strong> <em>:3</em></div></div><div class="inner-preempt"></div></div></div>
</div>
<script>
let daily = Math.floor(Date.now()/1000/60/60/24);document.write('<script src="https://play.pokemonshowdown.com/js/replay-embed.js?version'+daily+'"></'+'script>');
</script>
