<!DOCTYPE html>
<meta charset="utf-8" />
<!-- version 1 -->
<title>OU replay: AdderJo vs. Polapox</title>
<style>
html,body {font-family:Verdana, sans-serif;font-size:10pt;margin:0;padding:0;}body{padding:12px 0;} .battle-log {font-family:Verdana, sans-serif;font-size:10pt;} .battle-log-inline {border:1px solid #AAAAAA;background:#EEF2F5;color:black;max-width:640px;margin:0 auto 80px;padding-bottom:5px;} .battle-log .inner {padding:4px 8px 0px 8px;} .battle-log .inner-preempt {padding:0 8px 4px 8px;} .battle-log .inner-after {margin-top:0.5em;} .battle-log h2 {margin:0.5em -8px;padding:4px 8px;border:1px solid #AAAAAA;background:#E0E7EA;border-left:0;border-right:0;font-family:Verdana, sans-serif;font-size:13pt;} .battle-log .chat {vertical-align:middle;padding:3px 0 3px 0;font-size:8pt;} .battle-log .chat strong {color:#40576A;} .battle-log .chat em {padding:1px 4px 1px 3px;color:#000000;font-style:normal;} .chat.mine {background:rgba(0,0,0,0.05);margin-left:-8px;margin-right:-8px;padding-left:8px;padding-right:8px;} .spoiler {color:#BBBBBB;background:#BBBBBB;padding:0px 3px;} .spoiler:hover, .spoiler:active, .spoiler-shown {color:#000000;background:#E2E2E2;padding:0px 3px;} .spoiler a {color:#BBBBBB;} .spoiler:hover a, .spoiler:active a, .spoiler-shown a {color:#2288CC;} .chat code, .chat .spoiler:hover code, .chat .spoiler:active code, .chat .spoiler-shown code {border:1px solid #C0C0C0;background:#EEEEEE;color:black;padding:0 2px;} .chat .spoiler code {border:1px solid #CCCCCC;background:#CCCCCC;color:#CCCCCC;} .battle-log .rated {padding:3px 4px;} .battle-log .rated strong {color:white;background:#89A;padding:1px 4px;border-radius:4px;} .spacer {margin-top:0.5em;} .message-announce {background:#6688AA;color:white;padding:1px 4px 2px;} .message-announce a, .broadcast-green a, .broadcast-blue a, .broadcast-red a {color:#DDEEFF;} .broadcast-green {background-color:#559955;color:white;padding:2px 4px;} .broadcast-blue {background-color:#6688AA;color:white;padding:2px 4px;} .infobox {border:1px solid #6688AA;padding:2px 4px;} .infobox-limited {max-height:200px;overflow:auto;overflow-x:hidden;} .broadcast-red {background-color:#AA5544;color:white;padding:2px 4px;} .message-learn-canlearn {font-weight:bold;color:#228822;text-decoration:underline;} .message-learn-cannotlearn {font-weight:bold;color:#CC2222;text-decoration:underline;} .message-effect-weak {font-weight:bold;color:#CC2222;} .message-effect-resist {font-weight:bold;color:#6688AA;} .message-effect-immune {font-weight:bold;color:#666666;} .message-learn-list {margin-top:0;margin-bottom:0;} .message-throttle-notice, .message-error {color:#992222;} .message-overflow, .chat small.message-overflow {font-size:0pt;} .message-overflow::before {font-size:9pt;content:'...';} .subtle {color:#3A4A66;}
</style>
<div class="wrapper replay-wrapper" style="max-width:1180px;margin:0 auto">
<input type="hidden" name="replayid" value="destiny-ou-431072" />
<div class="battle"></div><div class="battle-log"></div><div class="replay-controls"></div><div class="replay-controls-2"></div>
<h1 style="font-weight:normal;text-align:center"><strong>OU</strong><br /><a href="http://pokemonshowdown.com/users/adderjo" class="subtle" target="_blank">AdderJo</a> vs. <a href="http://pokemonshowdown.com/users/polapox" class="subtle" target="_blank">Polapox</a></h1>
<script type="text/plain" class="battle-log-data">|player|p1|AdderJo|265
|teamsize|p1|6
|player|p2|Polapox|1
|teamsize|p2|6
|teamsize|p1|6
|teamsize|p2|6
|gametype|singles
|gen|7
|tier|OU
|rated
|seed|26914,20174,26747,40817
|rule|Cláusula-Mod de Dormir: solo puedes dormir a uno de tus oponentes a la vez.
|rule|Cláusula de Especie: Hasta un Pokémon de cada especie
|rule|Cláusula de Golpe Fulminante: los movimientos fulminantes (OHKO) estan prohibidos
|rule|Cláusula de Veleta: la habilidad Veleta está prohibida
|rule|Cláusula de Movimientos Evasivos: los movimientos de Evasión están prohibidos.
|rule|Cláusula de Batallas Eternas: forzar batallas eternas está prohibido
|clearpoke
|poke|p1|Lopunny, M|item
|poke|p1|Metagross|item
|poke|p1|Thundurus-Therian, M|item
|poke|p1|Chansey, F|item
|poke|p1|Rotom-Wash|item
|poke|p1|Blacephalon|item
|poke|p2|Pidgeot, M, shiny|item
|poke|p2|Volcarona, M, shiny|item
|poke|p2|Kyurem-Black, shiny|item
|poke|p2|Mimikyu, M, shiny|item
|poke|p2|Celesteela, shiny|item
|poke|p2|Muk-Alola, M, shiny|item
|teampreview|undefined
|choice|*|*team 523416
|choice|*team 123456|*
|choice|team 1, 2, 3, 4, 5, 6|team 5, 2, 3, 4, 1, 6
|
|start
|switch|p1a: Lopunny|Lopunny, M|271\/271
|switch|p2a: Celesteela|Celesteela, shiny|396\/396
|turn|1
|choice|*move 1 mega|*
|choice|*|*move 4
|choice|move fakeout mega|move protect
|
|-mega|p1a: Lopunny|Lopunny|Lopunnite
|detailschange|p1a: Lopunny|Lopunny-Mega, M
|move|p2a: Celesteela|Protect|p2a: Celesteela
|-singleturn|p2a: Celesteela|Protect
|move|p1a: Lopunny|Fake Out|p2a: Celesteela
|-activate|p2a: Celesteela|move: Protect
|
|upkeep
|turn|2
|inactive|Reloj de batalla ENCENDIDO. El jugador inactivo será descalificado (solicitado por AdderJo).
|choice|*|*move 2
|choice|*move 3|*
|choice|move highjumpkick|move leechseed
|
|move|p1a: Lopunny|High Jump Kick|p2a: Celesteela
|-damage|p2a: Celesteela|186\/396
|move|p2a: Celesteela|Leech Seed|p1a: Lopunny
|-start|p1a: Lopunny|move: Leech Seed
|
|-heal|p2a: Celesteela|210\/396|[from] item: Leftovers
|-damage|p1a: Lopunny|238\/271|[from] Leech Seed|[of] p2a: Celesteela
|-heal|p2a: Celesteela|243\/396|[silent]
|upkeep
|turn|3
|choice|*switch 6|*
|choice|*|*move 3
|choice|switch 6|move substitute
|
|switch|p1a: Blacephalon|Blacephalon|247\/247
|move|p2a: Celesteela|Substitute|p2a: Celesteela
|-start|p2a: Celesteela|Substitute
|-damage|p2a: Celesteela|144\/396
|
|-heal|p2a: Celesteela|168\/396|[from] item: Leftovers
|upkeep
|turn|4
|choice|*|*move 2
|choice|*move 2|*
|choice|move fireblast|move leechseed
|
|move|p1a: Blacephalon|Fire Blast|p2a: Celesteela
|-supereffective|p2a: Celesteela
|-end|p2a: Celesteela|Substitute
|move|p2a: Celesteela|Leech Seed|p1a: Blacephalon
|-start|p1a: Blacephalon|move: Leech Seed
|
|-heal|p2a: Celesteela|192\/396|[from] item: Leftovers
|-damage|p1a: Blacephalon|217\/247|[from] Leech Seed|[of] p2a: Celesteela
|-heal|p2a: Celesteela|222\/396|[silent]
|upkeep
|turn|5
|choice|*switch 3|*
|choice|*|*move 4
|choice|switch 3|move protect
|
|switch|p1a: Thundurus|Thundurus-Therian, M|299\/299
|move|p2a: Celesteela|Protect|p2a: Celesteela
|-fail|p2a: Celesteela
|
|-heal|p2a: Celesteela|246\/396|[from] item: Leftovers
|upkeep
|turn|6
|choice|*move 1|*
|choice|*|*move 4
|choice|move thunderbolt|move protect
|
|move|p2a: Celesteela|Protect|p2a: Celesteela
|-singleturn|p2a: Celesteela|Protect
|move|p1a: Thundurus|Thunderbolt|p2a: Celesteela
|-activate|p2a: Celesteela|move: Protect
|
|-heal|p2a: Celesteela|270\/396|[from] item: Leftovers
|upkeep
|turn|7
|choice|*move 1|*
|choice|*|*switch 6
|choice|move thunderbolt|switch 6
|
|switch|p2a: Muk|Muk-Alola, M, shiny|390\/390
|move|p1a: Thundurus|Thunderbolt|p2a: Muk
|-damage|p2a: Muk|165\/390
|-enditem|p2a: Muk|Figy Berry|[eat]
|-heal|p2a: Muk|360\/390|[from] item: Figy Berry
|
|upkeep
|turn|8
|choice|*switch 5|*
|choice|*|*move 2
|choice|switch 5|move knockoff
|
|switch|p1a: Rotom|Rotom-Wash|304\/304
|move|p2a: Muk|Knock Off|p1a: Rotom
|-damage|p1a: Rotom|214\/304
|-enditem|p1a: Rotom|Leftovers|[from] move: Knock Off|[of] p2a: Muk
|
|upkeep
|turn|9
|choice|*|*move 4
|choice|*move 4|*
|choice|move voltswitch|move protect
|
|move|p2a: Muk|Protect|p2a: Muk
|-singleturn|p2a: Muk|Protect
|move|p1a: Rotom|Volt Switch|p2a: Muk
|-activate|p2a: Muk|move: Protect
|
|upkeep
|turn|10
|choice|*move 1|*
|choice|*|*move 2
|choice|move willowisp|move knockoff
|
|move|p1a: Rotom|Will-O-Wisp|p2a: Muk
|-status|p2a: Muk|brn
|move|p2a: Muk|Knock Off|p1a: Rotom
|-damage|p1a: Rotom|184\/304
|
|-damage|p2a: Muk|336\/390 brn|[from] brn
|upkeep
|turn|11
|choice|*|*move 2
|choice|*move 4|*
|choice|move voltswitch|move knockoff
|
|move|p1a: Rotom|Volt Switch|p2a: Muk
|-damage|p2a: Muk|272\/390 brn
|choice|*switch 6|*
|choice|switch 6|
|
|switch|p1a: Lopunny|Lopunny-Mega, M|238\/271|[from]move: Volt Switch
|move|p2a: Muk|Knock Off|p1a: Lopunny
|-resisted|p1a: Lopunny
|-damage|p1a: Lopunny|216\/271
|
|-damage|p2a: Muk|248\/390 brn|[from] brn
|upkeep
|turn|12
|choice|*move 3|*
|choice|*|*move 4
|choice|move highjumpkick|move protect
|
|move|p2a: Muk|Protect|p2a: Muk
|-singleturn|p2a: Muk|Protect
|move|p1a: Lopunny|High Jump Kick|p2a: Muk
|-activate|p2a: Muk|move: Protect
|-damage|p1a: Lopunny|81\/271|[from] highjumpkick
|
|-damage|p2a: Muk|224\/390 brn|[from] brn
|upkeep
|turn|13
|choice|*move 3|*
|choice|*|*move 4
|choice|move highjumpkick|move protect
|
|move|p2a: Muk|Protect|p2a: Muk
|-fail|p2a: Muk
|move|p1a: Lopunny|High Jump Kick|p2a: Muk|[miss]
|-miss|p1a: Lopunny|p2a: Muk
|-damage|p1a: Lopunny|0 fnt|[from] highjumpkick
|faint|p1a: Lopunny
|
|-damage|p2a: Muk|200\/390 brn|[from] brn
|upkeep
|inactive|AdderJo tiene 135 segundos restantes.
|c|☆AdderJo|xd
|c|☆Polapox|lol
|choice|*switch 2|*
|choice|switch 2|
|
|switch|p1a: Metagross|Metagross|301\/301
|turn|14
|choice|*|*move 4
|choice|*move 3|*
|choice|move earthquake|move protect
|
|move|p2a: Muk|Protect|p2a: Muk
|-singleturn|p2a: Muk|Protect
|move|p1a: Metagross|Earthquake|p2a: Muk
|-activate|p2a: Muk|move: Protect
|
|-damage|p2a: Muk|176\/390 brn|[from] brn
|upkeep
|turn|15
|choice|*switch 6|*
|choice|*|*switch 6
|choice|switch 6|switch 6
|
|switch|p1a: Rotom|Rotom-Wash|184\/304
|switch|p2a: Celesteela|Celesteela, shiny|270\/396
|
|-heal|p2a: Celesteela|294\/396|[from] item: Leftovers
|upkeep
|turn|16
|choice|*|*move 1
|choice|*move 1|*
|choice|move willowisp|move heavyslam
|
|move|p1a: Rotom|Will-O-Wisp|p2a: Celesteela
|-status|p2a: Celesteela|brn
|move|p2a: Celesteela|Heavy Slam|p1a: Rotom
|-resisted|p1a: Rotom
|-damage|p1a: Rotom|171\/304
|
|-heal|p2a: Celesteela|318\/396 brn|[from] item: Leftovers
|-damage|p2a: Celesteela|294\/396 brn|[from] brn
|upkeep
|turn|17
|choice|*move 4|*
|choice|*|*move 2
|choice|move voltswitch|move leechseed
|
|move|p1a: Rotom|Volt Switch|p2a: Celesteela
|-supereffective|p2a: Celesteela
|-damage|p2a: Celesteela|154\/396 brn
|choice|*switch 5|*
|choice|switch 5|
|
|switch|p1a: Thundurus|Thundurus-Therian, M|299\/299|[from]move: Volt Switch
|move|p2a: Celesteela|Leech Seed|p1a: Thundurus
|-start|p1a: Thundurus|move: Leech Seed
|
|-heal|p2a: Celesteela|178\/396 brn|[from] item: Leftovers
|-damage|p1a: Thundurus|262\/299|[from] Leech Seed|[of] p2a: Celesteela
|-heal|p2a: Celesteela|215\/396 brn|[silent]
|-damage|p2a: Celesteela|191\/396 brn|[from] brn
|upkeep
|turn|18
|choice|*|*move 4
|choice|*move 1|*
|choice|move thunderbolt|move protect
|
|move|p2a: Celesteela|Protect|p2a: Celesteela
|-singleturn|p2a: Celesteela|Protect
|move|p1a: Thundurus|Thunderbolt|p2a: Celesteela
|-activate|p2a: Celesteela|move: Protect
|
|-heal|p2a: Celesteela|215\/396 brn|[from] item: Leftovers
|-damage|p1a: Thundurus|225\/299|[from] Leech Seed|[of] p2a: Celesteela
|-heal|p2a: Celesteela|252\/396 brn|[silent]
|-damage|p2a: Celesteela|228\/396 brn|[from] brn
|upkeep
|turn|19
|choice|*move 1|*
|choice|*|*switch 6
|choice|move thunderbolt|switch 6
|
|switch|p2a: Muk|Muk-Alola, M, shiny|176\/390 brn
|move|p1a: Thundurus|Thunderbolt|p2a: Muk
|-damage|p2a: Muk|0 fnt
|faint|p2a: Muk
|
|upkeep
|choice|*|*switch 3
|choice||switch 3
|
|switch|p2a: Kyurem|Kyurem-Black, shiny|391\/391
|-ability|p2a: Kyurem|Teravolt
|turn|20
|choice|*switch 5|*
|choice|*|*move 2
|choice|switch 5|move fusionbolt
|
|switch|p1a: Rotom|Rotom-Wash|171\/304
|move|p2a: Kyurem|Fusion Bolt|p1a: Rotom
|-damage|p1a: Rotom|48\/304
|-damage|p2a: Kyurem|352\/391|[from] item: Life Orb
|
|upkeep
|turn|21
|choice|*move 1|*
|choice|*|*move 1
|choice|*switch 5|*
|choice|switch 5|move dragonclaw
|
|switch|p1a: Thundurus|Thundurus-Therian, M|225\/299
|move|p2a: Kyurem|Dragon Claw|p1a: Thundurus
|-damage|p1a: Thundurus|0 fnt
|-damage|p2a: Kyurem|313\/391|[from] item: Life Orb
|faint|p1a: Thundurus
|
|upkeep
|choice|*switch 5|*
|choice|switch 5|
|
|switch|p1a: Rotom|Rotom-Wash|48\/304
|turn|22
|choice|*move 1|*
|choice|*|*move 1
|choice|move willowisp|move dragonclaw
|
|move|p2a: Kyurem|Dragon Claw|p1a: Rotom
|-damage|p1a: Rotom|0 fnt
|-damage|p2a: Kyurem|274\/391|[from] item: Life Orb
|faint|p1a: Rotom
|
|upkeep
|choice|*switch 4|*
|choice|switch 4|
|
|switch|p1a: Chansey|Chansey, F|703\/703
|turn|23
|choice|*move 3|*
|choice|*|*move 3
|choice|move toxic|move ironhead
|
|move|p2a: Kyurem|Iron Head|p1a: Chansey
|-damage|p1a: Chansey|517\/703
|-damage|p2a: Kyurem|235\/391|[from] item: Life Orb
|move|p1a: Chansey|Toxic|p2a: Kyurem
|-status|p2a: Kyurem|tox
|
|-damage|p2a: Kyurem|211\/391 tox|[from] psn
|upkeep
|turn|24
|choice|*move 1|*
|choice|*|*switch 6
|choice|move stealthrock|switch 6
|
|switch|p2a: Celesteela|Celesteela, shiny|228\/396 brn
|move|p1a: Chansey|Stealth Rock|p2a: Celesteela
|-sidestart|p2: Polapox|move: Stealth Rock
|
|-heal|p2a: Celesteela|252\/396 brn|[from] item: Leftovers
|-damage|p2a: Celesteela|228\/396 brn|[from] brn
|upkeep
|turn|25
|choice|*move 2|*
|choice|*|*move 2
|choice|move softboiled|move leechseed
|
|move|p2a: Celesteela|Leech Seed|p1a: Chansey
|-start|p1a: Chansey|move: Leech Seed
|move|p1a: Chansey|Soft-Boiled|p1a: Chansey
|-heal|p1a: Chansey|703\/703
|
|-heal|p2a: Celesteela|252\/396 brn|[from] item: Leftovers
|-damage|p1a: Chansey|616\/703|[from] Leech Seed|[of] p2a: Celesteela
|-heal|p2a: Celesteela|339\/396 brn|[silent]
|-damage|p2a: Celesteela|315\/396 brn|[from] brn
|upkeep
|turn|26
|choice|*switch 3|*
|choice|*|*move 3
|choice|switch 3|move substitute
|
|switch|p1a: Blacephalon|Blacephalon|217\/247
|move|p2a: Celesteela|Substitute|p2a: Celesteela
|-start|p2a: Celesteela|Substitute
|-damage|p2a: Celesteela|216\/396 brn
|
|-heal|p2a: Celesteela|240\/396 brn|[from] item: Leftovers
|-damage|p2a: Celesteela|216\/396 brn|[from] brn
|upkeep
|turn|27
|choice|*move 2|*
|choice|*|*move 4
|choice|move fireblast|move protect
|
|move|p2a: Celesteela|Protect|p2a: Celesteela
|-singleturn|p2a: Celesteela|Protect
|move|p1a: Blacephalon|Fire Blast|p2a: Celesteela
|-activate|p2a: Celesteela|move: Protect
|
|-heal|p2a: Celesteela|240\/396 brn|[from] item: Leftovers
|-damage|p2a: Celesteela|216\/396 brn|[from] brn
|upkeep
|turn|28
|choice|*move 2|*
|choice|*|*move 2
|choice|move fireblast|move leechseed
|
|move|p1a: Blacephalon|Fire Blast|p2a: Celesteela
|-supereffective|p2a: Celesteela
|-end|p2a: Celesteela|Substitute
|move|p2a: Celesteela|Leech Seed|p1a: Blacephalon
|-start|p1a: Blacephalon|move: Leech Seed
|
|-heal|p2a: Celesteela|240\/396 brn|[from] item: Leftovers
|-damage|p1a: Blacephalon|187\/247|[from] Leech Seed|[of] p2a: Celesteela
|-heal|p2a: Celesteela|270\/396 brn|[silent]
|-damage|p2a: Celesteela|246\/396 brn|[from] brn
|upkeep
|turn|29
|choice|*move 2|*
|choice|*|*move 4
|choice|move fireblast|move protect
|
|move|p2a: Celesteela|Protect|p2a: Celesteela
|-singleturn|p2a: Celesteela|Protect
|move|p1a: Blacephalon|Fire Blast|p2a: Celesteela
|-activate|p2a: Celesteela|move: Protect
|
|-heal|p2a: Celesteela|270\/396 brn|[from] item: Leftovers
|-damage|p1a: Blacephalon|157\/247|[from] Leech Seed|[of] p2a: Celesteela
|-heal|p2a: Celesteela|300\/396 brn|[silent]
|-damage|p2a: Celesteela|276\/396 brn|[from] brn
|upkeep
|turn|30
|choice|*move 2|*
|choice|*move 2|*
|choice|*|*switch 4
|choice|move fireblast|switch 4
|
|switch|p2a: Mimikyu|Mimikyu, M, shiny|252\/252
|-damage|p2a: Mimikyu|221\/252|[from] Stealth Rock
|move|p1a: Blacephalon|Fire Blast|p2a: Mimikyu
|-activate|p2a: Mimikyu|ability: Disguise
|-damage|p2a: Mimikyu|221\/252
|detailschange|p2a: Mimikyu|Mimikyu-Busted, M, shiny
|
|-damage|p1a: Blacephalon|127\/247|[from] Leech Seed|[of] p2a: Mimikyu
|-heal|p2a: Mimikyu|251\/252|[silent]
|upkeep
|turn|31
|choice|*|*move 1
|choice|*switch 3|*
|choice|switch 3|move shadowsneak
|
|switch|p1a: Chansey|Chansey, F|616\/703
|move|p2a: Mimikyu|Shadow Sneak|p1a: Chansey
|-immune|p1a: Chansey|[msg]
|
|upkeep
|turn|32
|choice|*move 3|*
|choice|*|*switch 2
|choice|move toxic|switch 2
|
|switch|p2a: Volcarona|Volcarona, M, shiny|311\/311
|-damage|p2a: Volcarona|156\/311|[from] Stealth Rock
|move|p1a: Chansey|Toxic|p2a: Volcarona|[miss]
|-miss|p1a: Chansey|p2a: Volcarona
|
|upkeep
|turn|33
|choice|*move 3|*
|choice|*|*move 3 zmove
|choice|move toxic|move psychic zmove
|
|-zpower|p2a: Volcarona
|move|p2a: Volcarona|Shattered Psyche|p1a: Chansey|[zeffect]
|-damage|p1a: Chansey|490\/703
|move|p1a: Chansey|Toxic|p2a: Volcarona
|-status|p2a: Volcarona|tox
|
|-damage|p2a: Volcarona|137\/311 tox|[from] psn
|upkeep
|turn|34
|choice|*move 2|*
|choice|*move 4|*
|choice|*|*move 2
|choice|move seismictoss|move fierydance
|
|move|p2a: Volcarona|Fiery Dance|p1a: Chansey
|-damage|p1a: Chansey|399\/703
|move|p1a: Chansey|Seismic Toss|p2a: Volcarona
|-damage|p2a: Volcarona|37\/311 tox
|-status|p1a: Chansey|brn|[from] ability: Flame Body|[of] p2a: Volcarona
|
|-damage|p2a: Volcarona|0 fnt|[from] psn
|-damage|p1a: Chansey|356\/703 brn|[from] brn
|upkeep
|faint|p2a: Volcarona
|choice|*|*switch 6
|choice||switch 6
|
|switch|p2a: Kyurem|Kyurem-Black, shiny|211\/391 tox
|-damage|p2a: Kyurem|114\/391 tox|[from] Stealth Rock
|-ability|p2a: Kyurem|Teravolt
|turn|35
|choice|*|*move 1
|choice|*move 2|*
|choice|move softboiled|move dragonclaw
|
|move|p2a: Kyurem|Dragon Claw|p1a: Chansey
|-crit|p1a: Chansey
|-damage|p1a: Chansey|0 fnt
|-damage|p2a: Kyurem|75\/391 tox|[from] item: Life Orb
|faint|p1a: Chansey
|
|-damage|p2a: Kyurem|51\/391 tox|[from] psn
|upkeep
|choice|*switch 6|*
|choice|switch 6|
|
|switch|p1a: Metagross|Metagross|301\/301
|turn|36
|choice|*move 2|*
|choice|*|*move 1
|choice|move meteormash|move dragonclaw
|
|move|p2a: Kyurem|Dragon Claw|p1a: Metagross
|-resisted|p1a: Metagross
|-damage|p1a: Metagross|213\/301
|-damage|p2a: Kyurem|12\/391 tox|[from] item: Life Orb
|move|p1a: Metagross|Meteor Mash|p2a: Kyurem
|-supereffective|p2a: Kyurem
|-damage|p2a: Kyurem|0 fnt
|faint|p2a: Kyurem
|
|upkeep
|choice|*|*switch 2
|choice||switch 2
|
|switch|p2a: Mimikyu|Mimikyu-Busted, M, shiny|251\/252
|-damage|p2a: Mimikyu|220\/252|[from] Stealth Rock
|turn|37
|choice|*|*move 2
|choice|*move 2|*
|choice|move meteormash|move shadowclaw
|
|move|p2a: Mimikyu|Shadow Claw|p1a: Metagross
|-supereffective|p1a: Metagross
|-damage|p1a: Metagross|51\/301
|-enditem|p1a: Metagross|Weakness Policy
|-boost|p1a: Metagross|atk|2
|-boost|p1a: Metagross|spa|2
|move|p1a: Metagross|Meteor Mash|p2a: Mimikyu
|-supereffective|p2a: Mimikyu
|-damage|p2a: Mimikyu|0 fnt
|faint|p2a: Mimikyu
|
|upkeep
|choice|*|*switch 5
|choice||switch 5
|
|switch|p2a: Pidgeot|Pidgeot, M, shiny|308\/308
|-damage|p2a: Pidgeot|231\/308|[from] Stealth Rock
|turn|38
|choice|*move 2|*
|choice|*|*move 1 mega
|choice|move meteormash|move hurricane mega
|
|-mega|p2a: Pidgeot|Pidgeot|Pidgeotite
|detailschange|p2a: Pidgeot|Pidgeot-Mega, M, shiny
|move|p2a: Pidgeot|Hurricane|p1a: Metagross
|-resisted|p1a: Metagross
|-damage|p1a: Metagross|0 fnt
|faint|p1a: Metagross
|
|upkeep
|choice|*switch 3|*
|choice|switch 3|
|
|switch|p1a: Blacephalon|Blacephalon|127\/247
|turn|39
|choice|*move 2|*
|choice|*|*move 1
|choice|move fireblast|move hurricane
|
|move|p1a: Blacephalon|Fire Blast|p2a: Pidgeot
|-damage|p2a: Pidgeot|0 fnt
|faint|p2a: Pidgeot
|-ability|p1a: Blacephalon|Beast Boost|boost
|-boost|p1a: Blacephalon|spa|1
|
|upkeep
|choice|*|*switch 4
|choice||switch 4
|
|switch|p2a: Celesteela|Celesteela, shiny|276\/396 brn
|-damage|p2a: Celesteela|227\/396 brn|[from] Stealth Rock
|turn|40
|choice|*|*move 4
|choice|*move 2|*
|choice|move fireblast|move protect
|
|move|p2a: Celesteela|Protect|p2a: Celesteela
|-singleturn|p2a: Celesteela|Protect
|move|p1a: Blacephalon|Fire Blast|p2a: Celesteela
|-activate|p2a: Celesteela|move: Protect
|
|-heal|p2a: Celesteela|251\/396 brn|[from] item: Leftovers
|-damage|p2a: Celesteela|227\/396 brn|[from] brn
|upkeep
|turn|41
|choice|*move 2|*
|choice|*|*move 2
|choice|move fireblast|move leechseed
|
|move|p1a: Blacephalon|Fire Blast|p2a: Celesteela
|-supereffective|p2a: Celesteela
|-damage|p2a: Celesteela|0 fnt
|faint|p2a: Celesteela
|
|win|AdderJo
AdderJo ha ganado 5.5 PokeDolares.
|raw|Puntaje de AdderJo: 1143 &rarr; <strong>1167<\/strong><br \/>(+24 por ganar)
|raw|Puntaje de Polapox: 1064 &rarr; <strong>1055<\/strong><br \/>(-9 por perder)
</script>
</div>
<div class="battle-log battle-log-inline"><div class="inner"><div class="battle-options"></div><div class="inner"><div class=""><small>Format:</small> <br><strong>OU</strong></div><div class="rated"><strong>Rated battle</strong></div><div class=""><small><em>Cláusula-Mod de Dormir:</em> solo puedes dormir a uno de tus oponentes a la vez.</small></div><div class=""><small><em>Cláusula de Especie:</em> Hasta un Pokémon de cada especie</small></div><div class=""><small><em>Cláusula de Golpe Fulminante:</em> los movimientos fulminantes (OHKO) estan prohibidos</small></div><div class=""><small><em>Cláusula de Veleta:</em> la habilidad Veleta está prohibida</small></div><div class=""><small><em>Cláusula de Movimientos Evasivos:</em> los movimientos de Evasión están prohibidos.</small></div><div class=""><small><em>Cláusula de Batallas Eternas:</em> forzar batallas eternas está prohibido</small></div><div class="chat battle-history"><strong>AdderJo's team:</strong> <em style="color:#445566;display:block;">Lopunny / Metagross / Thundurus-Therian / Chansey / Rotom-Wash / Blacephalon</em></div><div class="chat battle-history"><strong>Polapox's team:</strong> <em style="color:#445566;display:block;">Pidgeot / Volcarona / Kyurem-Black / Mimikyu / Celesteela / Muk-Alola</em></div><div class="spacer battle-history"><br></div><div class="battle-history">Battle started between AdderJo and Polapox!<br></div><div class="spacer battle-history"><br></div><div class="battle-history">Go! <strong>Lopunny</strong>!<br></div><div class="spacer battle-history"><br></div><div class="battle-history">Polapox sent out <strong>Celesteela</strong>!<br></div><div class="spacer battle-history"><br></div><h2 class="battle-history">Turn 1</h2><div class="spacer battle-history"><br></div><div class="battle-history"><small>Lopunny's Lopunnite is reacting to the Key Stone!</small><br>Lopunny has Mega Evolved into Mega Lopunny!<br></div><div class="spacer battle-history"><br></div><div class="battle-history">The opposing Celesteela used <strong>Protect</strong>!<br></div><div class="battle-history"><small>The opposing Celesteela protected itself!</small><br></div><div class="spacer battle-history"><br></div><div class="battle-history">Lopunny used <strong>Fake Out</strong>!<br></div><div class="battle-history"><small>The opposing Celesteela protected itself!</small><br></div><div class="spacer battle-history"><br></div><h2 class="battle-history">Turn 2</h2><div class="chat message-error">Reloj de batalla ENCENDIDO. El jugador inactivo será descalificado (solicitado por AdderJo).</div><div class="spacer battle-history"><br></div><div class="battle-history">Lopunny used <strong>High Jump Kick</strong>!<br></div><div class="battle-history"><small>(The opposing Celesteela lost <abbr title="−210/396">53.0%</abbr> of its health!)</small><br></div><div class="spacer battle-history"><br></div><div class="battle-history">The opposing Celesteela used <strong>Leech Seed</strong>!<br></div><div class="battle-history"><small>Lopunny was seeded!</small><br></div><div class="spacer battle-history"><br></div><div class="battle-history"><small>The opposing Celesteela restored a little HP using its Leftovers!</small><br></div><div class="battle-history"><small>Lopunny's health is sapped by Leech Seed!</small><br></div><div class="spacer battle-history"><br></div><h2 class="battle-history">Turn 3</h2><div class="spacer battle-history"><br></div><div class="battle-history">Lopunny, come back!<br></div><div class="battle-history">Go! <strong>Blacephalon</strong>!<br></div><div class="spacer battle-history"><br></div><div class="battle-history">The opposing Celesteela used <strong>Substitute</strong>!<br></div><div class="battle-history"><small>The opposing Celesteela put in a substitute!</small><br></div><div class="battle-history"><small>(The opposing Celesteela lost <abbr title="−99/396">25%</abbr> of its health!)</small><br></div><div class="spacer battle-history"><br></div><div class="battle-history"><small>The opposing Celesteela restored a little HP using its Leftovers!</small><br></div><div class="spacer battle-history"><br></div><h2 class="battle-history">Turn 4</h2><div class="spacer battle-history"><br></div><div class="battle-history">Blacephalon used <strong>Fire Blast</strong>!<br></div><div class="battle-history"><small>It's super effective!</small><br></div><div class="battle-history"><small>The opposing Celesteela's substitute faded!</small><br></div><div class="spacer battle-history"><br></div><div class="battle-history">The opposing Celesteela used <strong>Leech Seed</strong>!<br></div><div class="battle-history"><small>Blacephalon was seeded!</small><br></div><div class="spacer battle-history"><br></div><div class="battle-history"><small>The opposing Celesteela restored a little HP using its Leftovers!</small><br></div><div class="battle-history"><small>Blacephalon's health is sapped by Leech Seed!</small><br></div><div class="spacer battle-history"><br></div><h2 class="battle-history">Turn 5</h2><div class="spacer battle-history"><br></div><div class="battle-history">Blacephalon, come back!<br></div><div class="battle-history">Go! Thundurus (<strong>Thundurus-Therian</strong>)!<br></div><div class="spacer battle-history"><br></div><div class="battle-history">The opposing Celesteela used <strong>Protect</strong>!<br></div><div class="battle-history"><small>But it failed!</small><br></div><div class="spacer battle-history"><br></div><div class="battle-history"><small>The opposing Celesteela restored a little HP using its Leftovers!</small><br></div><div class="spacer battle-history"><br></div><h2 class="battle-history">Turn 6</h2><div class="spacer battle-history"><br></div><div class="battle-history">The opposing Celesteela used <strong>Protect</strong>!<br></div><div class="battle-history"><small>The opposing Celesteela protected itself!</small><br></div><div class="spacer battle-history"><br></div><div class="battle-history">Thundurus used <strong>Thunderbolt</strong>!<br></div><div class="battle-history"><small>The opposing Celesteela protected itself!</small><br></div><div class="spacer battle-history"><br></div><div class="battle-history"><small>The opposing Celesteela restored a little HP using its Leftovers!</small><br></div><div class="spacer battle-history"><br></div><h2 class="battle-history">Turn 7</h2><div class="spacer battle-history"><br></div><div class="battle-history">Polapox withdrew Celesteela!<br></div><div class="battle-history">Polapox sent out Muk (<strong>Muk-Alola</strong>)!<br></div><div class="spacer battle-history"><br></div><div class="battle-history">Thundurus used <strong>Thunderbolt</strong>!<br></div><div class="battle-history"><small>(The opposing Muk lost <abbr title="−225/390">57.7%</abbr> of its health!)</small><br></div><div class="battle-history"><small>The opposing Muk ate its Figy Berry!</small><br></div><div class="battle-history"><small>The opposing Muk restored HP using its Figy Berry!</small><br></div><div class="spacer battle-history"><br></div><h2 class="battle-history">Turn 8</h2><div class="spacer battle-history"><br></div><div class="battle-history">Thundurus, come back!<br></div><div class="battle-history">Go! Rotom (<strong>Rotom-Wash</strong>)!<br></div><div class="spacer battle-history"><br></div><div class="battle-history">The opposing Muk used <strong>Knock Off</strong>!<br></div><div class="battle-history"><small>(Rotom lost <abbr title="−90/304">29.6%</abbr> of its health!)</small><br></div><div class="battle-history"><small>The opposing Muk knocked off Rotom's Leftovers!</small><br></div><div class="spacer battle-history"><br></div><h2 class="battle-history">Turn 9</h2><div class="spacer battle-history"><br></div><div class="battle-history">The opposing Muk used <strong>Protect</strong>!<br></div><div class="battle-history"><small>The opposing Muk protected itself!</small><br></div><div class="spacer battle-history"><br></div><div class="battle-history">Rotom used <strong>Volt Switch</strong>!<br></div><div class="battle-history"><small>The opposing Muk protected itself!</small><br></div><div class="spacer battle-history"><br></div><h2 class="battle-history">Turn 10</h2><div class="spacer battle-history"><br></div><div class="battle-history">Rotom used <strong>Will-O-Wisp</strong>!<br></div><div class="battle-history"><small>The opposing Muk was burned!</small><br></div><div class="spacer battle-history"><br></div><div class="battle-history">The opposing Muk used <strong>Knock Off</strong>!<br></div><div class="battle-history"><small>(Rotom lost <abbr title="−30/304">9.9%</abbr> of its health!)</small><br></div><div class="spacer battle-history"><br></div><div class="battle-history"><small>The opposing Muk was hurt by its burn!</small><br></div><div class="spacer battle-history"><br></div><h2 class="battle-history">Turn 11</h2><div class="spacer battle-history"><br></div><div class="battle-history">Rotom used <strong>Volt Switch</strong>!<br></div><div class="battle-history"><small>(The opposing Muk lost <abbr title="−64/390">16.4%</abbr> of its health!)</small><br></div><div class="spacer battle-history"><br></div><div class="battle-history">Rotom went back to AdderJo!<br></div><div class="battle-history">Go! Lopunny (<strong>Lopunny-Mega</strong>)!<br></div><div class="spacer battle-history"><br></div><div class="battle-history">The opposing Muk used <strong>Knock Off</strong>!<br></div><div class="battle-history"><small>It's not very effective...</small><br></div><div class="battle-history"><small>(Lopunny lost <abbr title="−22/271">8.1%</abbr> of its health!)</small><br></div><div class="spacer battle-history"><br></div><div class="battle-history"><small>The opposing Muk was hurt by its burn!</small><br></div><div class="spacer battle-history"><br></div><h2 class="battle-history">Turn 12</h2><div class="spacer battle-history"><br></div><div class="battle-history">The opposing Muk used <strong>Protect</strong>!<br></div><div class="battle-history"><small>The opposing Muk protected itself!</small><br></div><div class="spacer battle-history"><br></div><div class="battle-history">Lopunny used <strong>High Jump Kick</strong>!<br></div><div class="battle-history"><small>The opposing Muk protected itself!</small><br></div><div class="battle-history"><small>Lopunny kept going and crashed!</small><br></div><div class="spacer battle-history"><br></div><div class="battle-history"><small>The opposing Muk was hurt by its burn!</small><br></div><div class="spacer battle-history"><br></div><h2 class="battle-history">Turn 13</h2><div class="spacer battle-history"><br></div><div class="battle-history">The opposing Muk used <strong>Protect</strong>!<br></div><div class="battle-history"><small>But it failed!</small><br></div><div class="spacer battle-history"><br></div><div class="battle-history">Lopunny used <strong>High Jump Kick</strong>!<br></div><div class="battle-history"><small>The opposing Muk avoided the attack!</small><br></div><div class="battle-history"><small>Lopunny kept going and crashed!</small><br></div><div class="spacer battle-history"><br></div><div class="battle-history">Lopunny fainted!<br></div><div class="spacer battle-history"><br></div><div class="battle-history"><small>The opposing Muk was hurt by its burn!</small><br></div><div class="chat message-error">AdderJo tiene 135 segundos restantes.</div><div class="chat chatmessage-adderjo"><strong style="color:hsl(264,75%,56.933847391406246%)"><small>☆</small><span class="username" data-name="AdderJo">AdderJo</span>:</strong> <em>xd</em></div><div class="chat chatmessage-polapox"><strong style="color:hsl(203,70%,44.39379243807726%)"><small>☆</small><span class="username" data-name="Polapox">Polapox</span>:</strong> <em>lol</em></div><div class="spacer battle-history"><br></div><div class="battle-history">Go! <strong>Metagross</strong>!<br></div><div class="spacer battle-history"><br></div><h2 class="battle-history">Turn 14</h2><div class="spacer battle-history"><br></div><div class="battle-history">The opposing Muk used <strong>Protect</strong>!<br></div><div class="battle-history"><small>The opposing Muk protected itself!</small><br></div><div class="spacer battle-history"><br></div><div class="battle-history">Metagross used <strong>Earthquake</strong>!<br></div><div class="battle-history"><small>The opposing Muk protected itself!</small><br></div><div class="spacer battle-history"><br></div><div class="battle-history"><small>The opposing Muk was hurt by its burn!</small><br></div><div class="spacer battle-history"><br></div><h2 class="battle-history">Turn 15</h2><div class="spacer battle-history"><br></div><div class="battle-history">Metagross, come back!<br></div><div class="battle-history">Go! Rotom (<strong>Rotom-Wash</strong>)!<br></div><div class="spacer battle-history"><br></div><div class="battle-history">Polapox withdrew Muk!<br></div><div class="battle-history">Polapox sent out <strong>Celesteela</strong>!<br></div><div class="spacer battle-history"><br></div><div class="battle-history"><small>The opposing Celesteela restored a little HP using its Leftovers!</small><br></div><div class="spacer battle-history"><br></div><h2 class="battle-history">Turn 16</h2><div class="spacer battle-history"><br></div><div class="battle-history">Rotom used <strong>Will-O-Wisp</strong>!<br></div><div class="battle-history"><small>The opposing Celesteela was burned!</small><br></div><div class="spacer battle-history"><br></div><div class="battle-history">The opposing Celesteela used <strong>Heavy Slam</strong>!<br></div><div class="battle-history"><small>It's not very effective...</small><br></div><div class="battle-history"><small>(Rotom lost <abbr title="−13/304">4.3%</abbr> of its health!)</small><br></div><div class="spacer battle-history"><br></div><div class="battle-history"><small>The opposing Celesteela restored a little HP using its Leftovers!</small><br></div><div class="battle-history"><small>The opposing Celesteela was hurt by its burn!</small><br></div><div class="spacer battle-history"><br></div><h2 class="battle-history">Turn 17</h2><div class="spacer battle-history"><br></div><div class="battle-history">Rotom used <strong>Volt Switch</strong>!<br></div><div class="battle-history"><small>It's super effective!</small><br></div><div class="battle-history"><small>(The opposing Celesteela lost <abbr title="−140/396">35.4%</abbr> of its health!)</small><br></div><div class="spacer battle-history"><br></div><div class="battle-history">Rotom went back to AdderJo!<br></div><div class="battle-history">Go! Thundurus (<strong>Thundurus-Therian</strong>)!<br></div><div class="spacer battle-history"><br></div><div class="battle-history">The opposing Celesteela used <strong>Leech Seed</strong>!<br></div><div class="battle-history"><small>Thundurus was seeded!</small><br></div><div class="spacer battle-history"><br></div><div class="battle-history"><small>The opposing Celesteela restored a little HP using its Leftovers!</small><br></div><div class="battle-history"><small>Thundurus's health is sapped by Leech Seed!</small><br></div><div class="battle-history"><small>The opposing Celesteela was hurt by its burn!</small><br></div><div class="spacer battle-history"><br></div><h2 class="battle-history">Turn 18</h2><div class="spacer battle-history"><br></div><div class="battle-history">The opposing Celesteela used <strong>Protect</strong>!<br></div><div class="battle-history"><small>The opposing Celesteela protected itself!</small><br></div><div class="spacer battle-history"><br></div><div class="battle-history">Thundurus used <strong>Thunderbolt</strong>!<br></div><div class="battle-history"><small>The opposing Celesteela protected itself!</small><br></div><div class="spacer battle-history"><br></div><div class="battle-history"><small>The opposing Celesteela restored a little HP using its Leftovers!</small><br></div><div class="battle-history"><small>Thundurus's health is sapped by Leech Seed!</small><br></div><div class="battle-history"><small>The opposing Celesteela was hurt by its burn!</small><br></div><div class="spacer battle-history"><br></div><h2 class="battle-history">Turn 19</h2><div class="spacer battle-history"><br></div><div class="battle-history">Polapox withdrew Celesteela!<br></div><div class="battle-history">Polapox sent out Muk (<strong>Muk-Alola</strong>)!<br></div><div class="spacer battle-history"><br></div><div class="battle-history">Thundurus used <strong>Thunderbolt</strong>!<br></div><div class="battle-history"><small>(The opposing Muk lost <abbr title="−176/390">45.1%</abbr> of its health!)</small><br></div><div class="spacer battle-history"><br></div><div class="battle-history">The opposing Muk fainted!<br></div><div class="spacer battle-history"><br></div><div class="battle-history">Polapox sent out Kyurem (<strong>Kyurem-Black</strong>)!<br></div><div class="battle-history"><small>[The opposing Kyurem's Teravolt]</small><br><small>The opposing Kyurem is radiating a bursting aura!</small><br></div><div class="spacer battle-history"><br></div><h2 class="battle-history">Turn 20</h2><div class="spacer battle-history"><br></div><div class="battle-history">Thundurus, come back!<br></div><div class="battle-history">Go! Rotom (<strong>Rotom-Wash</strong>)!<br></div><div class="spacer battle-history"><br></div><div class="battle-history">The opposing Kyurem used <strong>Fusion Bolt</strong>!<br></div><div class="battle-history"><small>(Rotom lost <abbr title="−123/304">40.5%</abbr> of its health!)</small><br></div><div class="battle-history"><small>The opposing Kyurem lost some of its HP!</small><br></div><div class="spacer battle-history"><br></div><h2 class="battle-history">Turn 21</h2><div class="spacer battle-history"><br></div><div class="battle-history">Rotom, come back!<br></div><div class="battle-history">Go! Thundurus (<strong>Thundurus-Therian</strong>)!<br></div><div class="spacer battle-history"><br></div><div class="battle-history">The opposing Kyurem used <strong>Dragon Claw</strong>!<br></div><div class="battle-history"><small>(Thundurus lost <abbr title="−225/299">75.3%</abbr> of its health!)</small><br></div><div class="battle-history"><small>The opposing Kyurem lost some of its HP!</small><br></div><div class="spacer battle-history"><br></div><div class="battle-history">Thundurus fainted!<br></div><div class="spacer battle-history"><br></div><div class="battle-history">Go! Rotom (<strong>Rotom-Wash</strong>)!<br></div><div class="spacer battle-history"><br></div><h2 class="battle-history">Turn 22</h2><div class="spacer battle-history"><br></div><div class="battle-history">The opposing Kyurem used <strong>Dragon Claw</strong>!<br></div><div class="battle-history"><small>(Rotom lost <abbr title="−48/304">15.8%</abbr> of its health!)</small><br></div><div class="battle-history"><small>The opposing Kyurem lost some of its HP!</small><br></div><div class="spacer battle-history"><br></div><div class="battle-history">Rotom fainted!<br></div><div class="spacer battle-history"><br></div><div class="battle-history">Go! <strong>Chansey</strong>!<br></div><div class="spacer battle-history"><br></div><h2 class="battle-history">Turn 23</h2><div class="spacer battle-history"><br></div><div class="battle-history">The opposing Kyurem used <strong>Iron Head</strong>!<br></div><div class="battle-history"><small>(Chansey lost <abbr title="−186/703">26.5%</abbr> of its health!)</small><br></div><div class="battle-history"><small>The opposing Kyurem lost some of its HP!</small><br></div><div class="spacer battle-history"><br></div><div class="battle-history">Chansey used <strong>Toxic</strong>!<br></div><div class="battle-history"><small>The opposing Kyurem was badly poisoned!</small><br></div><div class="spacer battle-history"><br></div><div class="battle-history"><small>The opposing Kyurem was hurt by poison!</small><br></div><div class="spacer battle-history"><br></div><h2 class="battle-history">Turn 24</h2><div class="spacer battle-history"><br></div><div class="battle-history">Polapox withdrew Kyurem!<br></div><div class="battle-history">Polapox sent out <strong>Celesteela</strong>!<br></div><div class="spacer battle-history"><br></div><div class="battle-history">Chansey used <strong>Stealth Rock</strong>!<br></div><div class="battle-history"><small>Pointed stones float in the air around the opposing team!</small><br></div><div class="spacer battle-history"><br></div><div class="battle-history"><small>The opposing Celesteela restored a little HP using its Leftovers!</small><br></div><div class="battle-history"><small>The opposing Celesteela was hurt by its burn!</small><br></div><div class="spacer battle-history"><br></div><h2 class="battle-history">Turn 25</h2><div class="spacer battle-history"><br></div><div class="battle-history">The opposing Celesteela used <strong>Leech Seed</strong>!<br></div><div class="battle-history"><small>Chansey was seeded!</small><br></div><div class="spacer battle-history"><br></div><div class="battle-history">Chansey used <strong>Soft-Boiled</strong>!<br></div><div class="battle-history"><small>Chansey restored its HP.</small><br></div><div class="spacer battle-history"><br></div><div class="battle-history"><small>The opposing Celesteela restored a little HP using its Leftovers!</small><br></div><div class="battle-history"><small>Chansey's health is sapped by Leech Seed!</small><br></div><div class="battle-history"><small>The opposing Celesteela was hurt by its burn!</small><br></div><div class="spacer battle-history"><br></div><h2 class="battle-history">Turn 26</h2><div class="spacer battle-history"><br></div><div class="battle-history">Chansey, come back!<br></div><div class="battle-history">Go! <strong>Blacephalon</strong>!<br></div><div class="spacer battle-history"><br></div><div class="battle-history">The opposing Celesteela used <strong>Substitute</strong>!<br></div><div class="battle-history"><small>The opposing Celesteela put in a substitute!</small><br></div><div class="battle-history"><small>(The opposing Celesteela lost <abbr title="−99/396">25%</abbr> of its health!)</small><br></div><div class="spacer battle-history"><br></div><div class="battle-history"><small>The opposing Celesteela restored a little HP using its Leftovers!</small><br></div><div class="battle-history"><small>The opposing Celesteela was hurt by its burn!</small><br></div><div class="spacer battle-history"><br></div><h2 class="battle-history">Turn 27</h2><div class="spacer battle-history"><br></div><div class="battle-history">The opposing Celesteela used <strong>Protect</strong>!<br></div><div class="battle-history"><small>The opposing Celesteela protected itself!</small><br></div><div class="spacer battle-history"><br></div><div class="battle-history">Blacephalon used <strong>Fire Blast</strong>!<br></div><div class="battle-history"><small>The opposing Celesteela protected itself!</small><br></div><div class="spacer battle-history"><br></div><div class="battle-history"><small>The opposing Celesteela restored a little HP using its Leftovers!</small><br></div><div class="battle-history"><small>The opposing Celesteela was hurt by its burn!</small><br></div><div class="spacer battle-history"><br></div><h2 class="battle-history">Turn 28</h2><div class="spacer battle-history"><br></div><div class="battle-history">Blacephalon used <strong>Fire Blast</strong>!<br></div><div class="battle-history"><small>It's super effective!</small><br></div><div class="battle-history"><small>The opposing Celesteela's substitute faded!</small><br></div><div class="spacer battle-history"><br></div><div class="battle-history">The opposing Celesteela used <strong>Leech Seed</strong>!<br></div><div class="battle-history"><small>Blacephalon was seeded!</small><br></div><div class="spacer battle-history"><br></div><div class="battle-history"><small>The opposing Celesteela restored a little HP using its Leftovers!</small><br></div><div class="battle-history"><small>Blacephalon's health is sapped by Leech Seed!</small><br></div><div class="battle-history"><small>The opposing Celesteela was hurt by its burn!</small><br></div><div class="spacer battle-history"><br></div><h2 class="battle-history">Turn 29</h2><div class="spacer battle-history"><br></div><div class="battle-history">The opposing Celesteela used <strong>Protect</strong>!<br></div><div class="battle-history"><small>The opposing Celesteela protected itself!</small><br></div><div class="spacer battle-history"><br></div><div class="battle-history">Blacephalon used <strong>Fire Blast</strong>!<br></div><div class="battle-history"><small>The opposing Celesteela protected itself!</small><br></div><div class="spacer battle-history"><br></div><div class="battle-history"><small>The opposing Celesteela restored a little HP using its Leftovers!</small><br></div><div class="battle-history"><small>Blacephalon's health is sapped by Leech Seed!</small><br></div><div class="battle-history"><small>The opposing Celesteela was hurt by its burn!</small><br></div><div class="spacer battle-history"><br></div><h2 class="battle-history">Turn 30</h2><div class="spacer battle-history"><br></div><div class="battle-history">Polapox withdrew Celesteela!<br></div><div class="battle-history">Polapox sent out <strong>Mimikyu</strong>!<br></div><div class="battle-history"><small>Pointed stones dug into the opposing Mimikyu!</small><br></div><div class="spacer battle-history"><br></div><div class="battle-history">Blacephalon used <strong>Fire Blast</strong>!<br></div><div class="battle-history"><small>[The opposing Mimikyu's Disguise]</small><br><small>Its disguise served it as a decoy!</small><br></div><div class="battle-history"><small>(The opposing Mimikyu lost <abbr title="0/252">0%</abbr> of its health!)</small><br></div><div class="battle-history">The opposing Mimikyu's disguise was busted!<br></div><div class="spacer battle-history"><br></div><div class="battle-history"><small>Blacephalon's health is sapped by Leech Seed!</small><br></div><div class="spacer battle-history"><br></div><h2 class="battle-history">Turn 31</h2><div class="spacer battle-history"><br></div><div class="battle-history">Blacephalon, come back!<br></div><div class="battle-history">Go! <strong>Chansey</strong>!<br></div><div class="spacer battle-history"><br></div><div class="battle-history">The opposing Mimikyu used <strong>Shadow Sneak</strong>!<br></div><div class="battle-history"><small>It doesn't affect Chansey...</small><br></div><div class="spacer battle-history"><br></div><h2 class="battle-history">Turn 32</h2><div class="spacer battle-history"><br></div><div class="battle-history">Polapox withdrew Mimikyu!<br></div><div class="battle-history">Polapox sent out <strong>Volcarona</strong>!<br></div><div class="battle-history"><small>Pointed stones dug into the opposing Volcarona!</small><br></div><div class="spacer battle-history"><br></div><div class="battle-history">Chansey used <strong>Toxic</strong>!<br></div><div class="battle-history"><small>The opposing Volcarona avoided the attack!</small><br></div><div class="spacer battle-history"><br></div><h2 class="battle-history">Turn 33</h2><div class="spacer battle-history"><br></div><div class="battle-history"><small>The opposing Volcarona surrounded itself with its Z-Power!</small><br></div><div class="spacer battle-history"><br></div><div class="battle-history">The opposing Volcarona used <strong>Shattered Psyche</strong>!<br></div><div class="battle-history"><small>(Chansey lost <abbr title="−126/703">17.9%</abbr> of its health!)</small><br></div><div class="spacer battle-history"><br></div><div class="battle-history">Chansey used <strong>Toxic</strong>!<br></div><div class="battle-history"><small>The opposing Volcarona was badly poisoned!</small><br></div><div class="spacer battle-history"><br></div><div class="battle-history"><small>The opposing Volcarona was hurt by poison!</small><br></div><div class="spacer battle-history"><br></div><h2 class="battle-history">Turn 34</h2><div class="spacer battle-history"><br></div><div class="battle-history">The opposing Volcarona used <strong>Fiery Dance</strong>!<br></div><div class="battle-history"><small>(Chansey lost <abbr title="−91/703">12.9%</abbr> of its health!)</small><br></div><div class="spacer battle-history"><br></div><div class="battle-history">Chansey used <strong>Seismic Toss</strong>!<br></div><div class="battle-history"><small>(The opposing Volcarona lost <abbr title="−100/311">32.2%</abbr> of its health!)</small><br></div><div class="battle-history"><small>[The opposing Volcarona's Flame Body]</small><br><small>Chansey was burned!</small><br></div><div class="spacer battle-history"><br></div><div class="battle-history"><small>The opposing Volcarona was hurt by poison!</small><br></div><div class="battle-history"><small>Chansey was hurt by its burn!</small><br></div><div class="spacer battle-history"><br></div><div class="battle-history">The opposing Volcarona fainted!<br></div><div class="spacer battle-history"><br></div><div class="battle-history">Polapox sent out Kyurem (<strong>Kyurem-Black</strong>)!<br></div><div class="battle-history"><small>Pointed stones dug into the opposing Kyurem!</small><br></div><div class="battle-history"><small>[The opposing Kyurem's Teravolt]</small><br><small>The opposing Kyurem is radiating a bursting aura!</small><br></div><div class="spacer battle-history"><br></div><h2 class="battle-history">Turn 35</h2><div class="spacer battle-history"><br></div><div class="battle-history">The opposing Kyurem used <strong>Dragon Claw</strong>!<br></div><div class="battle-history"><small>A critical hit!</small><br></div><div class="battle-history"><small>(Chansey lost <abbr title="−356/703">50.6%</abbr> of its health!)</small><br></div><div class="battle-history"><small>The opposing Kyurem lost some of its HP!</small><br></div><div class="spacer battle-history"><br></div><div class="battle-history">Chansey fainted!<br></div><div class="spacer battle-history"><br></div><div class="battle-history"><small>The opposing Kyurem was hurt by poison!</small><br></div><div class="spacer battle-history"><br></div><div class="battle-history">Go! <strong>Metagross</strong>!<br></div><div class="spacer battle-history"><br></div><h2 class="battle-history">Turn 36</h2><div class="spacer battle-history"><br></div><div class="battle-history">The opposing Kyurem used <strong>Dragon Claw</strong>!<br></div><div class="battle-history"><small>It's not very effective...</small><br></div><div class="battle-history"><small>(Metagross lost <abbr title="−88/301">29.2%</abbr> of its health!)</small><br></div><div class="battle-history"><small>The opposing Kyurem lost some of its HP!</small><br></div><div class="spacer battle-history"><br></div><div class="battle-history">Metagross used <strong>Meteor Mash</strong>!<br></div><div class="battle-history"><small>It's super effective!</small><br></div><div class="battle-history"><small>(The opposing Kyurem lost <abbr title="−12/391">3.1%</abbr> of its health!)</small><br></div><div class="spacer battle-history"><br></div><div class="battle-history">The opposing Kyurem fainted!<br></div><div class="spacer battle-history"><br></div><div class="battle-history">Polapox sent out Mimikyu (<strong>Mimikyu-Busted</strong>)!<br></div><div class="battle-history"><small>Pointed stones dug into the opposing Mimikyu!</small><br></div><div class="spacer battle-history"><br></div><h2 class="battle-history">Turn 37</h2><div class="spacer battle-history"><br></div><div class="battle-history">The opposing Mimikyu used <strong>Shadow Claw</strong>!<br></div><div class="battle-history"><small>It's super effective!</small><br></div><div class="battle-history"><small>(Metagross lost <abbr title="−162/301">53.8%</abbr> of its health!)</small><br></div><div class="battle-history"><small>(Metagross used its Weakness Policy!)</small><br></div><div class="battle-history"><small>Metagross's Attack rose sharply!</small><br></div><div class="battle-history"><small>Metagross's Special Attack rose sharply!</small><br></div><div class="spacer battle-history"><br></div><div class="battle-history">Metagross used <strong>Meteor Mash</strong>!<br></div><div class="battle-history"><small>It's super effective!</small><br></div><div class="battle-history"><small>(The opposing Mimikyu lost <abbr title="−220/252">87.3%</abbr> of its health!)</small><br></div><div class="spacer battle-history"><br></div><div class="battle-history">The opposing Mimikyu fainted!<br></div><div class="spacer battle-history"><br></div><div class="battle-history">Polapox sent out <strong>Pidgeot</strong>!<br></div><div class="battle-history"><small>Pointed stones dug into the opposing Pidgeot!</small><br></div><div class="spacer battle-history"><br></div><h2 class="battle-history">Turn 38</h2><div class="spacer battle-history"><br></div><div class="battle-history"><small>The opposing Pidgeot's Pidgeotite is reacting to the Key Stone!</small><br>The opposing Pidgeot has Mega Evolved into Mega Pidgeot!<br></div><div class="spacer battle-history"><br></div><div class="battle-history">The opposing Pidgeot used <strong>Hurricane</strong>!<br></div><div class="battle-history"><small>It's not very effective...</small><br></div><div class="battle-history"><small>(Metagross lost <abbr title="−51/301">16.9%</abbr> of its health!)</small><br></div><div class="spacer battle-history"><br></div><div class="battle-history">Metagross fainted!<br></div><div class="spacer battle-history"><br></div><div class="battle-history">Go! <strong>Blacephalon</strong>!<br></div><div class="spacer battle-history"><br></div><h2 class="battle-history">Turn 39</h2><div class="spacer battle-history"><br></div><div class="battle-history">Blacephalon used <strong>Fire Blast</strong>!<br></div><div class="battle-history"><small>(The opposing Pidgeot lost <abbr title="−231/308">75%</abbr> of its health!)</small><br></div><div class="spacer battle-history"><br></div><div class="battle-history">The opposing Pidgeot fainted!<br></div><div class="battle-history"><small>[Blacephalon's Beast Boost]</small><br></div><div class="battle-history"><small>Blacephalon's Special Attack rose!</small><br></div><div class="spacer battle-history"><br></div><div class="battle-history">Polapox sent out <strong>Celesteela</strong>!<br></div><div class="battle-history"><small>Pointed stones dug into the opposing Celesteela!</small><br></div><div class="spacer battle-history"><br></div><h2 class="battle-history">Turn 40</h2><div class="spacer battle-history"><br></div><div class="battle-history">The opposing Celesteela used <strong>Protect</strong>!<br></div><div class="battle-history"><small>The opposing Celesteela protected itself!</small><br></div><div class="spacer battle-history"><br></div><div class="battle-history">Blacephalon used <strong>Fire Blast</strong>!<br></div><div class="battle-history"><small>The opposing Celesteela protected itself!</small><br></div><div class="spacer battle-history"><br></div><div class="battle-history"><small>The opposing Celesteela restored a little HP using its Leftovers!</small><br></div><div class="battle-history"><small>The opposing Celesteela was hurt by its burn!</small><br></div><div class="spacer battle-history"><br></div><h2 class="battle-history">Turn 41</h2><div class="spacer battle-history"><br></div><div class="battle-history">Blacephalon used <strong>Fire Blast</strong>!<br></div><div class="battle-history"><small>It's super effective!</small><br></div><div class="battle-history"><small>(The opposing Celesteela lost <abbr title="−227/396">57.3%</abbr> of its health!)</small><br></div><div class="spacer battle-history"><br></div><div class="battle-history">The opposing Celesteela fainted!<br></div><div class="spacer battle-history"><br></div><div class="battle-history"><strong>AdderJo</strong> won the battle!<br></div><div class="chat">AdderJo ha ganado 5.5 PokeDolares.</div><div class="chat">Puntaje de AdderJo: 1143 → <strong>1167</strong><br>(+24 por ganar)</div><div class="chat">Puntaje de Polapox: 1064 → <strong>1055</strong><br>(-9 por perder)</div></div><div class="inner-preempt"></div></div></div>
</div>
<script>
let daily = Math.floor(Date.now()/1000/60/60/24);document.write('<script src="https://play.pokemonshowdown.com/js/replay-embed.js?version'+daily+'"></'+'script>');
</script>
