<!DOCTYPE html>
<meta charset="utf-8" />
<!-- version 1 -->
<title>OU replay: LoD Lasaf vs. LoD Cusho</title>
<style>
html,body {font-family:Verdana, sans-serif;font-size:10pt;margin:0;padding:0;}body{padding:12px 0;} .battle-log {font-family:Verdana, sans-serif;font-size:10pt;} .battle-log-inline {border:1px solid #AAAAAA;background:#EEF2F5;color:black;max-width:640px;margin:0 auto 80px;padding-bottom:5px;} .battle-log .inner {padding:4px 8px 0px 8px;} .battle-log .inner-preempt {padding:0 8px 4px 8px;} .battle-log .inner-after {margin-top:0.5em;} .battle-log h2 {margin:0.5em -8px;padding:4px 8px;border:1px solid #AAAAAA;background:#E0E7EA;border-left:0;border-right:0;font-family:Verdana, sans-serif;font-size:13pt;} .battle-log .chat {vertical-align:middle;padding:3px 0 3px 0;font-size:8pt;} .battle-log .chat strong {color:#40576A;} .battle-log .chat em {padding:1px 4px 1px 3px;color:#000000;font-style:normal;} .chat.mine {background:rgba(0,0,0,0.05);margin-left:-8px;margin-right:-8px;padding-left:8px;padding-right:8px;} .spoiler {color:#BBBBBB;background:#BBBBBB;padding:0px 3px;} .spoiler:hover, .spoiler:active, .spoiler-shown {color:#000000;background:#E2E2E2;padding:0px 3px;} .spoiler a {color:#BBBBBB;} .spoiler:hover a, .spoiler:active a, .spoiler-shown a {color:#2288CC;} .chat code, .chat .spoiler:hover code, .chat .spoiler:active code, .chat .spoiler-shown code {border:1px solid #C0C0C0;background:#EEEEEE;color:black;padding:0 2px;} .chat .spoiler code {border:1px solid #CCCCCC;background:#CCCCCC;color:#CCCCCC;} .battle-log .rated {padding:3px 4px;} .battle-log .rated strong {color:white;background:#89A;padding:1px 4px;border-radius:4px;} .spacer {margin-top:0.5em;} .message-announce {background:#6688AA;color:white;padding:1px 4px 2px;} .message-announce a, .broadcast-green a, .broadcast-blue a, .broadcast-red a {color:#DDEEFF;} .broadcast-green {background-color:#559955;color:white;padding:2px 4px;} .broadcast-blue {background-color:#6688AA;color:white;padding:2px 4px;} .infobox {border:1px solid #6688AA;padding:2px 4px;} .infobox-limited {max-height:200px;overflow:auto;overflow-x:hidden;} .broadcast-red {background-color:#AA5544;color:white;padding:2px 4px;} .message-learn-canlearn {font-weight:bold;color:#228822;text-decoration:underline;} .message-learn-cannotlearn {font-weight:bold;color:#CC2222;text-decoration:underline;} .message-effect-weak {font-weight:bold;color:#CC2222;} .message-effect-resist {font-weight:bold;color:#6688AA;} .message-effect-immune {font-weight:bold;color:#666666;} .message-learn-list {margin-top:0;margin-bottom:0;} .message-throttle-notice, .message-error {color:#992222;} .message-overflow, .chat small.message-overflow {font-size:0pt;} .message-overflow::before {font-size:9pt;content:'...';} .subtle {color:#3A4A66;}
</style>
<div class="wrapper replay-wrapper" style="max-width:1180px;margin:0 auto">
<input type="hidden" name="replayid" value="destiny-ou-437063" />
<div class="battle"></div><div class="battle-log"></div><div class="replay-controls"></div><div class="replay-controls-2"></div>
<h1 style="font-weight:normal;text-align:center"><strong>OU</strong><br /><a href="http://pokemonshowdown.com/users/lodlasaf" class="subtle" target="_blank">LoD Lasaf</a> vs. <a href="http://pokemonshowdown.com/users/lodcusho" class="subtle" target="_blank">LoD Cusho</a></h1>
<script type="text/plain" class="battle-log-data">|player|p1|LoD Lasaf|lodlasaf.gif?eca35e16
|teamsize|p1|6
|player|p2|LoD Cusho|lodcusho-3.gif?0228ece8
|teamsize|p2|6
|teamsize|p1|6
|teamsize|p2|6
|gametype|singles
|gen|7
|tier|OU
|seed|43225,31868,30146,49147
|rule|Cláusula-Mod de Dormir: solo puedes dormir a uno de tus oponentes a la vez.
|rule|Cláusula de Especie: Hasta un Pokémon de cada especie
|rule|Cláusula de Golpe Fulminante: los movimientos fulminantes (OHKO) estan prohibidos
|rule|Cláusula de Veleta: la habilidad Veleta está prohibida
|rule|Cláusula de Movimientos Evasivos: los movimientos de Evasión están prohibidos.
|rule|Cláusula de Batallas Eternas: forzar batallas eternas está prohibido
|clearpoke
|poke|p1|Charizard, F|item
|poke|p1|Gastrodon-East, F|item
|poke|p1|Tyranitar, M|item
|poke|p1|Clefable, M|item
|poke|p1|Mew|item
|poke|p1|Zygarde|item
|poke|p2|Alakazam, F, shiny|item
|poke|p2|Skarmory, M|item
|poke|p2|Tapu Lele|item
|poke|p2|Garchomp, F, shiny|item
|poke|p2|Gastrodon-East, F|item
|poke|p2|Magearna|item
|teampreview|undefined
|choice|*team 523416|*
|choice|*|*team 321456
|choice|team 5, 2, 3, 4, 1, 6|team 3, 2, 1, 4, 5, 6
|
|start
|switch|p1a: Mew|Mew|404\/404
|switch|p2a: Tapu Lele|Tapu Lele|281\/281
|-fieldstart|move: Psychic Terrain|[from] ability: Psychic Surge|[of] p2a: Tapu Lele
|turn|1
|choice|*|*move 2
|c| LoD Naskourge|We are live!!!
|choice|*move 3|*
|choice|move roost|move moonblast
|
|move|p2a: Tapu Lele|Moonblast|p1a: Mew
|-damage|p1a: Mew|142\/404
|-unboost|p1a: Mew|spa|1
|move|p1a: Mew|Roost|p1a: Mew
|-heal|p1a: Mew|344\/404
|
|-heal|p1a: Mew|369\/404|[from] item: Leftovers
|upkeep
|turn|2
|choice|*switch 5|*
|choice|*|*switch 4
|choice|switch 5|switch 4
|
|switch|p2a: Garchomp|Garchomp, F, shiny|357\/357
|switch|p1a: Charizard|Charizard, F|297\/297
|
|upkeep
|turn|3
|choice|*|*move 1
|choice|*switch 5|*
|choice|switch 5|move stealthrock
|
|switch|p1a: Mew|Mew|369\/404
|move|p2a: Garchomp|Stealth Rock|p1a: Mew
|-sidestart|p1: LoD Lasaf|move: Stealth Rock
|
|-heal|p1a: Mew|394\/404|[from] item: Leftovers
|upkeep
|turn|4
|choice|*|*switch 3
|choice|*move 2|*
|choice|move willowisp|switch 3
|
|switch|p2a: Alakazam|Alakazam, F, shiny|251\/251
|move|p1a: Mew|Will-O-Wisp|p2a: Alakazam|[miss]
|-miss|p1a: Mew|p2a: Alakazam
|
|-heal|p1a: Mew|404\/404|[from] item: Leftovers
|upkeep
|turn|5
|choice|*|*move 4 mega
|choice|*switch 3|*
|choice|switch 3|move shadowball mega
|
|switch|p1a: Tyranitar|Tyranitar, M|341\/341
|-damage|p1a: Tyranitar|299\/341|[from] Stealth Rock
|-weather|Sandstorm|[from] ability: Sand Stream|[of] p1a: Tyranitar
|-mega|p2a: Alakazam|Alakazam|Alakazite
|detailschange|p2a: Alakazam|Alakazam-Mega, F, shiny
|-ability|p2a: Alakazam|Sand Stream|[from] ability: Trace|[of] p1a: Tyranitar
|move|p2a: Alakazam|Shadow Ball|p1a: Tyranitar
|-resisted|p1a: Tyranitar
|-damage|p1a: Tyranitar|253\/341
|
|-weather|Sandstorm|[upkeep]
|-damage|p2a: Alakazam|236\/251|[from] sandstorm
|-fieldend|move: Psychic Terrain
|upkeep
|turn|6
|choice|*|*move 1
|choice|*move 1|*
|choice|move crunch|move focusblast
|
|move|p2a: Alakazam|Focus Blast|p1a: Tyranitar|[miss]
|-miss|p2a: Alakazam|p1a: Tyranitar
|move|p1a: Tyranitar|Crunch|p2a: Alakazam
|-supereffective|p2a: Alakazam
|-damage|p2a: Alakazam|0 fnt
|faint|p2a: Alakazam
|
|-weather|Sandstorm|[upkeep]
|upkeep
|choice|*|*switch 4
|choice||switch 4
|
|switch|p2a: Tapu Lele|Tapu Lele|281\/281
|-fieldstart|move: Psychic Terrain|[from] ability: Psychic Surge|[of] p2a: Tapu Lele
|turn|7
|choice|*|*move 2
|choice|*move 1|*
|choice|move crunch|move moonblast
|
|move|p1a: Tyranitar|Crunch|p2a: Tapu Lele
|-damage|p2a: Tapu Lele|97\/281
|-unboost|p2a: Tapu Lele|def|1
|move|p2a: Tapu Lele|Moonblast|p1a: Tyranitar
|-supereffective|p1a: Tyranitar
|-damage|p1a: Tyranitar|0 fnt
|faint|p1a: Tyranitar
|
|-weather|Sandstorm|[upkeep]
|-damage|p2a: Tapu Lele|80\/281|[from] sandstorm
|upkeep
|choice|*switch 5|*
|choice|switch 5|
|
|switch|p1a: Charizard|Charizard, F|297\/297
|-damage|p1a: Charizard|149\/297|[from] Stealth Rock
|turn|8
|choice|*move 4 mega|*
|choice|*|*switch 3
|choice|move roost mega|switch 3
|
|switch|p2a: Garchomp|Garchomp, F, shiny|357\/357
|-mega|p1a: Charizard|Charizard|Charizardite Y
|detailschange|p1a: Charizard|Charizard-Mega-Y, F
|-weather|SunnyDay|[from] ability: Drought|[of] p1a: Charizard
|move|p1a: Charizard|Roost|p1a: Charizard
|-heal|p1a: Charizard|297\/297
|
|-weather|SunnyDay|[upkeep]
|upkeep
|turn|9
|choice|*switch 3|*
|choice|*|*move 4
|choice|switch 3|move outrage
|
|switch|p1a: Mew|Mew|404\/404
|-damage|p1a: Mew|354\/404|[from] Stealth Rock
|move|p2a: Garchomp|Outrage|p1a: Mew
|-damage|p1a: Mew|197\/404
|
|-weather|SunnyDay|[upkeep]
|-heal|p1a: Mew|222\/404|[from] item: Leftovers
|upkeep
|turn|10
|choice|*move 3|*
|choice|*|*move 1
|choice|move roost|move outrage
|
|move|p2a: Garchomp|Outrage|p1a: Mew|[from]lockedmove
|-damage|p1a: Mew|53\/404
|move|p1a: Mew|Roost|p1a: Mew
|-heal|p1a: Mew|255\/404
|
|-weather|SunnyDay|[upkeep]
|-heal|p1a: Mew|280\/404|[from] item: Leftovers
|upkeep
|turn|11
|choice|*|*move 1
|choice|*move 2|*
|choice|move willowisp|move outrage
|
|move|p2a: Garchomp|Outrage|p1a: Mew|[from]lockedmove
|-damage|p1a: Mew|121\/404
|-start|p2a: Garchomp|confusion|[fatigue]
|move|p1a: Mew|Will-O-Wisp|p2a: Garchomp
|-status|p2a: Garchomp|brn
|
|-weather|SunnyDay|[upkeep]
|-heal|p1a: Mew|146\/404|[from] item: Leftovers
|-damage|p2a: Garchomp|335\/357 brn|[from] brn
|-fieldend|move: Psychic Terrain
|upkeep
|turn|12
|choice|*move 3|*
|choice|*move 1|*
|choice|*|*switch 6
|choice|move defog|switch 6
|
|switch|p2a: Magearna|Magearna|301\/301
|move|p1a: Mew|Defog|p2a: Magearna
|-unboost|p2a: Magearna|evasion|1
|-sideend|p1: LoD Lasaf|Stealth Rock|[from] move: Defog|[of] p1a: Mew
|
|-weather|none
|-heal|p1a: Mew|171\/404|[from] item: Leftovers
|upkeep
|turn|13
|choice|*|*move 2
|choice|*|*move 1
|choice|*move 3|*
|choice|move roost|move calmmind
|
|move|p2a: Magearna|Calm Mind|p2a: Magearna
|-boost|p2a: Magearna|spa|1
|-boost|p2a: Magearna|spd|1
|move|p1a: Mew|Roost|p1a: Mew
|-heal|p1a: Mew|373\/404
|
|-heal|p1a: Mew|398\/404|[from] item: Leftovers
|upkeep
|turn|14
|choice|*|*move 2
|choice|*switch 3|*
|choice|switch 3|move shiftgear
|
|switch|p1a: Charizard|Charizard-Mega-Y, F|297\/297
|-weather|SunnyDay|[from] ability: Drought|[of] p1a: Charizard
|move|p2a: Magearna|Shift Gear|p2a: Magearna
|-boost|p2a: Magearna|spe|2
|-boost|p2a: Magearna|atk|1
|
|-weather|SunnyDay|[upkeep]
|upkeep
|turn|15
|choice|*|*move 4
|choice|*move 1|*
|choice|move flamethrower|move thunderbolt
|
|move|p2a: Magearna|Thunderbolt|p1a: Charizard
|-supereffective|p1a: Charizard
|-damage|p1a: Charizard|15\/297
|move|p1a: Charizard|Flamethrower|p2a: Magearna
|-supereffective|p2a: Magearna
|-damage|p2a: Magearna|0 fnt
|faint|p2a: Magearna
|
|-weather|SunnyDay|[upkeep]
|upkeep
|choice|*|*switch 6
|choice||switch 6
|
|switch|p2a: Garchomp|Garchomp, F, shiny|335\/357 brn
|turn|16
|choice|*|*switch 3
|choice|*move 4|*
|choice|move roost|switch 3
|
|switch|p2a: Tapu Lele|Tapu Lele|80\/281
|-fieldstart|move: Psychic Terrain|[from] ability: Psychic Surge|[of] p2a: Tapu Lele
|move|p1a: Charizard|Roost|p1a: Charizard
|-heal|p1a: Charizard|164\/297
|
|-weather|SunnyDay|[upkeep]
|upkeep
|turn|17
|choice|*move 1|*
|choice|*|*move 1
|choice|move flamethrower|move psyshock
|
|move|p1a: Charizard|Flamethrower|p2a: Tapu Lele
|-damage|p2a: Tapu Lele|0 fnt
|faint|p2a: Tapu Lele
|
|-weather|SunnyDay|[upkeep]
|upkeep
|c|☆LoD Cusho|bg
|-message|LoD Cusho se rindió.
|
|win|LoD Lasaf
</script>
</div>
<div class="battle-log battle-log-inline"><div class="inner"><div class="battle-options"></div><div class="inner"><div class=""><small>Format:</small> <br><strong>OU</strong></div><div class=""><small><em>Cláusula-Mod de Dormir:</em> solo puedes dormir a uno de tus oponentes a la vez.</small></div><div class=""><small><em>Cláusula de Especie:</em> Hasta un Pokémon de cada especie</small></div><div class=""><small><em>Cláusula de Golpe Fulminante:</em> los movimientos fulminantes (OHKO) estan prohibidos</small></div><div class=""><small><em>Cláusula de Veleta:</em> la habilidad Veleta está prohibida</small></div><div class=""><small><em>Cláusula de Movimientos Evasivos:</em> los movimientos de Evasión están prohibidos.</small></div><div class=""><small><em>Cláusula de Batallas Eternas:</em> forzar batallas eternas está prohibido</small></div><div class="chat battle-history"><strong>LoD Lasaf's team:</strong> <em style="color:#445566;display:block;">Charizard / Gastrodon-East / Tyranitar / Clefable / Mew / Zygarde</em></div><div class="chat battle-history"><strong>LoD Cusho's team:</strong> <em style="color:#445566;display:block;">Alakazam / Skarmory / Tapu Lele / Garchomp / Gastrodon-East / Magearna</em></div><div class="spacer battle-history"><br></div><div class="battle-history">Battle started between LoD Lasaf and LoD Cusho!<br></div><div class="spacer battle-history"><br></div><div class="battle-history">Go! <strong>Mew</strong>!<br></div><div class="spacer battle-history"><br></div><div class="battle-history">LoD Cusho sent out <strong>Tapu Lele</strong>!<br></div><div class="battle-history"><small>[The opposing Tapu Lele's Psychic Surge]</small><br><small>The battlefield got weird!</small><br></div><div class="spacer battle-history"><br></div><h2 class="battle-history">Turn 1</h2><div class="chat chatmessage-lodnaskourge"><strong style="color:hsl(341,80%,41%)"><small> </small><span class="username" data-name="LoD Naskourge">LoD Naskourge</span>:</strong> <em>We are live!!!</em></div><div class="spacer battle-history"><br></div><div class="battle-history">The opposing Tapu Lele used <strong>Moonblast</strong>!<br></div><div class="battle-history"><small>(Mew lost <abbr title="−262/404">64.9%</abbr> of its health!)</small><br></div><div class="battle-history"><small>Mew's Special Attack fell!</small><br></div><div class="spacer battle-history"><br></div><div class="battle-history">Mew used <strong>Roost</strong>!<br></div><div class="battle-history"><small>Mew restored its HP.</small><br></div><div class="spacer battle-history"><br></div><div class="battle-history"><small>Mew restored a little HP using its Leftovers!</small><br></div><div class="spacer battle-history"><br></div><h2 class="battle-history">Turn 2</h2><div class="spacer battle-history"><br></div><div class="battle-history">LoD Cusho withdrew Tapu Lele!<br></div><div class="battle-history">LoD Cusho sent out <strong>Garchomp</strong>!<br></div><div class="spacer battle-history"><br></div><div class="battle-history">Mew, come back!<br></div><div class="battle-history">Go! <strong>Charizard</strong>!<br></div><div class="spacer battle-history"><br></div><h2 class="battle-history">Turn 3</h2><div class="spacer battle-history"><br></div><div class="battle-history">Charizard, come back!<br></div><div class="battle-history">Go! <strong>Mew</strong>!<br></div><div class="spacer battle-history"><br></div><div class="battle-history">The opposing Garchomp used <strong>Stealth Rock</strong>!<br></div><div class="battle-history"><small>Pointed stones float in the air around your team!</small><br></div><div class="spacer battle-history"><br></div><div class="battle-history"><small>Mew restored a little HP using its Leftovers!</small><br></div><div class="spacer battle-history"><br></div><h2 class="battle-history">Turn 4</h2><div class="spacer battle-history"><br></div><div class="battle-history">LoD Cusho withdrew Garchomp!<br></div><div class="battle-history">LoD Cusho sent out <strong>Alakazam</strong>!<br></div><div class="spacer battle-history"><br></div><div class="battle-history">Mew used <strong>Will-O-Wisp</strong>!<br></div><div class="battle-history"><small>The opposing Alakazam avoided the attack!</small><br></div><div class="spacer battle-history"><br></div><div class="battle-history"><small>Mew restored a little HP using its Leftovers!</small><br></div><div class="spacer battle-history"><br></div><h2 class="battle-history">Turn 5</h2><div class="spacer battle-history"><br></div><div class="battle-history">Mew, come back!<br></div><div class="battle-history">Go! <strong>Tyranitar</strong>!<br></div><div class="battle-history"><small>Pointed stones dug into Tyranitar!</small><br></div><div class="battle-history"><small>[Tyranitar's Sand Stream]</small><br><small>A sandstorm kicked up!</small><br></div><div class="spacer battle-history"><br></div><div class="battle-history"><small>The opposing Alakazam's Alakazite is reacting to the Key Stone!</small><br>The opposing Alakazam has Mega Evolved into Mega Alakazam!<br></div><div class="battle-history"><small>[The opposing Alakazam's Trace]</small><br><small>[The opposing Alakazam's Sand Stream]</small><br><small>The opposing Alakazam traced Tyranitar's Sand Stream!</small><br></div><div class="spacer battle-history"><br></div><div class="battle-history">The opposing Alakazam used <strong>Shadow Ball</strong>!<br></div><div class="battle-history"><small>It's not very effective...</small><br></div><div class="battle-history"><small>(Tyranitar lost <abbr title="−46/341">13.5%</abbr> of its health!)</small><br></div><div class="spacer battle-history"><br></div><div class="battle-history"><small>The sandstorm is raging.</small><br></div><div class="battle-history"><small>The opposing Alakazam is buffeted by the sandstorm!</small><br></div><div class="battle-history"><small>The weirdness disappeared from the battlefield!</small><br></div><div class="spacer battle-history"><br></div><h2 class="battle-history">Turn 6</h2><div class="spacer battle-history"><br></div><div class="battle-history">The opposing Alakazam used <strong>Focus Blast</strong>!<br></div><div class="battle-history"><small>Tyranitar avoided the attack!</small><br></div><div class="spacer battle-history"><br></div><div class="battle-history">Tyranitar used <strong>Crunch</strong>!<br></div><div class="battle-history"><small>It's super effective!</small><br></div><div class="battle-history"><small>(The opposing Alakazam lost <abbr title="−236/251">94.0%</abbr> of its health!)</small><br></div><div class="spacer battle-history"><br></div><div class="battle-history">The opposing Alakazam fainted!<br></div><div class="spacer battle-history"><br></div><div class="battle-history"><small>The sandstorm is raging.</small><br></div><div class="spacer battle-history"><br></div><div class="battle-history">LoD Cusho sent out <strong>Tapu Lele</strong>!<br></div><div class="battle-history"><small>[The opposing Tapu Lele's Psychic Surge]</small><br><small>The battlefield got weird!</small><br></div><div class="spacer battle-history"><br></div><h2 class="battle-history">Turn 7</h2><div class="spacer battle-history"><br></div><div class="battle-history">Tyranitar used <strong>Crunch</strong>!<br></div><div class="battle-history"><small>(The opposing Tapu Lele lost <abbr title="−184/281">65.5%</abbr> of its health!)</small><br></div><div class="battle-history"><small>The opposing Tapu Lele's Defense fell!</small><br></div><div class="spacer battle-history"><br></div><div class="battle-history">The opposing Tapu Lele used <strong>Moonblast</strong>!<br></div><div class="battle-history"><small>It's super effective!</small><br></div><div class="battle-history"><small>(Tyranitar lost <abbr title="−253/341">74.2%</abbr> of its health!)</small><br></div><div class="spacer battle-history"><br></div><div class="battle-history">Tyranitar fainted!<br></div><div class="spacer battle-history"><br></div><div class="battle-history"><small>The sandstorm is raging.</small><br></div><div class="battle-history"><small>The opposing Tapu Lele is buffeted by the sandstorm!</small><br></div><div class="spacer battle-history"><br></div><div class="battle-history">Go! <strong>Charizard</strong>!<br></div><div class="battle-history"><small>Pointed stones dug into Charizard!</small><br></div><div class="spacer battle-history"><br></div><h2 class="battle-history">Turn 8</h2><div class="spacer battle-history"><br></div><div class="battle-history">LoD Cusho withdrew Tapu Lele!<br></div><div class="battle-history">LoD Cusho sent out <strong>Garchomp</strong>!<br></div><div class="spacer battle-history"><br></div><div class="battle-history"><small>Charizard's Charizardite Y is reacting to the Key Stone!</small><br>Charizard has Mega Evolved into Mega Charizard!<br></div><div class="battle-history"><small>[Charizard's Drought]</small><br><small>The sunlight turned harsh!</small><br></div><div class="spacer battle-history"><br></div><div class="battle-history">Charizard used <strong>Roost</strong>!<br></div><div class="battle-history"><small>Charizard restored its HP.</small><br></div><div class="spacer battle-history"><br></div><div class="battle-history"><small>(The sunlight is strong!)</small><br></div><div class="spacer battle-history"><br></div><h2 class="battle-history">Turn 9</h2><div class="spacer battle-history"><br></div><div class="battle-history">Charizard, come back!<br></div><div class="battle-history">Go! <strong>Mew</strong>!<br></div><div class="battle-history"><small>Pointed stones dug into Mew!</small><br></div><div class="spacer battle-history"><br></div><div class="battle-history">The opposing Garchomp used <strong>Outrage</strong>!<br></div><div class="battle-history"><small>(Mew lost <abbr title="−157/404">38.9%</abbr> of its health!)</small><br></div><div class="spacer battle-history"><br></div><div class="battle-history"><small>(The sunlight is strong!)</small><br></div><div class="battle-history"><small>Mew restored a little HP using its Leftovers!</small><br></div><div class="spacer battle-history"><br></div><h2 class="battle-history">Turn 10</h2><div class="spacer battle-history"><br></div><div class="battle-history">The opposing Garchomp used <strong>Outrage</strong>!<br></div><div class="battle-history"><small>(Mew lost <abbr title="−169/404">41.8%</abbr> of its health!)</small><br></div><div class="spacer battle-history"><br></div><div class="battle-history">Mew used <strong>Roost</strong>!<br></div><div class="battle-history"><small>Mew restored its HP.</small><br></div><div class="spacer battle-history"><br></div><div class="battle-history"><small>(The sunlight is strong!)</small><br></div><div class="battle-history"><small>Mew restored a little HP using its Leftovers!</small><br></div><div class="spacer battle-history"><br></div><h2 class="battle-history">Turn 11</h2><div class="spacer battle-history"><br></div><div class="battle-history">The opposing Garchomp used <strong>Outrage</strong>!<br></div><div class="battle-history"><small>(Mew lost <abbr title="−159/404">39.4%</abbr> of its health!)</small><br></div><div class="battle-history"><small>The opposing Garchomp became confused due to fatigue!</small><br></div><div class="spacer battle-history"><br></div><div class="battle-history">Mew used <strong>Will-O-Wisp</strong>!<br></div><div class="battle-history"><small>The opposing Garchomp was burned!</small><br></div><div class="spacer battle-history"><br></div><div class="battle-history"><small>(The sunlight is strong!)</small><br></div><div class="battle-history"><small>Mew restored a little HP using its Leftovers!</small><br></div><div class="battle-history"><small>The opposing Garchomp was hurt by its burn!</small><br></div><div class="battle-history"><small>The weirdness disappeared from the battlefield!</small><br></div><div class="spacer battle-history"><br></div><h2 class="battle-history">Turn 12</h2><div class="spacer battle-history"><br></div><div class="battle-history">LoD Cusho withdrew Garchomp!<br></div><div class="battle-history">LoD Cusho sent out <strong>Magearna</strong>!<br></div><div class="spacer battle-history"><br></div><div class="battle-history">Mew used <strong>Defog</strong>!<br></div><div class="battle-history"><small>The opposing Magearna's evasiveness fell!</small><br></div><div class="battle-history"><small>The pointed stones disappeared from around your team!</small><br></div><div class="spacer battle-history"><br></div><div class="battle-history"><small>The sunlight faded.</small><br></div><div class="battle-history"><small>Mew restored a little HP using its Leftovers!</small><br></div><div class="spacer battle-history"><br></div><h2 class="battle-history">Turn 13</h2><div class="spacer battle-history"><br></div><div class="battle-history">The opposing Magearna used <strong>Calm Mind</strong>!<br></div><div class="battle-history"><small>The opposing Magearna's Special Attack rose!</small><br></div><div class="battle-history"><small>The opposing Magearna's Special Defense rose!</small><br></div><div class="spacer battle-history"><br></div><div class="battle-history">Mew used <strong>Roost</strong>!<br></div><div class="battle-history"><small>Mew restored its HP.</small><br></div><div class="spacer battle-history"><br></div><div class="battle-history"><small>Mew restored a little HP using its Leftovers!</small><br></div><div class="spacer battle-history"><br></div><h2 class="battle-history">Turn 14</h2><div class="spacer battle-history"><br></div><div class="battle-history">Mew, come back!<br></div><div class="battle-history">Go! Charizard (<strong>Charizard-Mega-Y</strong>)!<br></div><div class="battle-history"><small>[Charizard's Drought]</small><br><small>The sunlight turned harsh!</small><br></div><div class="spacer battle-history"><br></div><div class="battle-history">The opposing Magearna used <strong>Shift Gear</strong>!<br></div><div class="battle-history"><small>The opposing Magearna's Speed rose sharply!</small><br></div><div class="battle-history"><small>The opposing Magearna's Attack rose!</small><br></div><div class="spacer battle-history"><br></div><div class="battle-history"><small>(The sunlight is strong!)</small><br></div><div class="spacer battle-history"><br></div><h2 class="battle-history">Turn 15</h2><div class="spacer battle-history"><br></div><div class="battle-history">The opposing Magearna used <strong>Thunderbolt</strong>!<br></div><div class="battle-history"><small>It's super effective!</small><br></div><div class="battle-history"><small>(Charizard lost <abbr title="−282/297">94.9%</abbr> of its health!)</small><br></div><div class="spacer battle-history"><br></div><div class="battle-history">Charizard used <strong>Flamethrower</strong>!<br></div><div class="battle-history"><small>It's super effective!</small><br></div><div class="battle-history"><small>(The opposing Magearna lost <abbr title="−301/301">100%</abbr> of its health!)</small><br></div><div class="spacer battle-history"><br></div><div class="battle-history">The opposing Magearna fainted!<br></div><div class="spacer battle-history"><br></div><div class="battle-history"><small>(The sunlight is strong!)</small><br></div><div class="spacer battle-history"><br></div><div class="battle-history">LoD Cusho sent out <strong>Garchomp</strong>!<br></div><div class="spacer battle-history"><br></div><h2 class="battle-history">Turn 16</h2><div class="spacer battle-history"><br></div><div class="battle-history">LoD Cusho withdrew Garchomp!<br></div><div class="battle-history">LoD Cusho sent out <strong>Tapu Lele</strong>!<br></div><div class="battle-history"><small>[The opposing Tapu Lele's Psychic Surge]</small><br><small>The battlefield got weird!</small><br></div><div class="spacer battle-history"><br></div><div class="battle-history">Charizard used <strong>Roost</strong>!<br></div><div class="battle-history"><small>Charizard restored its HP.</small><br></div><div class="spacer battle-history"><br></div><div class="battle-history"><small>(The sunlight is strong!)</small><br></div><div class="spacer battle-history"><br></div><h2 class="battle-history">Turn 17</h2><div class="spacer battle-history"><br></div><div class="battle-history">Charizard used <strong>Flamethrower</strong>!<br></div><div class="battle-history"><small>(The opposing Tapu Lele lost <abbr title="−80/281">28.5%</abbr> of its health!)</small><br></div><div class="spacer battle-history"><br></div><div class="battle-history">The opposing Tapu Lele fainted!<br></div><div class="spacer battle-history"><br></div><div class="battle-history"><small>(The sunlight is strong!)</small><br></div><div class="chat chatmessage-lodcusho"><strong style="color:hsl(332,54%,47%)"><small>☆</small><span class="username" data-name="LoD Cusho">LoD Cusho</span>:</strong> <em>bg</em></div><div class="spacer battle-history"><br></div><div class="battle-history"><small>LoD Cusho se rindió.</small><br></div><div class="spacer battle-history"><br></div><div class="battle-history"><strong>LoD Lasaf</strong> won the battle!<br></div></div><div class="inner-preempt"></div></div></div>
</div>
<script>
let daily = Math.floor(Date.now()/1000/60/60/24);document.write('<script src="https://play.pokemonshowdown.com/js/replay-embed.js?version'+daily+'"></'+'script>');
</script>
