<!DOCTYPE html>
<meta charset="utf-8" />
<!-- version 1 -->
<title>OU replay: RvN Baron vs. Cacoxd</title>
<style>
html,body {font-family:Verdana, sans-serif;font-size:10pt;margin:0;padding:0;}body{padding:12px 0;} .battle-log {font-family:Verdana, sans-serif;font-size:10pt;} .battle-log-inline {border:1px solid #AAAAAA;background:#EEF2F5;color:black;max-width:640px;margin:0 auto 80px;padding-bottom:5px;} .battle-log .inner {padding:4px 8px 0px 8px;} .battle-log .inner-preempt {padding:0 8px 4px 8px;} .battle-log .inner-after {margin-top:0.5em;} .battle-log h2 {margin:0.5em -8px;padding:4px 8px;border:1px solid #AAAAAA;background:#E0E7EA;border-left:0;border-right:0;font-family:Verdana, sans-serif;font-size:13pt;} .battle-log .chat {vertical-align:middle;padding:3px 0 3px 0;font-size:8pt;} .battle-log .chat strong {color:#40576A;} .battle-log .chat em {padding:1px 4px 1px 3px;color:#000000;font-style:normal;} .chat.mine {background:rgba(0,0,0,0.05);margin-left:-8px;margin-right:-8px;padding-left:8px;padding-right:8px;} .spoiler {color:#BBBBBB;background:#BBBBBB;padding:0px 3px;} .spoiler:hover, .spoiler:active, .spoiler-shown {color:#000000;background:#E2E2E2;padding:0px 3px;} .spoiler a {color:#BBBBBB;} .spoiler:hover a, .spoiler:active a, .spoiler-shown a {color:#2288CC;} .chat code, .chat .spoiler:hover code, .chat .spoiler:active code, .chat .spoiler-shown code {border:1px solid #C0C0C0;background:#EEEEEE;color:black;padding:0 2px;} .chat .spoiler code {border:1px solid #CCCCCC;background:#CCCCCC;color:#CCCCCC;} .battle-log .rated {padding:3px 4px;} .battle-log .rated strong {color:white;background:#89A;padding:1px 4px;border-radius:4px;} .spacer {margin-top:0.5em;} .message-announce {background:#6688AA;color:white;padding:1px 4px 2px;} .message-announce a, .broadcast-green a, .broadcast-blue a, .broadcast-red a {color:#DDEEFF;} .broadcast-green {background-color:#559955;color:white;padding:2px 4px;} .broadcast-blue {background-color:#6688AA;color:white;padding:2px 4px;} .infobox {border:1px solid #6688AA;padding:2px 4px;} .infobox-limited {max-height:200px;overflow:auto;overflow-x:hidden;} .broadcast-red {background-color:#AA5544;color:white;padding:2px 4px;} .message-learn-canlearn {font-weight:bold;color:#228822;text-decoration:underline;} .message-learn-cannotlearn {font-weight:bold;color:#CC2222;text-decoration:underline;} .message-effect-weak {font-weight:bold;color:#CC2222;} .message-effect-resist {font-weight:bold;color:#6688AA;} .message-effect-immune {font-weight:bold;color:#666666;} .message-learn-list {margin-top:0;margin-bottom:0;} .message-throttle-notice, .message-error {color:#992222;} .message-overflow, .chat small.message-overflow {font-size:0pt;} .message-overflow::before {font-size:9pt;content:'...';} .subtle {color:#3A4A66;}
</style>
<div class="wrapper replay-wrapper" style="max-width:1180px;margin:0 auto">
<input type="hidden" name="replayid" value="destiny-ou-538493" />
<div class="battle"></div><div class="battle-log"></div><div class="replay-controls"></div><div class="replay-controls-2"></div>
<h1 style="font-weight:normal;text-align:center"><strong>OU</strong><br /><a href="http://pokemonshowdown.com/users/rvnbaron" class="subtle" target="_blank">RvN Baron</a> vs. <a href="http://pokemonshowdown.com/users/cacoxd" class="subtle" target="_blank">Cacoxd</a></h1>
<script type="text/plain" class="battle-log-data">|player|p1|RvN Baron|rvnbaron.gif?cef29ba4
|teamsize|p1|6
|player|p2|Cacoxd|1
|teamsize|p2|6
|teamsize|p1|6
|teamsize|p2|6
|gametype|singles
|gen|7
|tier|OU
|rated
|seed|42446,52520,3637,40008
|rule|Cláusula-Mod de Dormir: solo puedes dormir a uno de tus oponentes a la vez.
|rule|Cláusula de Especie: Hasta un Pokémon de cada especie
|rule|Cláusula de Golpe Fulminante: los movimientos fulminantes (OHKO) estan prohibidos
|rule|Cláusula de Veleta: la habilidad Veleta está prohibida
|rule|Cláusula de Movimientos Evasivos: los movimientos de Evasión están prohibidos.
|rule|Cláusula de Batallas Eternas: forzar batallas eternas está prohibido
|clearpoke
|poke|p1|Zygarde|item
|poke|p1|Kartana|item
|poke|p1|Druddigon, M|item
|poke|p1|Serperior, F|item
|poke|p1|Blacephalon|item
|poke|p1|Gyarados, M|item
|poke|p2|Venusaur, M|item
|poke|p2|Tapu Koko|item
|poke|p2|Magearna|item
|poke|p2|Landorus-Therian, M|item
|poke|p2|Mimikyu, F, shiny|item
|poke|p2|Rotom-Wash|item
|teampreview|undefined
|inactive|Reloj de batalla ENCENDIDO. El jugador inactivo será descalificado (solicitado por Cacoxd).
|choice|*|*team 123456
|choice|*team 321456|*
|choice|team 3, 2, 1, 4, 5, 6|team 1, 2, 3, 4, 5, 6
|
|start
|switch|p1a: Druddigon|Druddigon, M|358\/358
|switch|p2a: Venusaur|Venusaur, M|364\/364
|-ability|p1a: Druddigon|Mold Breaker
|turn|1
|choice|*|*move 4 mega
|choice|*move 2|*
|choice|move glare|move leechseed mega
|
|-mega|p2a: Venusaur|Venusaur|Venusaurite
|detailschange|p2a: Venusaur|Venusaur-Mega, M
|move|p1a: Druddigon|Glare|p2a: Venusaur
|-status|p2a: Venusaur|par
|move|p2a: Venusaur|Leech Seed|p1a: Druddigon
|-start|p1a: Druddigon|move: Leech Seed
|
|-damage|p1a: Druddigon|314\/358|[from] Leech Seed|[of] p2a: Venusaur
|upkeep
|turn|2
|choice|*|*move 2
|choice|*move 4|*
|choice|move stealthrock|move sludgebomb
|
|move|p1a: Druddigon|Stealth Rock|p2a: Venusaur
|-sidestart|p2: Cacoxd|move: Stealth Rock
|move|p2a: Venusaur|Sludge Bomb|p1a: Druddigon
|-damage|p1a: Druddigon|175\/358
|
|-damage|p1a: Druddigon|131\/358|[from] Leech Seed|[of] p2a: Venusaur
|upkeep
|turn|3
|choice|*|*move 2
|choice|*|*move 3
|choice|*switch 2|*
|choice|switch 2|move gigadrain
|
|switch|p1a: Kartana|Kartana|322\/322
|move|p2a: Venusaur|Giga Drain|p1a: Kartana
|-resisted|p1a: Kartana
|-damage|p1a: Kartana|260\/322
|
|upkeep
|turn|4
|choice|*move 3|*
|choice|*|*switch 4
|choice|move swordsdance|switch 4
|
|switch|p2a: Landorus|Landorus-Therian, M|382\/382
|-damage|p2a: Landorus|335\/382|[from] Stealth Rock
|-ability|p2a: Landorus|Intimidate|boost
|-unboost|p1a: Kartana|atk|1
|move|p1a: Kartana|Swords Dance|p1a: Kartana
|-boost|p1a: Kartana|atk|2
|
|upkeep
|turn|5
|choice|*|*move 1
|inactive|RvN Baron tiene 135 segundos restantes.
|choice|*switch 2|*
|choice|switch 2|move earthquake
|
|switch|p1a: Druddigon|Druddigon, M|131\/358
|-ability|p1a: Druddigon|Mold Breaker
|move|p2a: Landorus|Earthquake|p1a: Druddigon
|-damage|p1a: Druddigon|0 fnt
|faint|p1a: Druddigon
|
|upkeep
|choice|*switch 6|*
|choice|switch 6|
|
|switch|p1a: Gyarados|Gyarados, M|331\/331
|-ability|p1a: Gyarados|Intimidate|boost
|-unboost|p2a: Landorus|atk|1
|turn|6
|choice|*move 3 mega|*
|choice|*|*move 2
|choice|move substitute mega|move stealthrock
|
|-mega|p1a: Gyarados|Gyarados|Gyaradosite
|detailschange|p1a: Gyarados|Gyarados-Mega, M
|-ability|p1a: Gyarados|Mold Breaker
|move|p1a: Gyarados|Substitute|p1a: Gyarados
|-start|p1a: Gyarados|Substitute
|-damage|p1a: Gyarados|249\/331
|move|p2a: Landorus|Stealth Rock|p1a: Gyarados
|-sidestart|p1: RvN Baron|move: Stealth Rock
|
|upkeep
|turn|7
|choice|*|*move 3
|choice|*move 4|*
|choice|move dragondance|move uturn
|
|move|p1a: Gyarados|Dragon Dance|p1a: Gyarados
|-boost|p1a: Gyarados|atk|1
|-boost|p1a: Gyarados|spe|1
|move|p2a: Landorus|U-turn|p1a: Gyarados
|-supereffective|p1a: Gyarados
|-end|p1a: Gyarados|Substitute
|choice|*|*switch 2
|choice||switch 2
|
|switch|p2a: Tapu Koko|Tapu Koko|281\/281|[from]move: U-turn
|-damage|p2a: Tapu Koko|246\/281|[from] Stealth Rock
|-fieldstart|move: Electric Terrain|[from] ability: Electric Surge|[of] p2a: Tapu Koko
|
|upkeep
|turn|8
|choice|*|*move 3
|choice|*move 3|*
|choice|move substitute|move uturn
|
|move|p1a: Gyarados|Substitute|p1a: Gyarados
|-start|p1a: Gyarados|Substitute
|-damage|p1a: Gyarados|167\/331
|move|p2a: Tapu Koko|U-turn|p1a: Gyarados
|-supereffective|p1a: Gyarados
|-crit|p1a: Gyarados
|-end|p1a: Gyarados|Substitute
|choice|*|*switch 2
|choice||switch 2
|
|switch|p2a: Landorus|Landorus-Therian, M|335\/382|[from]move: U-turn
|-damage|p2a: Landorus|288\/382|[from] Stealth Rock
|-ability|p2a: Landorus|Intimidate|boost
|-unboost|p1a: Gyarados|atk|1
|
|upkeep
|turn|9
|choice|*|*move 3
|choice|*move 1|*
|choice|move waterfall|move uturn
|
|move|p1a: Gyarados|Waterfall|p2a: Landorus
|-supereffective|p2a: Landorus
|-damage|p2a: Landorus|24\/382
|-damage|p1a: Gyarados|112\/331|[from] item: Rocky Helmet|[of] p2a: Landorus
|move|p2a: Landorus|U-turn|p1a: Gyarados
|-supereffective|p1a: Gyarados
|-damage|p1a: Gyarados|0 fnt
|faint|p1a: Gyarados
|choice|*|*switch 6
|choice||switch 6
|
|switch|p2a: Rotom|Rotom-Wash|304\/304|[from]move: U-turn
|-damage|p2a: Rotom|266\/304|[from] Stealth Rock
|
|-heal|p2a: Rotom|285\/304|[from] item: Leftovers
|upkeep
|choice|*switch 4|*
|choice|switch 4|
|
|switch|p1a: Serperior|Serperior, F|305\/305
|-damage|p1a: Serperior|267\/305|[from] Stealth Rock
|turn|10
|choice|*|*move 1
|choice|*move 3|*
|choice|move substitute|move voltswitch
|
|move|p1a: Serperior|Substitute|p1a: Serperior
|-start|p1a: Serperior|Substitute
|-damage|p1a: Serperior|191\/305
|move|p2a: Rotom|Volt Switch|p1a: Serperior
|-resisted|p1a: Serperior
|-activate|p1a: Serperior|move: Substitute|[damage]
|choice|*|*switch 4
|choice||switch 4
|
|switch|p2a: Venusaur|Venusaur-Mega, M|364\/364 par|[from]move: Volt Switch
|-damage|p2a: Venusaur|319\/364 par|[from] Stealth Rock
|
|-heal|p1a: Serperior|210\/305|[from] item: Leftovers
|upkeep
|turn|11
|choice|*|*move 2
|choice|*move 1|*
|choice|move leafstorm|move sludgebomb
|
|move|p1a: Serperior|Leaf Storm|p2a: Venusaur
|-resisted|p2a: Venusaur
|-damage|p2a: Venusaur|285\/364 par
|-boost|p1a: Serperior|spa|2
|move|p2a: Venusaur|Sludge Bomb|p1a: Serperior
|-supereffective|p1a: Serperior
|-end|p1a: Serperior|Substitute
|
|-heal|p1a: Serperior|229\/305|[from] item: Leftovers
|-fieldend|move: Electric Terrain
|upkeep
|turn|12
|choice|*|*move 2
|choice|*switch 5|*
|choice|switch 5|move sludgebomb
|
|switch|p1a: Blacephalon|Blacephalon|247\/247
|-damage|p1a: Blacephalon|186\/247|[from] Stealth Rock
|move|p2a: Venusaur|Sludge Bomb|p1a: Blacephalon
|-resisted|p1a: Blacephalon
|-damage|p1a: Blacephalon|114\/247
|
|upkeep
|turn|13
|choice|*|*move 1
|choice|*move 3|*
|choice|move substitute|move synthesis
|
|move|p1a: Blacephalon|Substitute|p1a: Blacephalon
|-start|p1a: Blacephalon|Substitute
|-damage|p1a: Blacephalon|53\/247
|cant|p2a: Venusaur|par
|
|upkeep
|turn|14
|choice|*|*move 2
|choice|*move 4|*
|choice|move flamecharge|move sludgebomb
|
|move|p1a: Blacephalon|Flame Charge|p2a: Venusaur
|-supereffective|p2a: Venusaur
|-damage|p2a: Venusaur|241\/364 par
|-boost|p1a: Blacephalon|spe|1
|cant|p2a: Venusaur|par
|
|upkeep
|turn|15
|choice|*|*move 3
|choice|*move 2|*
|choice|move flamethrower|move gigadrain
|
|move|p1a: Blacephalon|Flamethrower|p2a: Venusaur
|-supereffective|p2a: Venusaur
|-damage|p2a: Venusaur|97\/364 par
|move|p2a: Venusaur|Giga Drain|p1a: Blacephalon
|-resisted|p1a: Blacephalon
|-end|p1a: Blacephalon|Substitute
|-heal|p2a: Venusaur|128\/364 par|[from] drain|[of] p1a: Blacephalon
|
|upkeep
|turn|16
|choice|*|*move 2
|choice|*move 2|*
|choice|move flamethrower|move sludgebomb
|
|move|p1a: Blacephalon|Flamethrower|p2a: Venusaur
|-supereffective|p2a: Venusaur
|-damage|p2a: Venusaur|0 fnt
|faint|p2a: Venusaur
|-ability|p1a: Blacephalon|Beast Boost|boost
|-boost|p1a: Blacephalon|spa|1
|
|upkeep
|choice|*|*switch 5
|choice||switch 5
|
|switch|p2a: Mimikyu|Mimikyu, F, shiny|251\/251
|-damage|p2a: Mimikyu|220\/251|[from] Stealth Rock
|turn|17
|choice|*|*move 1
|choice|*move 1|*
|choice|move shadowball|move swordsdance
|
|move|p1a: Blacephalon|Shadow Ball|p2a: Mimikyu
|-activate|p2a: Mimikyu|ability: Disguise
|-damage|p2a: Mimikyu|220\/251
|detailschange|p2a: Mimikyu|Mimikyu-Busted, F, shiny
|move|p2a: Mimikyu|Swords Dance|p2a: Mimikyu
|-boost|p2a: Mimikyu|atk|2
|
|upkeep
|turn|18
|choice|*|*move 4
|choice|*move 1|*
|choice|move shadowball|move shadowsneak
|
|move|p2a: Mimikyu|Shadow Sneak|p1a: Blacephalon
|-supereffective|p1a: Blacephalon
|-damage|p1a: Blacephalon|0 fnt
|faint|p1a: Blacephalon
|
|upkeep
|choice|*switch 3|*
|choice|switch 3|
|
|switch|p1a: Zygarde|Zygarde|404\/404
|-damage|p1a: Zygarde|379\/404|[from] Stealth Rock
|-ability|p1a: Zygarde|Aura Break
|turn|19
|choice|*|*move 2 zmove
|choice|*move 4|*
|choice|move substitute|move playrough zmove
|
|-zpower|p2a: Mimikyu
|move|p2a: Mimikyu|Let's Snuggle Forever|p1a: Zygarde|[zeffect]
|-supereffective|p1a: Zygarde
|-damage|p1a: Zygarde|0 fnt
|faint|p1a: Zygarde
|
|upkeep
|choice|*switch 2|*
|choice|switch 2|
|
|switch|p1a: Kartana|Kartana|260\/322
|-damage|p1a: Kartana|240\/322|[from] Stealth Rock
|turn|20
|choice|*|*move 3
|choice|*move 3|*
|choice|move swordsdance|move shadowclaw
|
|move|p1a: Kartana|Swords Dance|p1a: Kartana
|-boost|p1a: Kartana|atk|2
|move|p2a: Mimikyu|Shadow Claw|p1a: Kartana
|-damage|p1a: Kartana|74\/322
|
|upkeep
|turn|21
|choice|*|*move 4
|choice|*move 2|*
|choice|move smartstrike|move shadowsneak
|
|move|p2a: Mimikyu|Shadow Sneak|p1a: Kartana
|-damage|p1a: Kartana|0 fnt
|faint|p1a: Kartana
|
|upkeep
|choice|*switch 5|*
|choice|switch 5|
|
|switch|p1a: Serperior|Serperior, F|229\/305
|-damage|p1a: Serperior|191\/305|[from] Stealth Rock
|turn|22
|choice|*|*move 2
|choice|*move 1|*
|choice|move leafstorm|move playrough
|
|move|p1a: Serperior|Leaf Storm|p2a: Mimikyu
|-damage|p2a: Mimikyu|61\/251
|-boost|p1a: Serperior|spa|2
|move|p2a: Mimikyu|Play Rough|p1a: Serperior
|-damage|p1a: Serperior|0 fnt
|faint|p1a: Serperior
|
|win|Cacoxd
Cacoxd ha ganado 5.5 PokeDolares.
|raw|Puntaje de RvN Baron: 1157 &rarr; <strong>1135<\/strong><br \/>(-22 por perder)
|raw|Puntaje de Cacoxd: 1148 &rarr; <strong>1179<\/strong><br \/>(+31 por ganar)
</script>
</div>
<div class="battle-log battle-log-inline"><div class="inner"><div class="battle-options"></div><div class="inner"><div class=""><small>Format:</small> <br><strong>OU</strong></div><div class="rated"><strong>Rated battle</strong></div><div class=""><small><em>Cláusula-Mod de Dormir:</em> solo puedes dormir a uno de tus oponentes a la vez.</small></div><div class=""><small><em>Cláusula de Especie:</em> Hasta un Pokémon de cada especie</small></div><div class=""><small><em>Cláusula de Golpe Fulminante:</em> los movimientos fulminantes (OHKO) estan prohibidos</small></div><div class=""><small><em>Cláusula de Veleta:</em> la habilidad Veleta está prohibida</small></div><div class=""><small><em>Cláusula de Movimientos Evasivos:</em> los movimientos de Evasión están prohibidos.</small></div><div class=""><small><em>Cláusula de Batallas Eternas:</em> forzar batallas eternas está prohibido</small></div><div class="chat battle-history"><strong>RvN Baron's team:</strong> <em style="color:#445566;display:block;">Zygarde / Kartana / Druddigon / Serperior / Blacephalon / Gyarados</em></div><div class="chat battle-history"><strong>Cacoxd's team:</strong> <em style="color:#445566;display:block;">Venusaur / Tapu Koko / Magearna / Landorus-Therian / Mimikyu / Rotom-Wash</em></div><div class="chat message-error">Reloj de batalla ENCENDIDO. El jugador inactivo será descalificado (solicitado por Cacoxd).</div><div class="spacer battle-history"><br></div><div class="battle-history">Battle started between RvN Baron and Cacoxd!<br></div><div class="spacer battle-history"><br></div><div class="battle-history">Go! <strong>Druddigon</strong>!<br></div><div class="spacer battle-history"><br></div><div class="battle-history">Cacoxd sent out <strong>Venusaur</strong>!<br></div><div class="battle-history"><small>[Druddigon's Mold Breaker]</small><br><small>Druddigon breaks the mold!</small><br></div><div class="spacer battle-history"><br></div><h2 class="battle-history">Turn 1</h2><div class="spacer battle-history"><br></div><div class="battle-history"><small>The opposing Venusaur's Venusaurite is reacting to the Key Stone!</small><br>The opposing Venusaur has Mega Evolved into Mega Venusaur!<br></div><div class="spacer battle-history"><br></div><div class="battle-history">Druddigon used <strong>Glare</strong>!<br></div><div class="battle-history"><small>The opposing Venusaur is paralyzed! It may be unable to move!</small><br></div><div class="spacer battle-history"><br></div><div class="battle-history">The opposing Venusaur used <strong>Leech Seed</strong>!<br></div><div class="battle-history"><small>Druddigon was seeded!</small><br></div><div class="spacer battle-history"><br></div><div class="battle-history"><small>Druddigon's health is sapped by Leech Seed!</small><br></div><div class="spacer battle-history"><br></div><h2 class="battle-history">Turn 2</h2><div class="spacer battle-history"><br></div><div class="battle-history">Druddigon used <strong>Stealth Rock</strong>!<br></div><div class="battle-history"><small>Pointed stones float in the air around the opposing team!</small><br></div><div class="spacer battle-history"><br></div><div class="battle-history">The opposing Venusaur used <strong>Sludge Bomb</strong>!<br></div><div class="battle-history"><small>(Druddigon lost <abbr title="−139/358">38.8%</abbr> of its health!)</small><br></div><div class="spacer battle-history"><br></div><div class="battle-history"><small>Druddigon's health is sapped by Leech Seed!</small><br></div><div class="spacer battle-history"><br></div><h2 class="battle-history">Turn 3</h2><div class="spacer battle-history"><br></div><div class="battle-history">Druddigon, come back!<br></div><div class="battle-history">Go! <strong>Kartana</strong>!<br></div><div class="spacer battle-history"><br></div><div class="battle-history">The opposing Venusaur used <strong>Giga Drain</strong>!<br></div><div class="battle-history"><small>It's not very effective...</small><br></div><div class="battle-history"><small>(Kartana lost <abbr title="−62/322">19.3%</abbr> of its health!)</small><br></div><div class="spacer battle-history"><br></div><h2 class="battle-history">Turn 4</h2><div class="spacer battle-history"><br></div><div class="battle-history">Cacoxd withdrew Venusaur!<br></div><div class="battle-history">Cacoxd sent out Landorus (<strong>Landorus-Therian</strong>)!<br></div><div class="battle-history"><small>Pointed stones dug into the opposing Landorus!</small><br></div><div class="battle-history"><small>[The opposing Landorus's Intimidate]</small><br></div><div class="battle-history"><small>Kartana's Attack fell!</small><br></div><div class="spacer battle-history"><br></div><div class="battle-history">Kartana used <strong>Swords Dance</strong>!<br></div><div class="battle-history"><small>Kartana's Attack rose sharply!</small><br></div><div class="spacer battle-history"><br></div><h2 class="battle-history">Turn 5</h2><div class="chat message-error">RvN Baron tiene 135 segundos restantes.</div><div class="spacer battle-history"><br></div><div class="battle-history">Kartana, come back!<br></div><div class="battle-history">Go! <strong>Druddigon</strong>!<br></div><div class="battle-history"><small>[Druddigon's Mold Breaker]</small><br><small>Druddigon breaks the mold!</small><br></div><div class="spacer battle-history"><br></div><div class="battle-history">The opposing Landorus used <strong>Earthquake</strong>!<br></div><div class="battle-history"><small>(Druddigon lost <abbr title="−131/358">36.6%</abbr> of its health!)</small><br></div><div class="spacer battle-history"><br></div><div class="battle-history">Druddigon fainted!<br></div><div class="spacer battle-history"><br></div><div class="battle-history">Go! <strong>Gyarados</strong>!<br></div><div class="battle-history"><small>[Gyarados's Intimidate]</small><br></div><div class="battle-history"><small>The opposing Landorus's Attack fell!</small><br></div><div class="spacer battle-history"><br></div><h2 class="battle-history">Turn 6</h2><div class="spacer battle-history"><br></div><div class="battle-history"><small>Gyarados's Gyaradosite is reacting to the Key Stone!</small><br>Gyarados has Mega Evolved into Mega Gyarados!<br></div><div class="battle-history"><small>[Gyarados's Mold Breaker]</small><br><small>Gyarados breaks the mold!</small><br></div><div class="spacer battle-history"><br></div><div class="battle-history">Gyarados used <strong>Substitute</strong>!<br></div><div class="battle-history"><small>Gyarados put in a substitute!</small><br></div><div class="battle-history"><small>(Gyarados lost <abbr title="−82/331">24.8%</abbr> of its health!)</small><br></div><div class="spacer battle-history"><br></div><div class="battle-history">The opposing Landorus used <strong>Stealth Rock</strong>!<br></div><div class="battle-history"><small>Pointed stones float in the air around your team!</small><br></div><div class="spacer battle-history"><br></div><h2 class="battle-history">Turn 7</h2><div class="spacer battle-history"><br></div><div class="battle-history">Gyarados used <strong>Dragon Dance</strong>!<br></div><div class="battle-history"><small>Gyarados's Attack rose!</small><br></div><div class="battle-history"><small>Gyarados's Speed rose!</small><br></div><div class="spacer battle-history"><br></div><div class="battle-history">The opposing Landorus used <strong>U-turn</strong>!<br></div><div class="battle-history"><small>It's super effective!</small><br></div><div class="battle-history"><small>Gyarados's substitute faded!</small><br></div><div class="spacer battle-history"><br></div><div class="battle-history">The opposing Landorus went back to Cacoxd!<br></div><div class="battle-history">Cacoxd sent out <strong>Tapu Koko</strong>!<br></div><div class="battle-history"><small>Pointed stones dug into the opposing Tapu Koko!</small><br></div><div class="battle-history"><small>[The opposing Tapu Koko's Electric Surge]</small><br><small>An electric current runs across the battlefield!</small><br></div><div class="spacer battle-history"><br></div><h2 class="battle-history">Turn 8</h2><div class="spacer battle-history"><br></div><div class="battle-history">Gyarados used <strong>Substitute</strong>!<br></div><div class="battle-history"><small>Gyarados put in a substitute!</small><br></div><div class="battle-history"><small>(Gyarados lost <abbr title="−82/331">24.8%</abbr> of its health!)</small><br></div><div class="spacer battle-history"><br></div><div class="battle-history">The opposing Tapu Koko used <strong>U-turn</strong>!<br></div><div class="battle-history"><small>It's super effective!</small><br></div><div class="battle-history"><small>A critical hit!</small><br></div><div class="battle-history"><small>Gyarados's substitute faded!</small><br></div><div class="spacer battle-history"><br></div><div class="battle-history">The opposing Tapu Koko went back to Cacoxd!<br></div><div class="battle-history">Cacoxd sent out Landorus (<strong>Landorus-Therian</strong>)!<br></div><div class="battle-history"><small>Pointed stones dug into the opposing Landorus!</small><br></div><div class="battle-history"><small>[The opposing Landorus's Intimidate]</small><br></div><div class="battle-history"><small>Gyarados's Attack fell!</small><br></div><div class="spacer battle-history"><br></div><h2 class="battle-history">Turn 9</h2><div class="spacer battle-history"><br></div><div class="battle-history">Gyarados used <strong>Waterfall</strong>!<br></div><div class="battle-history"><small>It's super effective!</small><br></div><div class="battle-history"><small>(The opposing Landorus lost <abbr title="−264/382">69.1%</abbr> of its health!)</small><br></div><div class="battle-history"><small>Gyarados was hurt by the Rocky Helmet!</small><br></div><div class="spacer battle-history"><br></div><div class="battle-history">The opposing Landorus used <strong>U-turn</strong>!<br></div><div class="battle-history"><small>It's super effective!</small><br></div><div class="battle-history"><small>(Gyarados lost <abbr title="−112/331">33.8%</abbr> of its health!)</small><br></div><div class="spacer battle-history"><br></div><div class="battle-history">Gyarados fainted!<br></div><div class="spacer battle-history"><br></div><div class="battle-history">The opposing Landorus went back to Cacoxd!<br></div><div class="battle-history">Cacoxd sent out Rotom (<strong>Rotom-Wash</strong>)!<br></div><div class="battle-history"><small>Pointed stones dug into the opposing Rotom!</small><br></div><div class="spacer battle-history"><br></div><div class="battle-history"><small>The opposing Rotom restored a little HP using its Leftovers!</small><br></div><div class="spacer battle-history"><br></div><div class="battle-history">Go! <strong>Serperior</strong>!<br></div><div class="battle-history"><small>Pointed stones dug into Serperior!</small><br></div><div class="spacer battle-history"><br></div><h2 class="battle-history">Turn 10</h2><div class="spacer battle-history"><br></div><div class="battle-history">Serperior used <strong>Substitute</strong>!<br></div><div class="battle-history"><small>Serperior put in a substitute!</small><br></div><div class="battle-history"><small>(Serperior lost <abbr title="−76/305">24.9%</abbr> of its health!)</small><br></div><div class="spacer battle-history"><br></div><div class="battle-history">The opposing Rotom used <strong>Volt Switch</strong>!<br></div><div class="battle-history"><small>It's not very effective...</small><br></div><div class="battle-history"><small>The substitute took damage for Serperior!</small><br></div><div class="spacer battle-history"><br></div><div class="battle-history">The opposing Rotom went back to Cacoxd!<br></div><div class="battle-history">Cacoxd sent out Venusaur (<strong>Venusaur-Mega</strong>)!<br></div><div class="battle-history"><small>Pointed stones dug into the opposing Venusaur!</small><br></div><div class="spacer battle-history"><br></div><div class="battle-history"><small>Serperior restored a little HP using its Leftovers!</small><br></div><div class="spacer battle-history"><br></div><h2 class="battle-history">Turn 11</h2><div class="spacer battle-history"><br></div><div class="battle-history">Serperior used <strong>Leaf Storm</strong>!<br></div><div class="battle-history"><small>It's not very effective...</small><br></div><div class="battle-history"><small>(The opposing Venusaur lost <abbr title="−34/364">9.3%</abbr> of its health!)</small><br></div><div class="battle-history"><small>Serperior's Special Attack rose sharply!</small><br></div><div class="spacer battle-history"><br></div><div class="battle-history">The opposing Venusaur used <strong>Sludge Bomb</strong>!<br></div><div class="battle-history"><small>It's super effective!</small><br></div><div class="battle-history"><small>Serperior's substitute faded!</small><br></div><div class="spacer battle-history"><br></div><div class="battle-history"><small>Serperior restored a little HP using its Leftovers!</small><br></div><div class="battle-history"><small>The electricity disappeared from the battlefield.</small><br></div><div class="spacer battle-history"><br></div><h2 class="battle-history">Turn 12</h2><div class="spacer battle-history"><br></div><div class="battle-history">Serperior, come back!<br></div><div class="battle-history">Go! <strong>Blacephalon</strong>!<br></div><div class="battle-history"><small>Pointed stones dug into Blacephalon!</small><br></div><div class="spacer battle-history"><br></div><div class="battle-history">The opposing Venusaur used <strong>Sludge Bomb</strong>!<br></div><div class="battle-history"><small>It's not very effective...</small><br></div><div class="battle-history"><small>(Blacephalon lost <abbr title="−72/247">29.1%</abbr> of its health!)</small><br></div><div class="spacer battle-history"><br></div><h2 class="battle-history">Turn 13</h2><div class="spacer battle-history"><br></div><div class="battle-history">Blacephalon used <strong>Substitute</strong>!<br></div><div class="battle-history"><small>Blacephalon put in a substitute!</small><br></div><div class="battle-history"><small>(Blacephalon lost <abbr title="−61/247">24.7%</abbr> of its health!)</small><br></div><div class="spacer battle-history"><br></div><div class="battle-history">The opposing Venusaur is paralyzed! It can't move!<br></div><div class="spacer battle-history"><br></div><h2 class="battle-history">Turn 14</h2><div class="spacer battle-history"><br></div><div class="battle-history">Blacephalon used <strong>Flame Charge</strong>!<br></div><div class="battle-history"><small>It's super effective!</small><br></div><div class="battle-history"><small>(The opposing Venusaur lost <abbr title="−44/364">12.1%</abbr> of its health!)</small><br></div><div class="battle-history"><small>Blacephalon's Speed rose!</small><br></div><div class="spacer battle-history"><br></div><div class="battle-history">The opposing Venusaur is paralyzed! It can't move!<br></div><div class="spacer battle-history"><br></div><h2 class="battle-history">Turn 15</h2><div class="spacer battle-history"><br></div><div class="battle-history">Blacephalon used <strong>Flamethrower</strong>!<br></div><div class="battle-history"><small>It's super effective!</small><br></div><div class="battle-history"><small>(The opposing Venusaur lost <abbr title="−144/364">39.6%</abbr> of its health!)</small><br></div><div class="spacer battle-history"><br></div><div class="battle-history">The opposing Venusaur used <strong>Giga Drain</strong>!<br></div><div class="battle-history"><small>It's not very effective...</small><br></div><div class="battle-history"><small>Blacephalon's substitute faded!</small><br></div><div class="battle-history"><small>Blacephalon had its energy drained!</small><br></div><div class="spacer battle-history"><br></div><h2 class="battle-history">Turn 16</h2><div class="spacer battle-history"><br></div><div class="battle-history">Blacephalon used <strong>Flamethrower</strong>!<br></div><div class="battle-history"><small>It's super effective!</small><br></div><div class="battle-history"><small>(The opposing Venusaur lost <abbr title="−128/364">35.2%</abbr> of its health!)</small><br></div><div class="spacer battle-history"><br></div><div class="battle-history">The opposing Venusaur fainted!<br></div><div class="battle-history"><small>[Blacephalon's Beast Boost]</small><br></div><div class="battle-history"><small>Blacephalon's Special Attack rose!</small><br></div><div class="spacer battle-history"><br></div><div class="battle-history">Cacoxd sent out <strong>Mimikyu</strong>!<br></div><div class="battle-history"><small>Pointed stones dug into the opposing Mimikyu!</small><br></div><div class="spacer battle-history"><br></div><h2 class="battle-history">Turn 17</h2><div class="spacer battle-history"><br></div><div class="battle-history">Blacephalon used <strong>Shadow Ball</strong>!<br></div><div class="battle-history"><small>[The opposing Mimikyu's Disguise]</small><br><small>Its disguise served it as a decoy!</small><br></div><div class="battle-history"><small>(The opposing Mimikyu lost <abbr title="0/251">0%</abbr> of its health!)</small><br></div><div class="battle-history">The opposing Mimikyu's disguise was busted!<br></div><div class="spacer battle-history"><br></div><div class="battle-history">The opposing Mimikyu used <strong>Swords Dance</strong>!<br></div><div class="battle-history"><small>The opposing Mimikyu's Attack rose sharply!</small><br></div><div class="spacer battle-history"><br></div><h2 class="battle-history">Turn 18</h2><div class="spacer battle-history"><br></div><div class="battle-history">The opposing Mimikyu used <strong>Shadow Sneak</strong>!<br></div><div class="battle-history"><small>It's super effective!</small><br></div><div class="battle-history"><small>(Blacephalon lost <abbr title="−53/247">21.5%</abbr> of its health!)</small><br></div><div class="spacer battle-history"><br></div><div class="battle-history">Blacephalon fainted!<br></div><div class="spacer battle-history"><br></div><div class="battle-history">Go! <strong>Zygarde</strong>!<br></div><div class="battle-history"><small>Pointed stones dug into Zygarde!</small><br></div><div class="battle-history"><small>[Zygarde's Aura Break]</small><br><small>Zygarde reversed all other Pokémon's auras!</small><br></div><div class="spacer battle-history"><br></div><h2 class="battle-history">Turn 19</h2><div class="spacer battle-history"><br></div><div class="battle-history"><small>The opposing Mimikyu surrounded itself with its Z-Power!</small><br></div><div class="spacer battle-history"><br></div><div class="battle-history">The opposing Mimikyu used <strong>Let's Snuggle Forever</strong>!<br></div><div class="battle-history"><small>It's super effective!</small><br></div><div class="battle-history"><small>(Zygarde lost <abbr title="−379/404">93.8%</abbr> of its health!)</small><br></div><div class="spacer battle-history"><br></div><div class="battle-history">Zygarde fainted!<br></div><div class="spacer battle-history"><br></div><div class="battle-history">Go! <strong>Kartana</strong>!<br></div><div class="battle-history"><small>Pointed stones dug into Kartana!</small><br></div><div class="spacer battle-history"><br></div><h2 class="battle-history">Turn 20</h2><div class="spacer battle-history"><br></div><div class="battle-history">Kartana used <strong>Swords Dance</strong>!<br></div><div class="battle-history"><small>Kartana's Attack rose sharply!</small><br></div><div class="spacer battle-history"><br></div><div class="battle-history">The opposing Mimikyu used <strong>Shadow Claw</strong>!<br></div><div class="battle-history"><small>(Kartana lost <abbr title="−166/322">51.6%</abbr> of its health!)</small><br></div><div class="spacer battle-history"><br></div><h2 class="battle-history">Turn 21</h2><div class="spacer battle-history"><br></div><div class="battle-history">The opposing Mimikyu used <strong>Shadow Sneak</strong>!<br></div><div class="battle-history"><small>(Kartana lost <abbr title="−74/322">23.0%</abbr> of its health!)</small><br></div><div class="spacer battle-history"><br></div><div class="battle-history">Kartana fainted!<br></div><div class="spacer battle-history"><br></div><div class="battle-history">Go! <strong>Serperior</strong>!<br></div><div class="battle-history"><small>Pointed stones dug into Serperior!</small><br></div><div class="spacer battle-history"><br></div><h2 class="battle-history">Turn 22</h2><div class="spacer battle-history"><br></div><div class="battle-history">Serperior used <strong>Leaf Storm</strong>!<br></div><div class="battle-history"><small>(The opposing Mimikyu lost <abbr title="−159/251">63.3%</abbr> of its health!)</small><br></div><div class="battle-history"><small>Serperior's Special Attack rose sharply!</small><br></div><div class="spacer battle-history"><br></div><div class="battle-history">The opposing Mimikyu used <strong>Play Rough</strong>!<br></div><div class="battle-history"><small>(Serperior lost <abbr title="−191/305">62.6%</abbr> of its health!)</small><br></div><div class="spacer battle-history"><br></div><div class="battle-history">Serperior fainted!<br></div><div class="spacer battle-history"><br></div><div class="battle-history"><strong>Cacoxd</strong> won the battle!<br></div><div class="chat">Cacoxd ha ganado 5.5 PokeDolares.</div><div class="chat">Puntaje de RvN Baron: 1157 → <strong>1135</strong><br>(-22 por perder)</div><div class="chat">Puntaje de Cacoxd: 1148 → <strong>1179</strong><br>(+31 por ganar)</div></div><div class="inner-preempt"></div></div></div>
</div>
<script>
let daily = Math.floor(Date.now()/1000/60/60/24);document.write('<script src="https://play.pokemonshowdown.com/js/replay-embed.js?version'+daily+'"></'+'script>');
</script>
