<!DOCTYPE html>
<meta charset="utf-8" />
<!-- version 1 -->
<title>OU replay: No man's hax vs. Gеrard Way</title>
<style>
html,body {font-family:Verdana, sans-serif;font-size:10pt;margin:0;padding:0;}body{padding:12px 0;} .battle-log {font-family:Verdana, sans-serif;font-size:10pt;} .battle-log-inline {border:1px solid #AAAAAA;background:#EEF2F5;color:black;max-width:640px;margin:0 auto 80px;padding-bottom:5px;} .battle-log .inner {padding:4px 8px 0px 8px;} .battle-log .inner-preempt {padding:0 8px 4px 8px;} .battle-log .inner-after {margin-top:0.5em;} .battle-log h2 {margin:0.5em -8px;padding:4px 8px;border:1px solid #AAAAAA;background:#E0E7EA;border-left:0;border-right:0;font-family:Verdana, sans-serif;font-size:13pt;} .battle-log .chat {vertical-align:middle;padding:3px 0 3px 0;font-size:8pt;} .battle-log .chat strong {color:#40576A;} .battle-log .chat em {padding:1px 4px 1px 3px;color:#000000;font-style:normal;} .chat.mine {background:rgba(0,0,0,0.05);margin-left:-8px;margin-right:-8px;padding-left:8px;padding-right:8px;} .spoiler {color:#BBBBBB;background:#BBBBBB;padding:0px 3px;} .spoiler:hover, .spoiler:active, .spoiler-shown {color:#000000;background:#E2E2E2;padding:0px 3px;} .spoiler a {color:#BBBBBB;} .spoiler:hover a, .spoiler:active a, .spoiler-shown a {color:#2288CC;} .chat code, .chat .spoiler:hover code, .chat .spoiler:active code, .chat .spoiler-shown code {border:1px solid #C0C0C0;background:#EEEEEE;color:black;padding:0 2px;} .chat .spoiler code {border:1px solid #CCCCCC;background:#CCCCCC;color:#CCCCCC;} .battle-log .rated {padding:3px 4px;} .battle-log .rated strong {color:white;background:#89A;padding:1px 4px;border-radius:4px;} .spacer {margin-top:0.5em;} .message-announce {background:#6688AA;color:white;padding:1px 4px 2px;} .message-announce a, .broadcast-green a, .broadcast-blue a, .broadcast-red a {color:#DDEEFF;} .broadcast-green {background-color:#559955;color:white;padding:2px 4px;} .broadcast-blue {background-color:#6688AA;color:white;padding:2px 4px;} .infobox {border:1px solid #6688AA;padding:2px 4px;} .infobox-limited {max-height:200px;overflow:auto;overflow-x:hidden;} .broadcast-red {background-color:#AA5544;color:white;padding:2px 4px;} .message-learn-canlearn {font-weight:bold;color:#228822;text-decoration:underline;} .message-learn-cannotlearn {font-weight:bold;color:#CC2222;text-decoration:underline;} .message-effect-weak {font-weight:bold;color:#CC2222;} .message-effect-resist {font-weight:bold;color:#6688AA;} .message-effect-immune {font-weight:bold;color:#666666;} .message-learn-list {margin-top:0;margin-bottom:0;} .message-throttle-notice, .message-error {color:#992222;} .message-overflow, .chat small.message-overflow {font-size:0pt;} .message-overflow::before {font-size:9pt;content:'...';} .subtle {color:#3A4A66;}
</style>
<div class="wrapper replay-wrapper" style="max-width:1180px;margin:0 auto">
<input type="hidden" name="replayid" value="destiny-ou-525102" />
<div class="battle"></div><div class="battle-log"></div><div class="replay-controls"></div><div class="replay-controls-2"></div>
<h1 style="font-weight:normal;text-align:center"><strong>OU</strong><br /><a href="http://pokemonshowdown.com/users/nomanshax" class="subtle" target="_blank">No man's hax</a> vs. <a href="http://pokemonshowdown.com/users/grardway" class="subtle" target="_blank">Gеrard Way</a></h1>
<script type="text/plain" class="battle-log-data">|player|p1|No man's hax|nomanshax-14.gif?13a725f6
|teamsize|p1|6
|player|p2|Gеrard Way|grardway-2.gif?5e0975df
|teamsize|p2|6
|teamsize|p1|6
|teamsize|p2|6
|gametype|singles
|gen|7
|tier|OU
|seed|47322,25034,47268,64172
|rule|Cláusula-Mod de Dormir: solo puedes dormir a uno de tus oponentes a la vez.
|rule|Cláusula de Especie: Hasta un Pokémon de cada especie
|rule|Cláusula de Golpe Fulminante: los movimientos fulminantes (OHKO) estan prohibidos
|rule|Cláusula de Veleta: la habilidad Veleta está prohibida
|rule|Cláusula de Movimientos Evasivos: los movimientos de Evasión están prohibidos.
|rule|Cláusula de Batallas Eternas: forzar batallas eternas está prohibido
|clearpoke
|poke|p1|Pelipper, M|item
|poke|p1|Mawile, F|item
|poke|p1|Kingdra, F|item
|poke|p1|Stunfisk, M|item
|poke|p1|Volcarona, M|item
|poke|p1|Tapu Bulu|item
|poke|p2|Gastrodon-East, M|item
|poke|p2|Meganium, F|item
|poke|p2|Heatran, M|item
|poke|p2|Zygarde|item
|poke|p2|Sylveon, F|item
|poke|p2|Tornadus-Therian, M|item
|teampreview|undefined
|c|☆No man's hax|
|choice|*team 123456|*
|c|☆Gеrard Way|
|choice|*|*team 123456
|choice|team 1, 2, 3, 4, 5, 6|team 1, 2, 3, 4, 5, 6
|
|start
|switch|p1a: Pelipper|Pelipper, M|323\/323
|switch|p2a: Gastrodon|Gastrodon-East, M|425\/425
|-weather|RainDance|[from] ability: Drizzle|[of] p1a: Pelipper
|turn|1
|c|☆No man's hax|
|choice|*move 2|*
|choice|*|*move 3
|choice|move uturn|move toxic
|
|move|p1a: Pelipper|U-turn|p2a: Gastrodon
|-damage|p2a: Gastrodon|395\/425
|choice|*switch 6|*
|choice|switch 6|
|
|switch|p1a: Tapu Bulu|Tapu Bulu|311\/311|[from]move: U-turn
|-fieldstart|move: Grassy Terrain|[from] ability: Grassy Surge|[of] p1a: Tapu Bulu
|move|p2a: Gastrodon|Toxic|p1a: Tapu Bulu
|-status|p1a: Tapu Bulu|tox
|
|-weather|RainDance|[upkeep]
|-heal|p2a: Gastrodon|421\/425|[from] item: Leftovers
|-heal|p2a: Gastrodon|425\/425|[from] Grassy Terrain
|-damage|p1a: Tapu Bulu|292\/311 tox|[from] psn
|upkeep
|turn|2
|choice|*move 2|*
|choice|*|*switch 6
|choice|move stoneedge|switch 6
|
|switch|p2a: Tornadus|Tornadus-Therian, M|362\/362
|move|p1a: Tapu Bulu|Stone Edge|p2a: Tornadus
|-supereffective|p2a: Tornadus
|-damage|p2a: Tornadus|56\/362
|
|-weather|RainDance|[upkeep]
|-heal|p1a: Tapu Bulu|311\/311 tox|[from] Grassy Terrain
|-damage|p1a: Tapu Bulu|273\/311 tox|[from] psn
|upkeep
|turn|3
|c|☆Gеrard Way|0
|choice|*|*move 1
|choice|*|*move 1
|choice|*|*move 1
|c|☆Gеrard Way|👀
|player|p2|
|player|p2|Gеrard Way|grardway-2.gif?5e0975df
|choice|*move 2|*
|choice|move stoneedge|move hurricane
|
|move|p2a: Tornadus|Hurricane|p1a: Tapu Bulu
|-supereffective|p1a: Tapu Bulu
|-damage|p1a: Tapu Bulu|63\/311 tox
|move|p1a: Tapu Bulu|Stone Edge|p2a: Tornadus
|-supereffective|p2a: Tornadus
|-damage|p2a: Tornadus|0 fnt
|faint|p2a: Tornadus
|
|-weather|RainDance|[upkeep]
|-heal|p1a: Tapu Bulu|82\/311 tox|[from] Grassy Terrain
|-damage|p1a: Tapu Bulu|25\/311 tox|[from] psn
|upkeep
|choice|*|*switch 4
|choice||switch 4
|
|switch|p2a: Zygarde|Zygarde|416\/416
|-ability|p2a: Zygarde|Aura Break
|turn|4
|choice|*|*move 4
|choice|*move 1|*
|choice|*|*move 3
|choice|move hornleech|move protect
|
|move|p2a: Zygarde|Protect|p2a: Zygarde
|-singleturn|p2a: Zygarde|Protect
|move|p1a: Tapu Bulu|Horn Leech|p2a: Zygarde
|-activate|p2a: Zygarde|move: Protect
|
|-weather|RainDance|[upkeep]
|-heal|p1a: Tapu Bulu|44\/311 tox|[from] Grassy Terrain
|-damage|p1a: Tapu Bulu|0 fnt|[from] psn
|upkeep
|faint|p1a: Tapu Bulu
|choice|*switch 3|*
|choice|switch 3|
|
|switch|p1a: Kingdra|Kingdra, F|291\/291
|turn|5
|choice|*move 3|*
|choice|*|*switch 6
|choice|move dracometeor|switch 6
|
|switch|p2a: Gastrodon|Gastrodon-East, M|425\/425
|move|p1a: Kingdra|Draco Meteor|p2a: Gastrodon
|-damage|p2a: Gastrodon|154\/425
|-unboost|p1a: Kingdra|spa|2
|
|-weather|RainDance|[upkeep]
|-heal|p2a: Gastrodon|180\/425|[from] item: Leftovers
|-heal|p2a: Gastrodon|206\/425|[from] Grassy Terrain
|-fieldend|move: Grassy Terrain
|upkeep
|turn|6
|choice|*switch 5|*
|choice|*|*move 2
|choice|switch 5|move recover
|
|switch|p1a: Volcarona|Volcarona, M|373\/373
|move|p2a: Gastrodon|Recover|p2a: Gastrodon
|-heal|p2a: Gastrodon|419\/425
|
|-weather|RainDance|[upkeep]
|-heal|p2a: Gastrodon|425\/425|[from] item: Leftovers
|upkeep
|turn|7
|choice|*|*move 3
|choice|*switch 2|*
|choice|switch 2|move toxic
|
|switch|p1a: Mawile|Mawile, F|281\/281
|-ability|p1a: Mawile|Intimidate|boost
|-unboost|p2a: Gastrodon|atk|1
|move|p2a: Gastrodon|Toxic|p1a: Mawile
|-immune|p1a: Mawile|[msg]
|
|-weather|RainDance|[upkeep]
|upkeep
|turn|8
|choice|*move 2 mega|*
|choice|*|*switch 3
|choice|move playrough mega|switch 3
|
|switch|p2a: Heatran|Heatran, M|323\/323
|-mega|p1a: Mawile|Mawile|Mawilite
|detailschange|p1a: Mawile|Mawile-Mega, F
|move|p1a: Mawile|Play Rough|p2a: Heatran
|-resisted|p2a: Heatran
|-damage|p2a: Heatran|254\/323
|
|-weather|none
|upkeep
|turn|9
|choice|*move 1|*
|choice|*|*move 4
|choice|move focuspunch|move stealthrock
|
|-singleturn|p1a: Mawile|move: Focus Punch
|move|p2a: Heatran|Stealth Rock|p1a: Mawile
|-sidestart|p1: No man's hax|move: Stealth Rock
|move|p1a: Mawile|Focus Punch|p2a: Heatran
|-supereffective|p2a: Heatran
|-damage|p2a: Heatran|0 fnt
|faint|p2a: Heatran
|
|upkeep
|choice|*|*switch 6
|choice||switch 6
|
|switch|p2a: Zygarde|Zygarde|416\/416
|-ability|p2a: Zygarde|Aura Break
|turn|10
|choice|*|*move 1
|choice|*switch 4|*
|choice|switch 4|move thousandarrows
|
|switch|p1a: Stunfisk|Stunfisk, M|416\/416
|-damage|p1a: Stunfisk|390\/416|[from] Stealth Rock
|move|p2a: Zygarde|Thousand Arrows|p1a: Stunfisk
|-supereffective|p1a: Stunfisk
|-damage|p1a: Stunfisk|184\/416
|
|-heal|p1a: Stunfisk|210\/416|[from] item: Leftovers
|upkeep
|turn|11
|c|+A Lunatic's Lament|Oa
|choice|*move 2|*
|choice|*move 2|*
|choice|*|*switch 3
|choice|move scald|switch 3
|
|switch|p2a: Gastrodon|Gastrodon-East, M|425\/425
|move|p1a: Stunfisk|Scald|p2a: Gastrodon
|-ability|p2a: Gastrodon|Storm Drain|boost
|-boost|p2a: Gastrodon|spa|1
|
|-heal|p1a: Stunfisk|236\/416|[from] item: Leftovers
|upkeep
|turn|12
|choice|*|*move 1
|choice|*|*move 1
|choice|*|*switch 3
|choice|*|*switch 3
|choice|*|*move 1
|player|p2|
|player|p2|Gеrard Way|grardway-2.gif?5e0975df
|choice|*move 4|*
|choice|move stealthrock|move scald
|
|move|p2a: Gastrodon|Scald|p1a: Stunfisk
|-supereffective|p1a: Stunfisk
|-damage|p1a: Stunfisk|8\/416
|move|p1a: Stunfisk|Stealth Rock|p2a: Gastrodon
|-sidestart|p2: Gеrard Way|move: Stealth Rock
|
|-heal|p1a: Stunfisk|34\/416|[from] item: Leftovers
|upkeep
|turn|13
|choice|*move 3|*
|choice|*|*move 1
|choice|move earthpower|move scald
|
|move|p2a: Gastrodon|Scald|p1a: Stunfisk
|-supereffective|p1a: Stunfisk
|-damage|p1a: Stunfisk|0 fnt
|faint|p1a: Stunfisk
|
|upkeep
|choice|*switch 4|*
|choice|switch 4|
|
|switch|p1a: Mawile|Mawile-Mega, F|281\/281
|-damage|p1a: Mawile|264\/281|[from] Stealth Rock
|turn|14
|choice|*move 2|*
|choice|*|*switch 5
|choice|move playrough|switch 5
|
|switch|p2a: Sylveon|Sylveon, F|394\/394
|-damage|p2a: Sylveon|345\/394|[from] Stealth Rock
|move|p1a: Mawile|Play Rough|p2a: Sylveon
|-damage|p2a: Sylveon|83\/394
|
|-heal|p2a: Sylveon|107\/394|[from] item: Leftovers
|upkeep
|turn|15
|choice|*move 2|*
|choice|*|*move 1
|choice|move playrough|move hypervoice
|
|move|p1a: Mawile|Play Rough|p2a: Sylveon
|-damage|p2a: Sylveon|0 fnt
|faint|p2a: Sylveon
|
|upkeep
|choice|*|*switch 3
|choice||switch 3
|
|switch|p2a: Zygarde|Zygarde|416\/416
|-damage|p2a: Zygarde|390\/416|[from] Stealth Rock
|-ability|p2a: Zygarde|Aura Break
|turn|16
|choice|*switch 6|*
|choice|*|*move 1
|choice|switch 6|move thousandarrows
|
|switch|p1a: Pelipper|Pelipper, M|323\/323
|-damage|p1a: Pelipper|243\/323|[from] Stealth Rock
|-weather|RainDance|[from] ability: Drizzle|[of] p1a: Pelipper
|move|p2a: Zygarde|Thousand Arrows|p1a: Pelipper
|-damage|p1a: Pelipper|168\/323
|-start|p1a: Pelipper|Smack Down
|
|-weather|RainDance|[upkeep]
|-heal|p2a: Zygarde|416\/416|[from] item: Leftovers
|upkeep
|turn|17
|choice|*|*move 4
|choice|*move 2|*
|choice|move uturn|move dragondance
|
|move|p2a: Zygarde|Dragon Dance|p2a: Zygarde
|-boost|p2a: Zygarde|atk|1
|-boost|p2a: Zygarde|spe|1
|move|p1a: Pelipper|U-turn|p2a: Zygarde
|-damage|p2a: Zygarde|398\/416
|choice|*switch 5|*
|choice|switch 5|
|
|switch|p1a: Kingdra|Kingdra, F|291\/291|[from]move: U-turn
|-damage|p1a: Kingdra|255\/291|[from] Stealth Rock
|
|-weather|RainDance|[upkeep]
|-heal|p2a: Zygarde|416\/416|[from] item: Leftovers
|upkeep
|turn|18
|choice|*switch 6|*
|choice|*|*move 3
|choice|switch 6|move protect
|
|switch|p1a: Mawile|Mawile-Mega, F|264\/281
|-damage|p1a: Mawile|247\/281|[from] Stealth Rock
|move|p2a: Zygarde|Protect|p2a: Zygarde
|-fail|p2a: Zygarde
|
|-weather|RainDance|[upkeep]
|upkeep
|turn|19
|choice|*move 2|*
|choice|*|*move 1
|choice|move playrough|move thousandarrows
|
|move|p2a: Zygarde|Thousand Arrows|p1a: Mawile
|-supereffective|p1a: Mawile
|-damage|p1a: Mawile|0 fnt
|faint|p1a: Mawile
|
|-weather|RainDance|[upkeep]
|upkeep
|c|☆No man's hax|welp,gg
|-message|No man's hax se rindió.
|
|win|Gеrard Way
|c|☆Gеrard Way|lmao
</script>
</div>
<div class="battle-log battle-log-inline"><div class="inner"><div class="battle-options"></div><div class="inner"><div class=""><small>Format:</small> <br><strong>OU</strong></div><div class=""><small><em>Cláusula-Mod de Dormir:</em> solo puedes dormir a uno de tus oponentes a la vez.</small></div><div class=""><small><em>Cláusula de Especie:</em> Hasta un Pokémon de cada especie</small></div><div class=""><small><em>Cláusula de Golpe Fulminante:</em> los movimientos fulminantes (OHKO) estan prohibidos</small></div><div class=""><small><em>Cláusula de Veleta:</em> la habilidad Veleta está prohibida</small></div><div class=""><small><em>Cláusula de Movimientos Evasivos:</em> los movimientos de Evasión están prohibidos.</small></div><div class=""><small><em>Cláusula de Batallas Eternas:</em> forzar batallas eternas está prohibido</small></div><div class="chat battle-history"><strong>No man's hax's team:</strong> <em style="color:#445566;display:block;">Pelipper / Mawile / Kingdra / Stunfisk / Volcarona / Tapu Bulu</em></div><div class="chat battle-history"><strong>Gеrard Way's team:</strong> <em style="color:#445566;display:block;">Gastrodon-East / Meganium / Heatran / Zygarde / Sylveon / Tornadus-Therian</em></div><div class="chat chatmessage-nomanshax"><strong style="color:hsl(105,82%,35%)"><small>☆</small><span class="username" data-name="No man's hax">No man's hax</span>:</strong> <em></em></div><div class="chat chatmessage-grardway"><strong style="color:hsl(23,56%,44%)"><small>☆</small><span class="username" data-name="Gеrard Way">Gеrard Way</span>:</strong> <em></em></div><div class="spacer battle-history"><br></div><div class="battle-history">Battle started between No man's hax and Gеrard Way!<br></div><div class="spacer battle-history"><br></div><div class="battle-history">Go! <strong>Pelipper</strong>!<br></div><div class="spacer battle-history"><br></div><div class="battle-history">Gеrard Way sent out Gastrodon (<strong>Gastrodon-East</strong>)!<br></div><div class="battle-history"><small>[Pelipper's Drizzle]</small><br><small>It started to rain!</small><br></div><div class="spacer battle-history"><br></div><h2 class="battle-history">Turn 1</h2><div class="chat chatmessage-nomanshax"><strong style="color:hsl(105,82%,35%)"><small>☆</small><span class="username" data-name="No man's hax">No man's hax</span>:</strong> <em></em></div><div class="spacer battle-history"><br></div><div class="battle-history">Pelipper used <strong>U-turn</strong>!<br></div><div class="battle-history"><small>(The opposing Gastrodon lost <abbr title="−30/425">7.1%</abbr> of its health!)</small><br></div><div class="spacer battle-history"><br></div><div class="battle-history">Pelipper went back to No man's hax!<br></div><div class="battle-history">Go! <strong>Tapu Bulu</strong>!<br></div><div class="battle-history"><small>[Tapu Bulu's Grassy Surge]</small><br><small>Grass grew to cover the battlefield!</small><br></div><div class="spacer battle-history"><br></div><div class="battle-history">The opposing Gastrodon used <strong>Toxic</strong>!<br></div><div class="battle-history"><small>Tapu Bulu was badly poisoned!</small><br></div><div class="spacer battle-history"><br></div><div class="battle-history"><small>(Rain continues to fall!)</small><br></div><div class="battle-history"><small>The opposing Gastrodon restored a little HP using its Leftovers!</small><br></div><div class="battle-history"><small>The opposing Gastrodon restored HP using its Grassy Terrain!</small><br></div><div class="battle-history"><small>Tapu Bulu was hurt by poison!</small><br></div><div class="spacer battle-history"><br></div><h2 class="battle-history">Turn 2</h2><div class="spacer battle-history"><br></div><div class="battle-history">Gеrard Way withdrew Gastrodon!<br></div><div class="battle-history">Gеrard Way sent out Tornadus (<strong>Tornadus-Therian</strong>)!<br></div><div class="spacer battle-history"><br></div><div class="battle-history">Tapu Bulu used <strong>Stone Edge</strong>!<br></div><div class="battle-history"><small>It's super effective!</small><br></div><div class="battle-history"><small>(The opposing Tornadus lost <abbr title="−306/362">84.5%</abbr> of its health!)</small><br></div><div class="spacer battle-history"><br></div><div class="battle-history"><small>(Rain continues to fall!)</small><br></div><div class="battle-history"><small>Tapu Bulu restored HP using its Grassy Terrain!</small><br></div><div class="battle-history"><small>Tapu Bulu was hurt by poison!</small><br></div><div class="spacer battle-history"><br></div><h2 class="battle-history">Turn 3</h2><div class="chat chatmessage-grardway"><strong style="color:hsl(23,56%,44%)"><small>☆</small><span class="username" data-name="Gеrard Way">Gеrard Way</span>:</strong> <em>0</em></div><div class="chat chatmessage-grardway"><strong style="color:hsl(23,56%,44%)"><small>☆</small><span class="username" data-name="Gеrard Way">Gеrard Way</span>:</strong> <em>👀</em></div><div class="spacer battle-history"><br></div><div class="battle-history">The opposing Tornadus used <strong>Hurricane</strong>!<br></div><div class="battle-history"><small>It's super effective!</small><br></div><div class="battle-history"><small>(Tapu Bulu lost <abbr title="−210/311">67.5%</abbr> of its health!)</small><br></div><div class="spacer battle-history"><br></div><div class="battle-history">Tapu Bulu used <strong>Stone Edge</strong>!<br></div><div class="battle-history"><small>It's super effective!</small><br></div><div class="battle-history"><small>(The opposing Tornadus lost <abbr title="−56/362">15.5%</abbr> of its health!)</small><br></div><div class="spacer battle-history"><br></div><div class="battle-history">The opposing Tornadus fainted!<br></div><div class="spacer battle-history"><br></div><div class="battle-history"><small>(Rain continues to fall!)</small><br></div><div class="battle-history"><small>Tapu Bulu restored HP using its Grassy Terrain!</small><br></div><div class="battle-history"><small>Tapu Bulu was hurt by poison!</small><br></div><div class="spacer battle-history"><br></div><div class="battle-history">Gеrard Way sent out <strong>Zygarde</strong>!<br></div><div class="battle-history"><small>[The opposing Zygarde's Aura Break]</small><br><small>The opposing Zygarde reversed all other Pokémon's auras!</small><br></div><div class="spacer battle-history"><br></div><h2 class="battle-history">Turn 4</h2><div class="spacer battle-history"><br></div><div class="battle-history">The opposing Zygarde used <strong>Protect</strong>!<br></div><div class="battle-history"><small>The opposing Zygarde protected itself!</small><br></div><div class="spacer battle-history"><br></div><div class="battle-history">Tapu Bulu used <strong>Horn Leech</strong>!<br></div><div class="battle-history"><small>The opposing Zygarde protected itself!</small><br></div><div class="spacer battle-history"><br></div><div class="battle-history"><small>(Rain continues to fall!)</small><br></div><div class="battle-history"><small>Tapu Bulu restored HP using its Grassy Terrain!</small><br></div><div class="battle-history"><small>Tapu Bulu was hurt by poison!</small><br></div><div class="spacer battle-history"><br></div><div class="battle-history">Tapu Bulu fainted!<br></div><div class="spacer battle-history"><br></div><div class="battle-history">Go! <strong>Kingdra</strong>!<br></div><div class="spacer battle-history"><br></div><h2 class="battle-history">Turn 5</h2><div class="spacer battle-history"><br></div><div class="battle-history">Gеrard Way withdrew Zygarde!<br></div><div class="battle-history">Gеrard Way sent out Gastrodon (<strong>Gastrodon-East</strong>)!<br></div><div class="spacer battle-history"><br></div><div class="battle-history">Kingdra used <strong>Draco Meteor</strong>!<br></div><div class="battle-history"><small>(The opposing Gastrodon lost <abbr title="−271/425">63.8%</abbr> of its health!)</small><br></div><div class="battle-history"><small>Kingdra's Special Attack fell harshly!</small><br></div><div class="spacer battle-history"><br></div><div class="battle-history"><small>(Rain continues to fall!)</small><br></div><div class="battle-history"><small>The opposing Gastrodon restored a little HP using its Leftovers!</small><br></div><div class="battle-history"><small>The opposing Gastrodon restored HP using its Grassy Terrain!</small><br></div><div class="battle-history"><small>The grass disappeared from the battlefield.</small><br></div><div class="spacer battle-history"><br></div><h2 class="battle-history">Turn 6</h2><div class="spacer battle-history"><br></div><div class="battle-history">Kingdra, come back!<br></div><div class="battle-history">Go! <strong>Volcarona</strong>!<br></div><div class="spacer battle-history"><br></div><div class="battle-history">The opposing Gastrodon used <strong>Recover</strong>!<br></div><div class="battle-history"><small>The opposing Gastrodon restored its HP.</small><br></div><div class="spacer battle-history"><br></div><div class="battle-history"><small>(Rain continues to fall!)</small><br></div><div class="battle-history"><small>The opposing Gastrodon restored a little HP using its Leftovers!</small><br></div><div class="spacer battle-history"><br></div><h2 class="battle-history">Turn 7</h2><div class="spacer battle-history"><br></div><div class="battle-history">Volcarona, come back!<br></div><div class="battle-history">Go! <strong>Mawile</strong>!<br></div><div class="battle-history"><small>[Mawile's Intimidate]</small><br></div><div class="battle-history"><small>The opposing Gastrodon's Attack fell!</small><br></div><div class="spacer battle-history"><br></div><div class="battle-history">The opposing Gastrodon used <strong>Toxic</strong>!<br></div><div class="battle-history"><small>It doesn't affect Mawile...</small><br></div><div class="spacer battle-history"><br></div><div class="battle-history"><small>(Rain continues to fall!)</small><br></div><div class="spacer battle-history"><br></div><h2 class="battle-history">Turn 8</h2><div class="spacer battle-history"><br></div><div class="battle-history">Gеrard Way withdrew Gastrodon!<br></div><div class="battle-history">Gеrard Way sent out <strong>Heatran</strong>!<br></div><div class="spacer battle-history"><br></div><div class="battle-history"><small>Mawile's Mawilite is reacting to the Key Stone!</small><br>Mawile has Mega Evolved into Mega Mawile!<br></div><div class="spacer battle-history"><br></div><div class="battle-history">Mawile used <strong>Play Rough</strong>!<br></div><div class="battle-history"><small>It's not very effective...</small><br></div><div class="battle-history"><small>(The opposing Heatran lost <abbr title="−69/323">21.4%</abbr> of its health!)</small><br></div><div class="spacer battle-history"><br></div><div class="battle-history"><small>The rain stopped.</small><br></div><div class="spacer battle-history"><br></div><h2 class="battle-history">Turn 9</h2><div class="spacer battle-history"><br></div><div class="battle-history"><small>Mawile is tightening its focus!</small><br></div><div class="spacer battle-history"><br></div><div class="battle-history">The opposing Heatran used <strong>Stealth Rock</strong>!<br></div><div class="battle-history"><small>Pointed stones float in the air around your team!</small><br></div><div class="spacer battle-history"><br></div><div class="battle-history">Mawile used <strong>Focus Punch</strong>!<br></div><div class="battle-history"><small>It's super effective!</small><br></div><div class="battle-history"><small>(The opposing Heatran lost <abbr title="−254/323">78.6%</abbr> of its health!)</small><br></div><div class="spacer battle-history"><br></div><div class="battle-history">The opposing Heatran fainted!<br></div><div class="spacer battle-history"><br></div><div class="battle-history">Gеrard Way sent out <strong>Zygarde</strong>!<br></div><div class="battle-history"><small>[The opposing Zygarde's Aura Break]</small><br><small>The opposing Zygarde reversed all other Pokémon's auras!</small><br></div><div class="spacer battle-history"><br></div><h2 class="battle-history">Turn 10</h2><div class="spacer battle-history"><br></div><div class="battle-history">Mawile, come back!<br></div><div class="battle-history">Go! <strong>Stunfisk</strong>!<br></div><div class="battle-history"><small>Pointed stones dug into Stunfisk!</small><br></div><div class="spacer battle-history"><br></div><div class="battle-history">The opposing Zygarde used <strong>Thousand Arrows</strong>!<br></div><div class="battle-history"><small>It's super effective!</small><br></div><div class="battle-history"><small>(Stunfisk lost <abbr title="−206/416">49.5%</abbr> of its health!)</small><br></div><div class="spacer battle-history"><br></div><div class="battle-history"><small>Stunfisk restored a little HP using its Leftovers!</small><br></div><div class="spacer battle-history"><br></div><h2 class="battle-history">Turn 11</h2><div class="chat chatmessage-alunaticslament"><strong style="color:hsl(83,75%,36.53438543588625%)"><small>+</small><span class="username" data-name="A Lunatic's Lament">A Lunatic's Lament</span>:</strong> <em>Oa</em></div><div class="spacer battle-history"><br></div><div class="battle-history">Gеrard Way withdrew Zygarde!<br></div><div class="battle-history">Gеrard Way sent out Gastrodon (<strong>Gastrodon-East</strong>)!<br></div><div class="spacer battle-history"><br></div><div class="battle-history">Stunfisk used <strong>Scald</strong>!<br></div><div class="battle-history"><small>[The opposing Gastrodon's Storm Drain]</small><br></div><div class="battle-history"><small>The opposing Gastrodon's Special Attack rose!</small><br></div><div class="spacer battle-history"><br></div><div class="battle-history"><small>Stunfisk restored a little HP using its Leftovers!</small><br></div><div class="spacer battle-history"><br></div><h2 class="battle-history">Turn 12</h2><div class="spacer battle-history"><br></div><div class="battle-history">The opposing Gastrodon used <strong>Scald</strong>!<br></div><div class="battle-history"><small>It's super effective!</small><br></div><div class="battle-history"><small>(Stunfisk lost <abbr title="−228/416">54.8%</abbr> of its health!)</small><br></div><div class="spacer battle-history"><br></div><div class="battle-history">Stunfisk used <strong>Stealth Rock</strong>!<br></div><div class="battle-history"><small>Pointed stones float in the air around the opposing team!</small><br></div><div class="spacer battle-history"><br></div><div class="battle-history"><small>Stunfisk restored a little HP using its Leftovers!</small><br></div><div class="spacer battle-history"><br></div><h2 class="battle-history">Turn 13</h2><div class="spacer battle-history"><br></div><div class="battle-history">The opposing Gastrodon used <strong>Scald</strong>!<br></div><div class="battle-history"><small>It's super effective!</small><br></div><div class="battle-history"><small>(Stunfisk lost <abbr title="−34/416">8.2%</abbr> of its health!)</small><br></div><div class="spacer battle-history"><br></div><div class="battle-history">Stunfisk fainted!<br></div><div class="spacer battle-history"><br></div><div class="battle-history">Go! Mawile (<strong>Mawile-Mega</strong>)!<br></div><div class="battle-history"><small>Pointed stones dug into Mawile!</small><br></div><div class="spacer battle-history"><br></div><h2 class="battle-history">Turn 14</h2><div class="spacer battle-history"><br></div><div class="battle-history">Gеrard Way withdrew Gastrodon!<br></div><div class="battle-history">Gеrard Way sent out <strong>Sylveon</strong>!<br></div><div class="battle-history"><small>Pointed stones dug into the opposing Sylveon!</small><br></div><div class="spacer battle-history"><br></div><div class="battle-history">Mawile used <strong>Play Rough</strong>!<br></div><div class="battle-history"><small>(The opposing Sylveon lost <abbr title="−262/394">66.5%</abbr> of its health!)</small><br></div><div class="spacer battle-history"><br></div><div class="battle-history"><small>The opposing Sylveon restored a little HP using its Leftovers!</small><br></div><div class="spacer battle-history"><br></div><h2 class="battle-history">Turn 15</h2><div class="spacer battle-history"><br></div><div class="battle-history">Mawile used <strong>Play Rough</strong>!<br></div><div class="battle-history"><small>(The opposing Sylveon lost <abbr title="−107/394">27.2%</abbr> of its health!)</small><br></div><div class="spacer battle-history"><br></div><div class="battle-history">The opposing Sylveon fainted!<br></div><div class="spacer battle-history"><br></div><div class="battle-history">Gеrard Way sent out <strong>Zygarde</strong>!<br></div><div class="battle-history"><small>Pointed stones dug into the opposing Zygarde!</small><br></div><div class="battle-history"><small>[The opposing Zygarde's Aura Break]</small><br><small>The opposing Zygarde reversed all other Pokémon's auras!</small><br></div><div class="spacer battle-history"><br></div><h2 class="battle-history">Turn 16</h2><div class="spacer battle-history"><br></div><div class="battle-history">Mawile, come back!<br></div><div class="battle-history">Go! <strong>Pelipper</strong>!<br></div><div class="battle-history"><small>Pointed stones dug into Pelipper!</small><br></div><div class="battle-history"><small>[Pelipper's Drizzle]</small><br><small>It started to rain!</small><br></div><div class="spacer battle-history"><br></div><div class="battle-history">The opposing Zygarde used <strong>Thousand Arrows</strong>!<br></div><div class="battle-history"><small>(Pelipper lost <abbr title="−75/323">23.2%</abbr> of its health!)</small><br></div><div class="battle-history"><small>Pelipper fell straight down!</small><br></div><div class="spacer battle-history"><br></div><div class="battle-history"><small>(Rain continues to fall!)</small><br></div><div class="battle-history"><small>The opposing Zygarde restored a little HP using its Leftovers!</small><br></div><div class="spacer battle-history"><br></div><h2 class="battle-history">Turn 17</h2><div class="spacer battle-history"><br></div><div class="battle-history">The opposing Zygarde used <strong>Dragon Dance</strong>!<br></div><div class="battle-history"><small>The opposing Zygarde's Attack rose!</small><br></div><div class="battle-history"><small>The opposing Zygarde's Speed rose!</small><br></div><div class="spacer battle-history"><br></div><div class="battle-history">Pelipper used <strong>U-turn</strong>!<br></div><div class="battle-history"><small>(The opposing Zygarde lost <abbr title="−18/416">4.3%</abbr> of its health!)</small><br></div><div class="spacer battle-history"><br></div><div class="battle-history">Pelipper went back to No man's hax!<br></div><div class="battle-history">Go! <strong>Kingdra</strong>!<br></div><div class="battle-history"><small>Pointed stones dug into Kingdra!</small><br></div><div class="spacer battle-history"><br></div><div class="battle-history"><small>(Rain continues to fall!)</small><br></div><div class="battle-history"><small>The opposing Zygarde restored a little HP using its Leftovers!</small><br></div><div class="spacer battle-history"><br></div><h2 class="battle-history">Turn 18</h2><div class="spacer battle-history"><br></div><div class="battle-history">Kingdra, come back!<br></div><div class="battle-history">Go! Mawile (<strong>Mawile-Mega</strong>)!<br></div><div class="battle-history"><small>Pointed stones dug into Mawile!</small><br></div><div class="spacer battle-history"><br></div><div class="battle-history">The opposing Zygarde used <strong>Protect</strong>!<br></div><div class="battle-history"><small>But it failed!</small><br></div><div class="spacer battle-history"><br></div><div class="battle-history"><small>(Rain continues to fall!)</small><br></div><div class="spacer battle-history"><br></div><h2 class="battle-history">Turn 19</h2><div class="spacer battle-history"><br></div><div class="battle-history">The opposing Zygarde used <strong>Thousand Arrows</strong>!<br></div><div class="battle-history"><small>It's super effective!</small><br></div><div class="battle-history"><small>(Mawile lost <abbr title="−247/281">87.9%</abbr> of its health!)</small><br></div><div class="spacer battle-history"><br></div><div class="battle-history">Mawile fainted!<br></div><div class="spacer battle-history"><br></div><div class="battle-history"><small>(Rain continues to fall!)</small><br></div><div class="chat chatmessage-nomanshax"><strong style="color:hsl(105,82%,35%)"><small>☆</small><span class="username" data-name="No man's hax">No man's hax</span>:</strong> <em>welp,gg</em></div><div class="spacer battle-history"><br></div><div class="battle-history"><small>No man's hax se rindió.</small><br></div><div class="spacer battle-history"><br></div><div class="battle-history"><strong>Gеrard Way</strong> won the battle!<br></div><div class="chat chatmessage-grardway"><strong style="color:hsl(23,56%,44%)"><small>☆</small><span class="username" data-name="Gеrard Way">Gеrard Way</span>:</strong> <em>lmao</em></div></div><div class="inner-preempt"></div></div></div>
</div>
<script>
let daily = Math.floor(Date.now()/1000/60/60/24);document.write('<script src="https://play.pokemonshowdown.com/js/replay-embed.js?version'+daily+'"></'+'script>');
</script>
