<!DOCTYPE html>
<meta charset="utf-8" />
<!-- version 1 -->
<title>OU replay: Beppler vs. LittleDrapion豚完璧</title>
<style>
html,body {font-family:Verdana, sans-serif;font-size:10pt;margin:0;padding:0;}body{padding:12px 0;} .battle-log {font-family:Verdana, sans-serif;font-size:10pt;} .battle-log-inline {border:1px solid #AAAAAA;background:#EEF2F5;color:black;max-width:640px;margin:0 auto 80px;padding-bottom:5px;} .battle-log .inner {padding:4px 8px 0px 8px;} .battle-log .inner-preempt {padding:0 8px 4px 8px;} .battle-log .inner-after {margin-top:0.5em;} .battle-log h2 {margin:0.5em -8px;padding:4px 8px;border:1px solid #AAAAAA;background:#E0E7EA;border-left:0;border-right:0;font-family:Verdana, sans-serif;font-size:13pt;} .battle-log .chat {vertical-align:middle;padding:3px 0 3px 0;font-size:8pt;} .battle-log .chat strong {color:#40576A;} .battle-log .chat em {padding:1px 4px 1px 3px;color:#000000;font-style:normal;} .chat.mine {background:rgba(0,0,0,0.05);margin-left:-8px;margin-right:-8px;padding-left:8px;padding-right:8px;} .spoiler {color:#BBBBBB;background:#BBBBBB;padding:0px 3px;} .spoiler:hover, .spoiler:active, .spoiler-shown {color:#000000;background:#E2E2E2;padding:0px 3px;} .spoiler a {color:#BBBBBB;} .spoiler:hover a, .spoiler:active a, .spoiler-shown a {color:#2288CC;} .chat code, .chat .spoiler:hover code, .chat .spoiler:active code, .chat .spoiler-shown code {border:1px solid #C0C0C0;background:#EEEEEE;color:black;padding:0 2px;} .chat .spoiler code {border:1px solid #CCCCCC;background:#CCCCCC;color:#CCCCCC;} .battle-log .rated {padding:3px 4px;} .battle-log .rated strong {color:white;background:#89A;padding:1px 4px;border-radius:4px;} .spacer {margin-top:0.5em;} .message-announce {background:#6688AA;color:white;padding:1px 4px 2px;} .message-announce a, .broadcast-green a, .broadcast-blue a, .broadcast-red a {color:#DDEEFF;} .broadcast-green {background-color:#559955;color:white;padding:2px 4px;} .broadcast-blue {background-color:#6688AA;color:white;padding:2px 4px;} .infobox {border:1px solid #6688AA;padding:2px 4px;} .infobox-limited {max-height:200px;overflow:auto;overflow-x:hidden;} .broadcast-red {background-color:#AA5544;color:white;padding:2px 4px;} .message-learn-canlearn {font-weight:bold;color:#228822;text-decoration:underline;} .message-learn-cannotlearn {font-weight:bold;color:#CC2222;text-decoration:underline;} .message-effect-weak {font-weight:bold;color:#CC2222;} .message-effect-resist {font-weight:bold;color:#6688AA;} .message-effect-immune {font-weight:bold;color:#666666;} .message-learn-list {margin-top:0;margin-bottom:0;} .message-throttle-notice, .message-error {color:#992222;} .message-overflow, .chat small.message-overflow {font-size:0pt;} .message-overflow::before {font-size:9pt;content:'...';} .subtle {color:#3A4A66;}
</style>
<div class="wrapper replay-wrapper" style="max-width:1180px;margin:0 auto">
<input type="hidden" name="replayid" value="destiny-ou-563331" />
<div class="battle"></div><div class="battle-log"></div><div class="replay-controls"></div><div class="replay-controls-2"></div>
<h1 style="font-weight:normal;text-align:center"><strong>OU</strong><br /><a href="http://pokemonshowdown.com/users/beppler" class="subtle" target="_blank">Beppler</a> vs. <a href="http://pokemonshowdown.com/users/littledrapion" class="subtle" target="_blank">LittleDrapion豚完璧</a></h1>
<script type="text/plain" class="battle-log-data">|unlink|||tour
|player|p1|Beppler|beppler-4.gif?7fddc873
|teamsize|p1|6
|player|p2|LittleDrapion豚完璧|littledrapion-65.gif?22e854a6
|teamsize|p2|6
|teamsize|p1|6
|teamsize|p2|6
|gametype|singles
|gen|7
|tier|OU
|seed|18745,37980,37191,31205
|rule|Cláusula-Mod de Dormir: solo puedes dormir a uno de tus oponentes a la vez.
|rule|Cláusula de Especie: Hasta un Pokémon de cada especie
|rule|Cláusula de Golpe Fulminante: los movimientos fulminantes (OHKO) estan prohibidos
|rule|Cláusula de Veleta: la habilidad Veleta está prohibida
|rule|Cláusula de Movimientos Evasivos: los movimientos de Evasión están prohibidos.
|rule|Cláusula de Batallas Eternas: forzar batallas eternas está prohibido
|clearpoke
|poke|p1|Zangoose, M|item
|poke|p1|Audino, M|item
|poke|p1|Mesprit|item
|poke|p1|Skuntank, M|item
|poke|p1|Masquerain, F|item
|poke|p1|Lanturn, M|item
|poke|p2|Alakazam, M|item
|poke|p2|Tapu Lele|item
|poke|p2|Kartana|item
|poke|p2|Greninja, M|item
|poke|p2|Landorus-Therian, M|item
|poke|p2|Magearna|item
|teampreview|undefined
|choice|*|*team 523416
|choice|*team 523416|*
|choice|team 5, 2, 3, 4, 1, 6|team 5, 2, 3, 4, 1, 6
|
|start
|switch|p1a: Masquerain|Masquerain, F|281\/281
|switch|p2a: Landorus|Landorus-Therian, M|381\/381
|-ability|p1a: Masquerain|Intimidate|boost
|-unboost|p2a: Landorus|atk|1
|-ability|p2a: Landorus|Intimidate|boost
|-unboost|p1a: Masquerain|atk|1
|turn|1
|c|†Narcombiano|ohhhh
|c|†Narcombiano|uno de mis primeros pu
|c|%Gеrard Way|y
|choice|*move 1|*
|c|%Gеrard Way|jajajajajaja
|c|%Gеrard Way|Me humilló con esa mierda :(
|c|☆LittleDrapion豚完璧|oh no
|choice|*|*move 4
|choice|move stickyweb|move uturn
|
|move|p1a: Masquerain|Sticky Web|p2a: Landorus
|-sidestart|p2: LittleDrapion豚完璧|move: Sticky Web
|move|p2a: Landorus|U-turn|p1a: Masquerain
|-resisted|p1a: Masquerain
|-damage|p1a: Masquerain|243\/281
|choice|*|*switch 3
|choice||switch 3
|
|switch|p2a: Kartana|Kartana|259\/259|[from]move: U-turn
|-activate|p2a: Kartana|move: Sticky Web
|-unboost|p2a: Kartana|spe|1
|
|upkeep
|turn|2
|choice|*move 4|*
|choice|*|*move 4
|choice|move bugbuzz|move defog
|
|move|p2a: Kartana|Defog|p1a: Masquerain
|-unboost|p1a: Masquerain|evasion|1
|-sideend|p2: LittleDrapion豚完璧|Sticky Web|[from] move: Defog|[of] p2a: Kartana
|move|p1a: Masquerain|Bug Buzz|p2a: Kartana
|-damage|p2a: Kartana|0 fnt
|faint|p2a: Kartana
|
|upkeep
|c|†Narcombiano|ufff
|c|%Gеrard Way|Humillado
|c|%Gеrard Way|Si amarillo se quita el lele
|c|%Gеrard Way|De alguna manera
|c|☆LittleDrapion豚完璧|ni se que sets tiene
|c|%Gеrard Way|Ya ganó
|c|☆LittleDrapion豚完璧|esta ierda
|choice|*|*switch 5
|choice||switch 5
|
|switch|p2a: Alakazam|Alakazam, M|251\/251
|turn|3
|c|☆LittleDrapion豚完璧|espera q
|choice|*|*move 4 mega
|choice|*switch 4|*
|choice|switch 4|move hiddenpower mega
|
|switch|p1a: Skuntank|Skuntank, M|347\/347
|-mega|p2a: Alakazam|Alakazam|Alakazite
|detailschange|p2a: Alakazam|Alakazam-Mega, M
|-ability|p2a: Alakazam|Aftermath|[from] ability: Trace|[of] p1a: Skuntank
|move|p2a: Alakazam|Hidden Power|p1a: Skuntank
|-damage|p1a: Skuntank|211\/347
|
|-heal|p1a: Skuntank|232\/347|[from] item: Black Sludge
|upkeep
|turn|4
|choice|*move 2|*
|choice|*|*switch 3
|choice|move pursuit|switch 3
|
|-activate|p2a: Alakazam|move: Pursuit
|move|p1a: Skuntank|Pursuit|p2a: Alakazam|[from]Pursuit
|-supereffective|p2a: Alakazam
|-damage|p2a: Alakazam|0 fnt
|-damage|p1a: Skuntank|146\/347|[from] ability: Aftermath|[of] p2a: Alakazam
|faint|p2a: Alakazam
|
|-heal|p1a: Skuntank|167\/347|[from] item: Black Sludge
|upkeep
|c|☆LittleDrapion豚完璧|owned
|choice|*|*switch 3
|choice||switch 3
|
|switch|p2a: Landorus|Landorus-Therian, M|381\/381
|-ability|p2a: Landorus|Intimidate|boost
|-unboost|p1a: Skuntank|atk|1
|turn|5
|choice|*|*move 1
|choice|*switch 4|*
|choice|switch 4|move stealthrock
|
|switch|p1a: Masquerain|Masquerain, F|243\/281
|-ability|p1a: Masquerain|Intimidate|boost
|-unboost|p2a: Landorus|atk|1
|move|p2a: Landorus|Stealth Rock|p1a: Masquerain
|-sidestart|p1: Beppler|move: Stealth Rock
|
|upkeep
|turn|6
|choice|*move 1|*
|choice|*|*move 3
|choice|move stickyweb|move hiddenpower
|
|move|p1a: Masquerain|Sticky Web|p2a: Landorus
|-sidestart|p2: LittleDrapion豚完璧|move: Sticky Web
|move|p2a: Landorus|Hidden Power|p1a: Masquerain
|-supereffective|p1a: Masquerain
|-damage|p1a: Masquerain|129\/281
|
|upkeep
|turn|7
|choice|*|*move 3
|choice|*move 2|*
|choice|move airslash|move hiddenpower
|
|move|p1a: Masquerain|Air Slash|p2a: Landorus
|-damage|p2a: Landorus|236\/381
|cant|p2a: Landorus|flinch
|
|upkeep
|turn|8
|choice|*|*move 3
|choice|*move 2|*
|choice|move airslash|move hiddenpower
|
|move|p1a: Masquerain|Air Slash|p2a: Landorus
|-damage|p2a: Landorus|88\/381
|cant|p2a: Landorus|flinch
|
|upkeep
|turn|9
|choice|*|*move 3
|choice|*move 2|*
|choice|move airslash|move hiddenpower
|
|move|p1a: Masquerain|Air Slash|p2a: Landorus
|-damage|p2a: Landorus|0 fnt
|faint|p2a: Landorus
|
|upkeep
|c|☆LittleDrapion豚完璧|meh
|-message|LittleDrapion豚完璧 se rindió.
|
|win|Beppler
</script>
</div>
<div class="battle-log battle-log-inline"><div class="inner"><div class="battle-options"></div><div class="inner"><div class=""><small>Format:</small> <br><strong>OU</strong></div><div class=""><small><em>Cláusula-Mod de Dormir:</em> solo puedes dormir a uno de tus oponentes a la vez.</small></div><div class=""><small><em>Cláusula de Especie:</em> Hasta un Pokémon de cada especie</small></div><div class=""><small><em>Cláusula de Golpe Fulminante:</em> los movimientos fulminantes (OHKO) estan prohibidos</small></div><div class=""><small><em>Cláusula de Veleta:</em> la habilidad Veleta está prohibida</small></div><div class=""><small><em>Cláusula de Movimientos Evasivos:</em> los movimientos de Evasión están prohibidos.</small></div><div class=""><small><em>Cláusula de Batallas Eternas:</em> forzar batallas eternas está prohibido</small></div><div class="chat battle-history"><strong>Beppler's team:</strong> <em style="color:#445566;display:block;">Zangoose / Audino / Mesprit / Skuntank / Masquerain / Lanturn</em></div><div class="chat battle-history"><strong>LittleDrapion豚完璧's team:</strong> <em style="color:#445566;display:block;">Alakazam / Tapu Lele / Kartana / Greninja / Landorus-Therian / Magearna</em></div><div class="spacer battle-history"><br></div><div class="battle-history">Battle started between Beppler and LittleDrapion豚完璧!<br></div><div class="spacer battle-history"><br></div><div class="battle-history">Go! <strong>Masquerain</strong>!<br></div><div class="spacer battle-history"><br></div><div class="battle-history">LittleDrapion豚完璧 sent out Landorus (<strong>Landorus-Therian</strong>)!<br></div><div class="battle-history"><small>[Masquerain's Intimidate]</small><br></div><div class="battle-history"><small>The opposing Landorus's Attack fell!</small><br></div><div class="battle-history"><small>[The opposing Landorus's Intimidate]</small><br></div><div class="battle-history"><small>Masquerain's Attack fell!</small><br></div><div class="spacer battle-history"><br></div><h2 class="battle-history">Turn 1</h2><div class="chat chatmessage-narcombiano"><strong style="color:hsl(176,73%,39.666666666666664%)"><small>†</small><span class="username" data-name="Narcombiano">Narcombiano</span>:</strong> <em>ohhhh</em></div><div class="chat chatmessage-narcombiano"><strong style="color:hsl(176,73%,39.666666666666664%)"><small>†</small><span class="username" data-name="Narcombiano">Narcombiano</span>:</strong> <em>uno de mis primeros pu</em></div><div class="chat chatmessage-grardway"><strong style="color:hsl(23,56%,44%)"><small>%</small><span class="username" data-name="Gеrard Way">Gеrard Way</span>:</strong> <em>y</em></div><div class="chat chatmessage-grardway"><strong style="color:hsl(23,56%,44%)"><small>%</small><span class="username" data-name="Gеrard Way">Gеrard Way</span>:</strong> <em>jajajajajaja</em></div><div class="chat chatmessage-grardway"><strong style="color:hsl(23,56%,44%)"><small>%</small><span class="username" data-name="Gеrard Way">Gеrard Way</span>:</strong> <em>Me humilló con esa mierda :(</em></div><div class="chat chatmessage-littledrapion"><strong style="color:hsl(164,69%,38.35648240532543%)"><small>☆</small><span class="username" data-name="LittleDrapion豚完璧">LittleDrapion豚完璧</span>:</strong> <em>oh no</em></div><div class="spacer battle-history"><br></div><div class="battle-history">Masquerain used <strong>Sticky Web</strong>!<br></div><div class="battle-history"><small>A sticky web spreads out on the ground around the opposing team!</small><br></div><div class="spacer battle-history"><br></div><div class="battle-history">The opposing Landorus used <strong>U-turn</strong>!<br></div><div class="battle-history"><small>It's not very effective...</small><br></div><div class="battle-history"><small>(Masquerain lost <abbr title="−38/281">13.5%</abbr> of its health!)</small><br></div><div class="spacer battle-history"><br></div><div class="battle-history">The opposing Landorus went back to LittleDrapion豚完璧!<br></div><div class="battle-history">LittleDrapion豚完璧 sent out <strong>Kartana</strong>!<br></div><div class="battle-history"><small>The opposing Kartana was caught in a sticky web!</small><br></div><div class="battle-history"><small>The opposing Kartana's Speed fell!</small><br></div><div class="spacer battle-history"><br></div><h2 class="battle-history">Turn 2</h2><div class="spacer battle-history"><br></div><div class="battle-history">The opposing Kartana used <strong>Defog</strong>!<br></div><div class="battle-history"><small>Masquerain's evasiveness fell!</small><br></div><div class="battle-history"><small>The sticky web has disappeared from the ground around the opposing team!</small><br></div><div class="spacer battle-history"><br></div><div class="battle-history">Masquerain used <strong>Bug Buzz</strong>!<br></div><div class="battle-history"><small>(The opposing Kartana lost <abbr title="−259/259">100%</abbr> of its health!)</small><br></div><div class="spacer battle-history"><br></div><div class="battle-history">The opposing Kartana fainted!<br></div><div class="chat chatmessage-narcombiano"><strong style="color:hsl(176,73%,39.666666666666664%)"><small>†</small><span class="username" data-name="Narcombiano">Narcombiano</span>:</strong> <em>ufff</em></div><div class="chat chatmessage-grardway"><strong style="color:hsl(23,56%,44%)"><small>%</small><span class="username" data-name="Gеrard Way">Gеrard Way</span>:</strong> <em>Humillado</em></div><div class="chat chatmessage-grardway"><strong style="color:hsl(23,56%,44%)"><small>%</small><span class="username" data-name="Gеrard Way">Gеrard Way</span>:</strong> <em>Si amarillo se quita el lele</em></div><div class="chat chatmessage-grardway"><strong style="color:hsl(23,56%,44%)"><small>%</small><span class="username" data-name="Gеrard Way">Gеrard Way</span>:</strong> <em>De alguna manera</em></div><div class="chat chatmessage-littledrapion"><strong style="color:hsl(164,69%,38.35648240532543%)"><small>☆</small><span class="username" data-name="LittleDrapion豚完璧">LittleDrapion豚完璧</span>:</strong> <em>ni se que sets tiene</em></div><div class="chat chatmessage-grardway"><strong style="color:hsl(23,56%,44%)"><small>%</small><span class="username" data-name="Gеrard Way">Gеrard Way</span>:</strong> <em>Ya ganó</em></div><div class="chat chatmessage-littledrapion"><strong style="color:hsl(164,69%,38.35648240532543%)"><small>☆</small><span class="username" data-name="LittleDrapion豚完璧">LittleDrapion豚完璧</span>:</strong> <em>esta ierda</em></div><div class="spacer battle-history"><br></div><div class="battle-history">LittleDrapion豚完璧 sent out <strong>Alakazam</strong>!<br></div><div class="spacer battle-history"><br></div><h2 class="battle-history">Turn 3</h2><div class="chat chatmessage-littledrapion"><strong style="color:hsl(164,69%,38.35648240532543%)"><small>☆</small><span class="username" data-name="LittleDrapion豚完璧">LittleDrapion豚完璧</span>:</strong> <em>espera q</em></div><div class="spacer battle-history"><br></div><div class="battle-history">Masquerain, come back!<br></div><div class="battle-history">Go! <strong>Skuntank</strong>!<br></div><div class="spacer battle-history"><br></div><div class="battle-history"><small>The opposing Alakazam's Alakazite is reacting to the Key Stone!</small><br>The opposing Alakazam has Mega Evolved into Mega Alakazam!<br></div><div class="battle-history"><small>[The opposing Alakazam's Trace]</small><br><small>[The opposing Alakazam's Aftermath]</small><br><small>The opposing Alakazam traced Skuntank's Aftermath!</small><br></div><div class="spacer battle-history"><br></div><div class="battle-history">The opposing Alakazam used <strong>Hidden Power</strong>!<br></div><div class="battle-history"><small>(Skuntank lost <abbr title="−136/347">39.2%</abbr> of its health!)</small><br></div><div class="spacer battle-history"><br></div><div class="battle-history"><small>Skuntank restored a little HP using its Black Sludge!</small><br></div><div class="spacer battle-history"><br></div><h2 class="battle-history">Turn 4</h2><div class="spacer battle-history"><br></div><div class="battle-history"><small>(The opposing Alakazam is being withdrawn...)</small><br></div><div class="spacer battle-history"><br></div><div class="battle-history">Skuntank used <strong>Pursuit</strong>!<br></div><div class="battle-history"><small>It's super effective!</small><br></div><div class="battle-history"><small>(The opposing Alakazam lost <abbr title="−251/251">100%</abbr> of its health!)</small><br></div><div class="battle-history"><small>[The opposing Alakazam's Aftermath]</small><br><small>Skuntank is hurt!</small><br></div><div class="spacer battle-history"><br></div><div class="battle-history">The opposing Alakazam fainted!<br></div><div class="spacer battle-history"><br></div><div class="battle-history"><small>Skuntank restored a little HP using its Black Sludge!</small><br></div><div class="chat chatmessage-littledrapion"><strong style="color:hsl(164,69%,38.35648240532543%)"><small>☆</small><span class="username" data-name="LittleDrapion豚完璧">LittleDrapion豚完璧</span>:</strong> <em>owned</em></div><div class="spacer battle-history"><br></div><div class="battle-history">LittleDrapion豚完璧 sent out Landorus (<strong>Landorus-Therian</strong>)!<br></div><div class="battle-history"><small>[The opposing Landorus's Intimidate]</small><br></div><div class="battle-history"><small>Skuntank's Attack fell!</small><br></div><div class="spacer battle-history"><br></div><h2 class="battle-history">Turn 5</h2><div class="spacer battle-history"><br></div><div class="battle-history">Skuntank, come back!<br></div><div class="battle-history">Go! <strong>Masquerain</strong>!<br></div><div class="battle-history"><small>[Masquerain's Intimidate]</small><br></div><div class="battle-history"><small>The opposing Landorus's Attack fell!</small><br></div><div class="spacer battle-history"><br></div><div class="battle-history">The opposing Landorus used <strong>Stealth Rock</strong>!<br></div><div class="battle-history"><small>Pointed stones float in the air around your team!</small><br></div><div class="spacer battle-history"><br></div><h2 class="battle-history">Turn 6</h2><div class="spacer battle-history"><br></div><div class="battle-history">Masquerain used <strong>Sticky Web</strong>!<br></div><div class="battle-history"><small>A sticky web spreads out on the ground around the opposing team!</small><br></div><div class="spacer battle-history"><br></div><div class="battle-history">The opposing Landorus used <strong>Hidden Power</strong>!<br></div><div class="battle-history"><small>It's super effective!</small><br></div><div class="battle-history"><small>(Masquerain lost <abbr title="−114/281">40.6%</abbr> of its health!)</small><br></div><div class="spacer battle-history"><br></div><h2 class="battle-history">Turn 7</h2><div class="spacer battle-history"><br></div><div class="battle-history">Masquerain used <strong>Air Slash</strong>!<br></div><div class="battle-history"><small>(The opposing Landorus lost <abbr title="−145/381">38.1%</abbr> of its health!)</small><br></div><div class="spacer battle-history"><br></div><div class="battle-history">The opposing Landorus flinched and couldn't move!<br></div><div class="spacer battle-history"><br></div><h2 class="battle-history">Turn 8</h2><div class="spacer battle-history"><br></div><div class="battle-history">Masquerain used <strong>Air Slash</strong>!<br></div><div class="battle-history"><small>(The opposing Landorus lost <abbr title="−148/381">38.8%</abbr> of its health!)</small><br></div><div class="spacer battle-history"><br></div><div class="battle-history">The opposing Landorus flinched and couldn't move!<br></div><div class="spacer battle-history"><br></div><h2 class="battle-history">Turn 9</h2><div class="spacer battle-history"><br></div><div class="battle-history">Masquerain used <strong>Air Slash</strong>!<br></div><div class="battle-history"><small>(The opposing Landorus lost <abbr title="−88/381">23.1%</abbr> of its health!)</small><br></div><div class="spacer battle-history"><br></div><div class="battle-history">The opposing Landorus fainted!<br></div><div class="chat chatmessage-littledrapion"><strong style="color:hsl(164,69%,38.35648240532543%)"><small>☆</small><span class="username" data-name="LittleDrapion豚完璧">LittleDrapion豚完璧</span>:</strong> <em>meh</em></div><div class="spacer battle-history"><br></div><div class="battle-history"><small>LittleDrapion豚完璧 se rindió.</small><br></div><div class="spacer battle-history"><br></div><div class="battle-history"><strong>Beppler</strong> won the battle!<br></div></div><div class="inner-preempt"></div></div></div>
</div>
<script>
let daily = Math.floor(Date.now()/1000/60/60/24);document.write('<script src="https://play.pokemonshowdown.com/js/replay-embed.js?version'+daily+'"></'+'script>');
</script>
