<!DOCTYPE html>
<meta charset="utf-8" />
<!-- version 1 -->
<title>OU replay: Light∞Angel∞1 vs. Mael~Fredbear</title>
<style>
html,body {font-family:Verdana, sans-serif;font-size:10pt;margin:0;padding:0;}body{padding:12px 0;} .battle-log {font-family:Verdana, sans-serif;font-size:10pt;} .battle-log-inline {border:1px solid #AAAAAA;background:#EEF2F5;color:black;max-width:640px;margin:0 auto 80px;padding-bottom:5px;} .battle-log .inner {padding:4px 8px 0px 8px;} .battle-log .inner-preempt {padding:0 8px 4px 8px;} .battle-log .inner-after {margin-top:0.5em;} .battle-log h2 {margin:0.5em -8px;padding:4px 8px;border:1px solid #AAAAAA;background:#E0E7EA;border-left:0;border-right:0;font-family:Verdana, sans-serif;font-size:13pt;} .battle-log .chat {vertical-align:middle;padding:3px 0 3px 0;font-size:8pt;} .battle-log .chat strong {color:#40576A;} .battle-log .chat em {padding:1px 4px 1px 3px;color:#000000;font-style:normal;} .chat.mine {background:rgba(0,0,0,0.05);margin-left:-8px;margin-right:-8px;padding-left:8px;padding-right:8px;} .spoiler {color:#BBBBBB;background:#BBBBBB;padding:0px 3px;} .spoiler:hover, .spoiler:active, .spoiler-shown {color:#000000;background:#E2E2E2;padding:0px 3px;} .spoiler a {color:#BBBBBB;} .spoiler:hover a, .spoiler:active a, .spoiler-shown a {color:#2288CC;} .chat code, .chat .spoiler:hover code, .chat .spoiler:active code, .chat .spoiler-shown code {border:1px solid #C0C0C0;background:#EEEEEE;color:black;padding:0 2px;} .chat .spoiler code {border:1px solid #CCCCCC;background:#CCCCCC;color:#CCCCCC;} .battle-log .rated {padding:3px 4px;} .battle-log .rated strong {color:white;background:#89A;padding:1px 4px;border-radius:4px;} .spacer {margin-top:0.5em;} .message-announce {background:#6688AA;color:white;padding:1px 4px 2px;} .message-announce a, .broadcast-green a, .broadcast-blue a, .broadcast-red a {color:#DDEEFF;} .broadcast-green {background-color:#559955;color:white;padding:2px 4px;} .broadcast-blue {background-color:#6688AA;color:white;padding:2px 4px;} .infobox {border:1px solid #6688AA;padding:2px 4px;} .infobox-limited {max-height:200px;overflow:auto;overflow-x:hidden;} .broadcast-red {background-color:#AA5544;color:white;padding:2px 4px;} .message-learn-canlearn {font-weight:bold;color:#228822;text-decoration:underline;} .message-learn-cannotlearn {font-weight:bold;color:#CC2222;text-decoration:underline;} .message-effect-weak {font-weight:bold;color:#CC2222;} .message-effect-resist {font-weight:bold;color:#6688AA;} .message-effect-immune {font-weight:bold;color:#666666;} .message-learn-list {margin-top:0;margin-bottom:0;} .message-throttle-notice, .message-error {color:#992222;} .message-overflow, .chat small.message-overflow {font-size:0pt;} .message-overflow::before {font-size:9pt;content:'...';} .subtle {color:#3A4A66;}
</style>
<div class="wrapper replay-wrapper" style="max-width:1180px;margin:0 auto">
<input type="hidden" name="replayid" value="destiny-ou-524780" />
<div class="battle"></div><div class="battle-log"></div><div class="replay-controls"></div><div class="replay-controls-2"></div>
<h1 style="font-weight:normal;text-align:center"><strong>OU</strong><br /><a href="http://pokemonshowdown.com/users/lightangel1" class="subtle" target="_blank">Light∞Angel∞1</a> vs. <a href="http://pokemonshowdown.com/users/maelfredbear" class="subtle" target="_blank">Mael~Fredbear</a></h1>
<script type="text/plain" class="battle-log-data">|player|p1|Light∞Angel∞1|lightangel1-2.gif?eea5b69b
|teamsize|p1|6
|player|p2|Mael~Fredbear|1076
|teamsize|p2|6
|teamsize|p1|6
|teamsize|p2|6
|gametype|singles
|gen|7
|tier|OU
|seed|42782,36577,25694,55469
|rule|Cláusula-Mod de Dormir: solo puedes dormir a uno de tus oponentes a la vez.
|rule|Cláusula de Especie: Hasta un Pokémon de cada especie
|rule|Cláusula de Golpe Fulminante: los movimientos fulminantes (OHKO) estan prohibidos
|rule|Cláusula de Veleta: la habilidad Veleta está prohibida
|rule|Cláusula de Movimientos Evasivos: los movimientos de Evasión están prohibidos.
|rule|Cláusula de Batallas Eternas: forzar batallas eternas está prohibido
|clearpoke
|poke|p1|Scizor, F|item
|poke|p1|Greninja, M|item
|poke|p1|Heatran, F|item
|poke|p1|Reuniclus, M|item
|poke|p1|Tornadus-Therian, M|item
|poke|p1|Tapu Bulu|item
|poke|p2|Mawile, M|item
|poke|p2|Zygarde|item
|poke|p2|Heatran, M|item
|poke|p2|Tapu Bulu|item
|poke|p2|Zapdos|item
|poke|p2|Greninja, M|item
|teampreview|undefined
|c|☆Light∞Angel∞1|donde está el pokémon PU?
|c|☆Light∞Angel∞1|no hay
|c|☆Light∞Angel∞1|muy bien
|c|☆Mael~Fredbear|q
|c|☆Light∞Angel∞1|:)
|choice|*team 321456|*
|choice|*|*team 623451
|choice|team 3, 2, 1, 4, 5, 6|team 6, 2, 3, 4, 5, 1
|
|start
|switch|p1a: Heatran|Heatran, F|386\/386
|switch|p2a: Greninja|Greninja, M|285\/285
|turn|1
|choice|*switch 6|*
|choice|*|*switch 3
|choice|switch 6|switch 3
|
|switch|p2a: Heatran|Heatran, M|323\/323
|switch|p1a: Tapu Bulu|Tapu Bulu|343\/343
|-fieldstart|move: Grassy Terrain|[from] ability: Grassy Surge|[of] p1a: Tapu Bulu
|
|upkeep
|turn|2
|choice|*|*move 4
|choice|*move 4|*
|choice|move protect|move stealthrock
|
|move|p1a: Tapu Bulu|Protect|p1a: Tapu Bulu
|-singleturn|p1a: Tapu Bulu|Protect
|move|p2a: Heatran|Stealth Rock|p1a: Tapu Bulu
|-sidestart|p1: Light∞Angel∞1|move: Stealth Rock
|
|upkeep
|turn|3
|c|☆Light∞Angel∞1|op
|choice|*|*move 1 zmove
|c|☆Light∞Angel∞1|y hago miss click
|choice|*|*move 1 zmove
|choice|*switch 4|*
|choice|switch 4|move flashcannon zmove
|
|switch|p1a: Reuniclus|Reuniclus, M|416\/416
|-zpower|p2a: Heatran
|move|p2a: Heatran|Corkscrew Crash|p1a: Reuniclus|[zeffect]
|-damage|p1a: Reuniclus|40\/416
|
|-heal|p1a: Reuniclus|66\/416|[from] item: Leftovers
|-heal|p1a: Reuniclus|92\/416|[from] Grassy Terrain
|upkeep
|turn|4
|c|☆Light∞Angel∞1|oiba se me olvidó la estrategia
|choice|*|*move 1
|choice|*move 4|*
|c|☆Light∞Angel∞1|sad
|choice|*|*move 1
|choice|move recover|move flashcannon
|
|move|p2a: Heatran|Flash Cannon|p1a: Reuniclus
|-damage|p1a: Reuniclus|0 fnt
|faint|p1a: Reuniclus
|
|upkeep
|c|☆Light∞Angel∞1|podemos repetir?
|c|☆Mael~Fredbear|Q HACES
|c|☆Light∞Angel∞1|que hice una estrategia y la cagué
|c|☆Light∞Angel∞1|:c
|-message|Light∞Angel∞1 se rindió.
|
|win|Mael~Fredbear
|c|☆Mael~Fredbear|GG 
</script>
</div>
<div class="battle-log battle-log-inline"><div class="inner"><div class="battle-options"></div><div class="inner"><div class=""><small>Format:</small> <br><strong>OU</strong></div><div class=""><small><em>Cláusula-Mod de Dormir:</em> solo puedes dormir a uno de tus oponentes a la vez.</small></div><div class=""><small><em>Cláusula de Especie:</em> Hasta un Pokémon de cada especie</small></div><div class=""><small><em>Cláusula de Golpe Fulminante:</em> los movimientos fulminantes (OHKO) estan prohibidos</small></div><div class=""><small><em>Cláusula de Veleta:</em> la habilidad Veleta está prohibida</small></div><div class=""><small><em>Cláusula de Movimientos Evasivos:</em> los movimientos de Evasión están prohibidos.</small></div><div class=""><small><em>Cláusula de Batallas Eternas:</em> forzar batallas eternas está prohibido</small></div><div class="chat battle-history"><strong>Light∞Angel∞1's team:</strong> <em style="color:#445566;display:block;">Scizor / Greninja / Heatran / Reuniclus / Tornadus-Therian / Tapu Bulu</em></div><div class="chat battle-history"><strong>Mael~Fredbear's team:</strong> <em style="color:#445566;display:block;">Mawile / Zygarde / Heatran / Tapu Bulu / Zapdos / Greninja</em></div><div class="chat chatmessage-lightangel1"><strong style="color:hsl(201,67%,48%)"><small>☆</small><span class="username" data-name="Light∞Angel∞1">Light∞Angel∞1</span>:</strong> <em>donde está el pokémon PU?</em></div><div class="chat chatmessage-lightangel1"><strong style="color:hsl(201,67%,48%)"><small>☆</small><span class="username" data-name="Light∞Angel∞1">Light∞Angel∞1</span>:</strong> <em>no hay</em></div><div class="chat chatmessage-lightangel1"><strong style="color:hsl(201,67%,48%)"><small>☆</small><span class="username" data-name="Light∞Angel∞1">Light∞Angel∞1</span>:</strong> <em>muy bien</em></div><div class="chat chatmessage-maelfredbear"><strong style="color:hsl(45,55%,42%)"><small>☆</small><span class="username" data-name="Mael~Fredbear">Mael~Fredbear</span>:</strong> <em>q</em></div><div class="chat chatmessage-lightangel1"><strong style="color:hsl(201,67%,48%)"><small>☆</small><span class="username" data-name="Light∞Angel∞1">Light∞Angel∞1</span>:</strong> <em>:)</em></div><div class="spacer battle-history"><br></div><div class="battle-history">Battle started between Light∞Angel∞1 and Mael~Fredbear!<br></div><div class="spacer battle-history"><br></div><div class="battle-history">Go! <strong>Heatran</strong>!<br></div><div class="spacer battle-history"><br></div><div class="battle-history">Mael~Fredbear sent out <strong>Greninja</strong>!<br></div><div class="spacer battle-history"><br></div><h2 class="battle-history">Turn 1</h2><div class="spacer battle-history"><br></div><div class="battle-history">Mael~Fredbear withdrew Greninja!<br></div><div class="battle-history">Mael~Fredbear sent out <strong>Heatran</strong>!<br></div><div class="spacer battle-history"><br></div><div class="battle-history">Heatran, come back!<br></div><div class="battle-history">Go! <strong>Tapu Bulu</strong>!<br></div><div class="battle-history"><small>[Tapu Bulu's Grassy Surge]</small><br><small>Grass grew to cover the battlefield!</small><br></div><div class="spacer battle-history"><br></div><h2 class="battle-history">Turn 2</h2><div class="spacer battle-history"><br></div><div class="battle-history">Tapu Bulu used <strong>Protect</strong>!<br></div><div class="battle-history"><small>Tapu Bulu protected itself!</small><br></div><div class="spacer battle-history"><br></div><div class="battle-history">The opposing Heatran used <strong>Stealth Rock</strong>!<br></div><div class="battle-history"><small>Pointed stones float in the air around your team!</small><br></div><div class="spacer battle-history"><br></div><h2 class="battle-history">Turn 3</h2><div class="chat chatmessage-lightangel1"><strong style="color:hsl(201,67%,48%)"><small>☆</small><span class="username" data-name="Light∞Angel∞1">Light∞Angel∞1</span>:</strong> <em>op</em></div><div class="chat chatmessage-lightangel1"><strong style="color:hsl(201,67%,48%)"><small>☆</small><span class="username" data-name="Light∞Angel∞1">Light∞Angel∞1</span>:</strong> <em>y hago miss click</em></div><div class="spacer battle-history"><br></div><div class="battle-history">Tapu Bulu, come back!<br></div><div class="battle-history">Go! <strong>Reuniclus</strong>!<br></div><div class="battle-history"><small>The opposing Heatran surrounded itself with its Z-Power!</small><br></div><div class="spacer battle-history"><br></div><div class="battle-history">The opposing Heatran used <strong>Corkscrew Crash</strong>!<br></div><div class="battle-history"><small>(Reuniclus lost <abbr title="−376/416">90.4%</abbr> of its health!)</small><br></div><div class="spacer battle-history"><br></div><div class="battle-history"><small>Reuniclus restored a little HP using its Leftovers!</small><br></div><div class="battle-history"><small>Reuniclus restored HP using its Grassy Terrain!</small><br></div><div class="spacer battle-history"><br></div><h2 class="battle-history">Turn 4</h2><div class="chat chatmessage-lightangel1"><strong style="color:hsl(201,67%,48%)"><small>☆</small><span class="username" data-name="Light∞Angel∞1">Light∞Angel∞1</span>:</strong> <em>oiba se me olvidó la estrategia</em></div><div class="chat chatmessage-lightangel1"><strong style="color:hsl(201,67%,48%)"><small>☆</small><span class="username" data-name="Light∞Angel∞1">Light∞Angel∞1</span>:</strong> <em>sad</em></div><div class="spacer battle-history"><br></div><div class="battle-history">The opposing Heatran used <strong>Flash Cannon</strong>!<br></div><div class="battle-history"><small>(Reuniclus lost <abbr title="−92/416">22.1%</abbr> of its health!)</small><br></div><div class="spacer battle-history"><br></div><div class="battle-history">Reuniclus fainted!<br></div><div class="chat chatmessage-lightangel1"><strong style="color:hsl(201,67%,48%)"><small>☆</small><span class="username" data-name="Light∞Angel∞1">Light∞Angel∞1</span>:</strong> <em>podemos repetir?</em></div><div class="chat chatmessage-maelfredbear"><strong style="color:hsl(45,55%,42%)"><small>☆</small><span class="username" data-name="Mael~Fredbear">Mael~Fredbear</span>:</strong> <em>Q HACES</em></div><div class="chat chatmessage-lightangel1"><strong style="color:hsl(201,67%,48%)"><small>☆</small><span class="username" data-name="Light∞Angel∞1">Light∞Angel∞1</span>:</strong> <em>que hice una estrategia y la cagué</em></div><div class="chat chatmessage-lightangel1"><strong style="color:hsl(201,67%,48%)"><small>☆</small><span class="username" data-name="Light∞Angel∞1">Light∞Angel∞1</span>:</strong> <em>:c</em></div><div class="spacer battle-history"><br></div><div class="battle-history"><small>Light∞Angel∞1 se rindió.</small><br></div><div class="spacer battle-history"><br></div><div class="battle-history"><strong>Mael~Fredbear</strong> won the battle!<br></div><div class="chat chatmessage-maelfredbear"><strong style="color:hsl(45,55%,42%)"><small>☆</small><span class="username" data-name="Mael~Fredbear">Mael~Fredbear</span>:</strong> <em>GG </em></div></div><div class="inner-preempt"></div></div></div>
</div>
<script>
let daily = Math.floor(Date.now()/1000/60/60/24);document.write('<script src="https://play.pokemonshowdown.com/js/replay-embed.js?version'+daily+'"></'+'script>');
</script>
