<!DOCTYPE html>
<meta charset="utf-8" />
<!-- version 1 -->
<title>LC replay: ROCKM4N vs. DyN Ivao</title>
<style>
html,body {font-family:Verdana, sans-serif;font-size:10pt;margin:0;padding:0;}body{padding:12px 0;} .battle-log {font-family:Verdana, sans-serif;font-size:10pt;} .battle-log-inline {border:1px solid #AAAAAA;background:#EEF2F5;color:black;max-width:640px;margin:0 auto 80px;padding-bottom:5px;} .battle-log .inner {padding:4px 8px 0px 8px;} .battle-log .inner-preempt {padding:0 8px 4px 8px;} .battle-log .inner-after {margin-top:0.5em;} .battle-log h2 {margin:0.5em -8px;padding:4px 8px;border:1px solid #AAAAAA;background:#E0E7EA;border-left:0;border-right:0;font-family:Verdana, sans-serif;font-size:13pt;} .battle-log .chat {vertical-align:middle;padding:3px 0 3px 0;font-size:8pt;} .battle-log .chat strong {color:#40576A;} .battle-log .chat em {padding:1px 4px 1px 3px;color:#000000;font-style:normal;} .chat.mine {background:rgba(0,0,0,0.05);margin-left:-8px;margin-right:-8px;padding-left:8px;padding-right:8px;} .spoiler {color:#BBBBBB;background:#BBBBBB;padding:0px 3px;} .spoiler:hover, .spoiler:active, .spoiler-shown {color:#000000;background:#E2E2E2;padding:0px 3px;} .spoiler a {color:#BBBBBB;} .spoiler:hover a, .spoiler:active a, .spoiler-shown a {color:#2288CC;} .chat code, .chat .spoiler:hover code, .chat .spoiler:active code, .chat .spoiler-shown code {border:1px solid #C0C0C0;background:#EEEEEE;color:black;padding:0 2px;} .chat .spoiler code {border:1px solid #CCCCCC;background:#CCCCCC;color:#CCCCCC;} .battle-log .rated {padding:3px 4px;} .battle-log .rated strong {color:white;background:#89A;padding:1px 4px;border-radius:4px;} .spacer {margin-top:0.5em;} .message-announce {background:#6688AA;color:white;padding:1px 4px 2px;} .message-announce a, .broadcast-green a, .broadcast-blue a, .broadcast-red a {color:#DDEEFF;} .broadcast-green {background-color:#559955;color:white;padding:2px 4px;} .broadcast-blue {background-color:#6688AA;color:white;padding:2px 4px;} .infobox {border:1px solid #6688AA;padding:2px 4px;} .infobox-limited {max-height:200px;overflow:auto;overflow-x:hidden;} .broadcast-red {background-color:#AA5544;color:white;padding:2px 4px;} .message-learn-canlearn {font-weight:bold;color:#228822;text-decoration:underline;} .message-learn-cannotlearn {font-weight:bold;color:#CC2222;text-decoration:underline;} .message-effect-weak {font-weight:bold;color:#CC2222;} .message-effect-resist {font-weight:bold;color:#6688AA;} .message-effect-immune {font-weight:bold;color:#666666;} .message-learn-list {margin-top:0;margin-bottom:0;} .message-throttle-notice, .message-error {color:#992222;} .message-overflow, .chat small.message-overflow {font-size:0pt;} .message-overflow::before {font-size:9pt;content:'...';} .subtle {color:#3A4A66;}
</style>
<div class="wrapper replay-wrapper" style="max-width:1180px;margin:0 auto">
<input type="hidden" name="replayid" value="lc-485828956" />
<div class="battle"></div><div class="battle-log"></div><div class="replay-controls"></div><div class="replay-controls-2"></div>
<h1 style="font-weight:normal;text-align:center"><strong>LC</strong><br /><a href="http://pokemonshowdown.com/users/rockm4n" class="subtle" target="_blank">ROCKM4N</a> vs. <a href="http://pokemonshowdown.com/users/dynivao" class="subtle" target="_blank">DyN Ivao</a></h1>
<script type="text/plain" class="battle-log-data">|j|ROCKM4N
|j|DyN Ivao
|player|p1|ROCKM4N|123
|player|p2|DyN Ivao|49
|gametype|singles
|gen|6
|tier|LC
|rated
|seed|52150,16377,65393,2970
|clearpoke
|poke|p1|Vulpix, L5, M|item
|poke|p1|Bulbasaur, L5, M|item
|poke|p1|Onix, L5, M|item
|poke|p1|Ponyta, L5, F|item
|poke|p1|Natu, L5, M|item
|poke|p1|Abra, L5, M|item
|poke|p2|Croagunk, L5, M|item
|poke|p2|Hippopotas, L5, M|item
|poke|p2|Sandshrew, L5, M|item
|poke|p2|Chinchou, L5, F|item
|poke|p2|Foongus, L5, F|item
|poke|p2|Numel, L5, F|item
|rule|Sleep Clause Mod: Limit one foe put to sleep
|rule|Species Clause: Limit one of each Pokémon
|rule|OHKO Clause: OHKO moves are banned
|rule|Moody Clause: Moody is banned
|rule|Evasion Moves Clause: Evasion moves are banned
|rule|Endless Battle Clause: Forcing endless battles is banned
|rule|HP Percentage Mod: HP is shown in percentages
|teampreview
|choice|team 3, team 2, team 1, team 4, team 5, team 6|team 4, team 2, team 3, team 1, team 5, team 6
|
|start
|switch|p1a: Onix|Onix, L5, M|21\/21
|switch|p2a: Chinchou|Chinchou, L5, F|24\/24
|turn|1
|choice|move earthquake|move scald
|
|move|p2a: Chinchou|Scald|p1a: Onix
|-supereffective|p1a: Onix
|-ability|p1a: Onix|Sturdy
|-damage|p1a: Onix|1\/21
|-status|p1a: Onix|brn
|-enditem|p1a: Onix|Berry Juice
|-heal|p1a: Onix|21\/21 brn|[from] item: Berry Juice
|move|p1a: Onix|Earthquake|p2a: Chinchou
|-supereffective|p2a: Chinchou
|-damage|p2a: Chinchou|8\/24
|
|-damage|p1a: Onix|19\/21 brn|[from] brn
|turn|2
|choice|move stealthrock|move scald
|
|move|p2a: Chinchou|Scald|p1a: Onix
|-supereffective|p1a: Onix
|-damage|p1a: Onix|0 fnt
|faint|p1a: Onix
|
|choice|switch 3|
|
|switch|p1a: Vulpix|Vulpix, L5, M|20\/20
|-weather|SunnyDay|[from] ability: Drought|[of] p1a: Vulpix
|turn|3
|choice|move fireblast|switch 2
|
|switch|p2a: Hippopotas|Hippopotas, L5, M|25\/25
|-weather|Sandstorm|[from] ability: Sand Stream|[of] p2a: Hippopotas
|move|p1a: Vulpix|Fire Blast|p2a: Hippopotas|[miss]
|-miss|p1a: Vulpix|p2a: Hippopotas
|
|-weather|Sandstorm|[upkeep]
|-damage|p1a: Vulpix|19\/20|[from] sandstorm
|turn|4
|choice|switch 5|switch 3
|
|switch|p1a: Natu|Natu, L5, M|23\/23
|switch|p2a: Sandshrew|Sandshrew, L5, M|23\/23
|
|-weather|Sandstorm|[upkeep]
|-damage|p1a: Natu|22\/23|[from] sandstorm
|turn|5
|choice|switch 5|move knockoff
|
|switch|p1a: Vulpix|Vulpix, L5, M|19\/20
|-weather|SunnyDay|[from] ability: Drought|[of] p1a: Vulpix
|move|p2a: Sandshrew|Knock Off|p1a: Vulpix
|-damage|p1a: Vulpix|8\/20
|-enditem|p1a: Vulpix|Choice Scarf|[from] move: Knock Off|[of] p2a: Sandshrew
|
|-weather|SunnyDay|[upkeep]
|turn|6
|choice|move fireblast|switch 6
|
|switch|p2a: Numel|Numel, L5, F|23\/23
|move|p1a: Vulpix|Fire Blast|p2a: Numel
|-resisted|p2a: Numel
|-damage|p2a: Numel|17\/23
|
|-weather|SunnyDay|[upkeep]
|turn|7
|choice|switch 5|move ancientpower
|
|switch|p1a: Natu|Natu, L5, M|22\/23
|move|p2a: Numel|Ancient Power|p1a: Natu
|-supereffective|p1a: Natu
|-damage|p1a: Natu|12\/23
|
|-weather|SunnyDay|[upkeep]
|turn|8
|choice|move psychic|move ancientpower
|
|move|p1a: Natu|Psychic|p2a: Numel
|-damage|p2a: Numel|10\/23
|-unboost|p2a: Numel|spd|1
|move|p2a: Numel|Ancient Power|p1a: Natu
|-supereffective|p1a: Natu
|-damage|p1a: Natu|2\/23
|-boost|p2a: Numel|atk|1
|-boost|p2a: Numel|def|1
|-boost|p2a: Numel|spa|1
|-boost|p2a: Numel|spd|1
|-boost|p2a: Numel|spe|1
|
|-weather|SunnyDay|[upkeep]
|turn|9
|choice|move roost|move lavaplume
|
|move|p2a: Numel|Lava Plume|p1a: Natu
|-damage|p1a: Natu|0 fnt
|faint|p1a: Natu
|
|-weather|none
|choice|switch 5|
|
|switch|p1a: Vulpix|Vulpix, L5, M|8\/20
|-weather|SunnyDay|[from] ability: Drought|[of] p1a: Vulpix
|turn|10
|choice|move hypnosis|move earthpower
|
|move|p1a: Vulpix|Hypnosis|p2a: Numel
|-status|p2a: Numel|slp
|cant|p2a: Numel|slp
|
|-weather|SunnyDay|[upkeep]
|turn|11
|choice|switch 2|move ancientpower
|
|switch|p1a: Bulbasaur|Bulbasaur, L5, M|21\/21
|-curestatus|p2a: Numel|slp|[msg]
|move|p2a: Numel|Ancient Power|p1a: Bulbasaur
|-damage|p1a: Bulbasaur|13\/21
|-boost|p2a: Numel|atk|1
|-boost|p2a: Numel|def|1
|-boost|p2a: Numel|spa|1
|-boost|p2a: Numel|spd|1
|-boost|p2a: Numel|spe|1
|
|-weather|SunnyDay|[upkeep]
|turn|12
|choice|move solarbeam|move lavaplume
|
|move|p1a: Bulbasaur|Solar Beam|p2a: Numel|[still]
|-prepare|p1a: Bulbasaur|Solar Beam|p2a: Numel
|-anim|p1a: Bulbasaur|Solar Beam|p2a: Numel
|-damage|p2a: Numel|0 fnt
|-damage|p1a: Bulbasaur|11\/21|[from] item: Life Orb
|faint|p2a: Numel
|
|-weather|SunnyDay|[upkeep]
|choice||switch 3
|
|switch|p2a: Hippopotas|Hippopotas, L5, M|25\/25
|-weather|Sandstorm|[from] ability: Sand Stream|[of] p2a: Hippopotas
|turn|13
|choice|move sleeppowder|switch 6
|
|switch|p2a: Sandshrew|Sandshrew, L5, M|23\/23
|move|p1a: Bulbasaur|Sleep Powder|p2a: Sandshrew
|-status|p2a: Sandshrew|slp
|
|-weather|Sandstorm|[upkeep]
|-damage|p1a: Bulbasaur|10\/21|[from] sandstorm
|turn|14
|choice|switch 2|move knockoff
|
|switch|p1a: Vulpix|Vulpix, L5, M|8\/20
|-weather|SunnyDay|[from] ability: Drought|[of] p1a: Vulpix
|cant|p2a: Sandshrew|slp
|
|-weather|SunnyDay|[upkeep]
|turn|15
|choice|move fireblast|switch 6
|
|switch|p2a: Hippopotas|Hippopotas, L5, M|25\/25
|-weather|Sandstorm|[from] ability: Sand Stream|[of] p2a: Hippopotas
|move|p1a: Vulpix|Fire Blast|p2a: Hippopotas
|-damage|p2a: Hippopotas|16\/25
|
|-weather|Sandstorm|[upkeep]
|-damage|p1a: Vulpix|7\/20|[from] sandstorm
|turn|16
|choice|switch 6|move stealthrock
|
|switch|p1a: Abra|Abra, L5, M|19\/19
|move|p2a: Hippopotas|Stealth Rock|p1a: Abra
|-sidestart|p1: ROCKM4N|move: Stealth Rock
|
|-weather|Sandstorm|[upkeep]
|turn|17
|choice|move psychic|move earthquake
|
|move|p1a: Abra|Psychic|p2a: Hippopotas
|-damage|p2a: Hippopotas|6\/25
|move|p2a: Hippopotas|Earthquake|p1a: Abra
|-enditem|p1a: Abra|Focus Sash
|-damage|p1a: Abra|1\/19
|
|-weather|Sandstorm|[upkeep]
|turn|18
|choice|move psychic|switch 2
|
|switch|p2a: Chinchou|Chinchou, L5, F|8\/24
|move|p1a: Abra|Psychic|p2a: Chinchou
|-damage|p2a: Chinchou|0 fnt
|faint|p2a: Chinchou
|
|-weather|Sandstorm|[upkeep]
|choice||switch 4
|
|switch|p2a: Croagunk|Croagunk, L5, M|23\/23
|turn|19
|choice|switch 4|move vacuumwave
|
|switch|p1a: Ponyta|Ponyta, L5, F|21\/21
|-damage|p1a: Ponyta|16\/21|[from] Stealth Rock
|move|p2a: Croagunk|Vacuum Wave|p1a: Ponyta
|-damage|p1a: Ponyta|12\/21
|
|-weather|none
|turn|20
|choice|move willowisp|move knockoff
|
|move|p1a: Ponyta|Will-O-Wisp|p2a: Croagunk|[miss]
|-miss|p1a: Ponyta|p2a: Croagunk
|move|p2a: Croagunk|Knock Off|p1a: Ponyta
|-damage|p1a: Ponyta|7\/21
|-enditem|p1a: Ponyta|Eviolite|[from] move: Knock Off|[of] p2a: Croagunk
|
|turn|21
|choice|move morningsun|switch 6
|
|switch|p2a: Sandshrew|Sandshrew, L5, M|23\/23 slp
|move|p1a: Ponyta|Morning Sun|p1a: Ponyta
|-heal|p1a: Ponyta|17\/21
|
|turn|22
|choice|move flareblitz|move earthquake
|
|move|p1a: Ponyta|Flare Blitz|p2a: Sandshrew
|-damage|p2a: Sandshrew|14\/23 slp
|-damage|p1a: Ponyta|14\/21|[from] recoil|[of] p2a: Sandshrew
|-curestatus|p2a: Sandshrew|slp|[msg]
|move|p2a: Sandshrew|Earthquake|p1a: Ponyta
|-supereffective|p1a: Ponyta
|-damage|p1a: Ponyta|0 fnt
|faint|p1a: Ponyta
|
|choice|switch 4|
|
|switch|p1a: Abra|Abra, L5, M|1\/19
|turn|23
|choice|move psychic|switch 2
|
|switch|p2a: Hippopotas|Hippopotas, L5, M|6\/25
|-weather|Sandstorm|[from] ability: Sand Stream|[of] p2a: Hippopotas
|move|p1a: Abra|Psychic|p2a: Hippopotas
|-damage|p2a: Hippopotas|0 fnt
|faint|p2a: Hippopotas
|
|-weather|Sandstorm|[upkeep]
|choice||switch 6
|
|switch|p2a: Croagunk|Croagunk, L5, M|23\/23
|turn|24
|choice|move protect|move vacuumwave
|
|move|p1a: Abra|Protect|p1a: Abra
|-singleturn|p1a: Abra|Protect
|move|p2a: Croagunk|Vacuum Wave|p1a: Abra
|-activate|p1a: Abra|move: Protect
|
|-weather|Sandstorm|[upkeep]
|-damage|p2a: Croagunk|22\/23|[from] sandstorm
|turn|25
|choice|move psychic|move vacuumwave
|
|move|p2a: Croagunk|Vacuum Wave|p1a: Abra
|-resisted|p1a: Abra
|-damage|p1a: Abra|0 fnt
|faint|p1a: Abra
|
|-weather|Sandstorm|[upkeep]
|-damage|p2a: Croagunk|21\/23|[from] sandstorm
|choice|switch 6|
|
|switch|p1a: Vulpix|Vulpix, L5, M|7\/20
|-damage|p1a: Vulpix|2\/20|[from] Stealth Rock
|-weather|SunnyDay|[from] ability: Drought|[of] p1a: Vulpix
|turn|26
|choice|move fireblast|move vacuumwave
|
|move|p2a: Croagunk|Vacuum Wave|p1a: Vulpix
|-damage|p1a: Vulpix|0 fnt
|faint|p1a: Vulpix
|
|-weather|SunnyDay|[upkeep]
|-damage|p2a: Croagunk|19\/23|[from] ability: Dry Skin|[of] p2a: Croagunk
|choice|switch 2|
|
|switch|p1a: Bulbasaur|Bulbasaur, L5, M|10\/21
|-damage|p1a: Bulbasaur|8\/21|[from] Stealth Rock
|turn|27
|choice|move hiddenpower|move knockoff
|
|move|p1a: Bulbasaur|Hidden Power|p2a: Croagunk
|-damage|p2a: Croagunk|9\/23
|-damage|p1a: Bulbasaur|6\/21|[from] item: Life Orb
|move|p2a: Croagunk|Knock Off|p1a: Bulbasaur
|-damage|p1a: Bulbasaur|0 fnt
|-enditem|p1a: Bulbasaur|Life Orb|[from] move: Knock Off|[of] p2a: Croagunk
|faint|p1a: Bulbasaur
|
|win|DyN Ivao
|player|p1
|player|p2
|l|ROCKM4N</script>
</div>
<div class="battle-log battle-log-inline"><div class="inner"><div class="battle-options"></div><div class="inner"><div class="chat"><small>ROCKM4N joined.</small></div><div class="chat"><small>DyN Ivao joined.</small></div><div class=""><small>Format:</small> <br><strong>LC</strong></div><div class="rated"><strong>Rated battle</strong></div><div class=""><small><em>Sleep Clause Mod:</em> Limit one foe put to sleep</small></div><div class=""><small><em>Species Clause:</em> Limit one of each Pokémon</small></div><div class=""><small><em>OHKO Clause:</em> OHKO moves are banned</small></div><div class=""><small><em>Moody Clause:</em> Moody is banned</small></div><div class=""><small><em>Evasion Moves Clause:</em> Evasion moves are banned</small></div><div class=""><small><em>Endless Battle Clause:</em> Forcing endless battles is banned</small></div><div class=""><small><em>HP Percentage Mod:</em> HP is shown in percentages</small></div><div class="chat battle-history"><strong>ROCKM4N's team:</strong> <em style="color:#445566;display:block;">Vulpix / Bulbasaur / Onix / Ponyta / Natu / Abra</em></div><div class="chat battle-history"><strong>DyN Ivao's team:</strong> <em style="color:#445566;display:block;">Croagunk / Hippopotas / Sandshrew / Chinchou / Foongus / Numel</em></div><div class="spacer battle-history"><br></div><div class="battle-history">Battle started between ROCKM4N and DyN Ivao!<br></div><div class="spacer battle-history"><br></div><div class="battle-history">Go! <strong>Onix</strong>!<br></div><div class="spacer battle-history"><br></div><div class="battle-history">DyN Ivao sent out <strong>Chinchou</strong>!<br></div><div class="spacer battle-history"><br></div><h2 class="battle-history">Turn 1</h2><div class="spacer battle-history"><br></div><div class="battle-history">The opposing Chinchou used <strong>Scald</strong>!<br></div><div class="battle-history"><small>It's super effective!</small><br></div><div class="battle-history"><small>[Onix's Sturdy]</small><br><small>Onix endured the hit!</small><br></div><div class="battle-history"><small>(Onix lost <abbr title="−20/21">95.2%</abbr> of its health!)</small><br></div><div class="battle-history"><small>Onix was burned!</small><br></div><div class="battle-history"><small>(Onix used its Berry Juice!)</small><br></div><div class="battle-history"><small>Onix restored HP using its Berry Juice!</small><br></div><div class="spacer battle-history"><br></div><div class="battle-history">Onix used <strong>Earthquake</strong>!<br></div><div class="battle-history"><small>It's super effective!</small><br></div><div class="battle-history"><small>(The opposing Chinchou lost <abbr title="−16/24">66.7%</abbr> of its health!)</small><br></div><div class="spacer battle-history"><br></div><div class="battle-history"><small>Onix was hurt by its burn!</small><br></div><div class="spacer battle-history"><br></div><h2 class="battle-history">Turn 2</h2><div class="spacer battle-history"><br></div><div class="battle-history">The opposing Chinchou used <strong>Scald</strong>!<br></div><div class="battle-history"><small>It's super effective!</small><br></div><div class="battle-history"><small>(Onix lost <abbr title="−19/21">90.5%</abbr> of its health!)</small><br></div><div class="spacer battle-history"><br></div><div class="battle-history">Onix fainted!<br></div><div class="spacer battle-history"><br></div><div class="battle-history">Go! <strong>Vulpix</strong>!<br></div><div class="battle-history"><small>[Vulpix's Drought]</small><br><small>The sunlight turned harsh!</small><br></div><div class="spacer battle-history"><br></div><h2 class="battle-history">Turn 3</h2><div class="spacer battle-history"><br></div><div class="battle-history">DyN Ivao withdrew Chinchou!<br></div><div class="battle-history">DyN Ivao sent out <strong>Hippopotas</strong>!<br></div><div class="battle-history"><small>[The opposing Hippopotas's Sand Stream]</small><br><small>A sandstorm kicked up!</small><br></div><div class="spacer battle-history"><br></div><div class="battle-history">Vulpix used <strong>Fire Blast</strong>!<br></div><div class="battle-history"><small>The opposing Hippopotas avoided the attack!</small><br></div><div class="spacer battle-history"><br></div><div class="battle-history"><small>The sandstorm is raging.</small><br></div><div class="battle-history"><small>Vulpix is buffeted by the sandstorm!</small><br></div><div class="spacer battle-history"><br></div><h2 class="battle-history">Turn 4</h2><div class="spacer battle-history"><br></div><div class="battle-history">Vulpix, come back!<br></div><div class="battle-history">Go! <strong>Natu</strong>!<br></div><div class="spacer battle-history"><br></div><div class="battle-history">DyN Ivao withdrew Hippopotas!<br></div><div class="battle-history">DyN Ivao sent out <strong>Sandshrew</strong>!<br></div><div class="spacer battle-history"><br></div><div class="battle-history"><small>The sandstorm is raging.</small><br></div><div class="battle-history"><small>Natu is buffeted by the sandstorm!</small><br></div><div class="spacer battle-history"><br></div><h2 class="battle-history">Turn 5</h2><div class="spacer battle-history"><br></div><div class="battle-history">Natu, come back!<br></div><div class="battle-history">Go! <strong>Vulpix</strong>!<br></div><div class="battle-history"><small>[Vulpix's Drought]</small><br><small>The sunlight turned harsh!</small><br></div><div class="spacer battle-history"><br></div><div class="battle-history">The opposing Sandshrew used <strong>Knock Off</strong>!<br></div><div class="battle-history"><small>(Vulpix lost <abbr title="−11/20">55.0%</abbr> of its health!)</small><br></div><div class="battle-history"><small>The opposing Sandshrew knocked off Vulpix's Choice Scarf!</small><br></div><div class="spacer battle-history"><br></div><div class="battle-history"><small>(The sunlight is strong!)</small><br></div><div class="spacer battle-history"><br></div><h2 class="battle-history">Turn 6</h2><div class="spacer battle-history"><br></div><div class="battle-history">DyN Ivao withdrew Sandshrew!<br></div><div class="battle-history">DyN Ivao sent out <strong>Numel</strong>!<br></div><div class="spacer battle-history"><br></div><div class="battle-history">Vulpix used <strong>Fire Blast</strong>!<br></div><div class="battle-history"><small>It's not very effective...</small><br></div><div class="battle-history"><small>(The opposing Numel lost <abbr title="−6/23">26.1%</abbr> of its health!)</small><br></div><div class="spacer battle-history"><br></div><div class="battle-history"><small>(The sunlight is strong!)</small><br></div><div class="spacer battle-history"><br></div><h2 class="battle-history">Turn 7</h2><div class="spacer battle-history"><br></div><div class="battle-history">Vulpix, come back!<br></div><div class="battle-history">Go! <strong>Natu</strong>!<br></div><div class="spacer battle-history"><br></div><div class="battle-history">The opposing Numel used <strong>Ancient Power</strong>!<br></div><div class="battle-history"><small>It's super effective!</small><br></div><div class="battle-history"><small>(Natu lost <abbr title="−10/23">43.5%</abbr> of its health!)</small><br></div><div class="spacer battle-history"><br></div><div class="battle-history"><small>(The sunlight is strong!)</small><br></div><div class="spacer battle-history"><br></div><h2 class="battle-history">Turn 8</h2><div class="spacer battle-history"><br></div><div class="battle-history">Natu used <strong>Psychic</strong>!<br></div><div class="battle-history"><small>(The opposing Numel lost <abbr title="−7/23">30.4%</abbr> of its health!)</small><br></div><div class="battle-history"><small>The opposing Numel's Special Defense fell!</small><br></div><div class="spacer battle-history"><br></div><div class="battle-history">The opposing Numel used <strong>Ancient Power</strong>!<br></div><div class="battle-history"><small>It's super effective!</small><br></div><div class="battle-history"><small>(Natu lost <abbr title="−10/23">43.5%</abbr> of its health!)</small><br></div><div class="battle-history"><small>The opposing Numel's Attack rose!</small><br></div><div class="battle-history"><small>The opposing Numel's Defense rose!</small><br></div><div class="battle-history"><small>The opposing Numel's Special Attack rose!</small><br></div><div class="battle-history"><small>The opposing Numel's Special Defense rose!</small><br></div><div class="battle-history"><small>The opposing Numel's Speed rose!</small><br></div><div class="spacer battle-history"><br></div><div class="battle-history"><small>(The sunlight is strong!)</small><br></div><div class="spacer battle-history"><br></div><h2 class="battle-history">Turn 9</h2><div class="spacer battle-history"><br></div><div class="battle-history">The opposing Numel used <strong>Lava Plume</strong>!<br></div><div class="battle-history"><small>(Natu lost <abbr title="−2/23">8.7%</abbr> of its health!)</small><br></div><div class="spacer battle-history"><br></div><div class="battle-history">Natu fainted!<br></div><div class="spacer battle-history"><br></div><div class="battle-history"><small>The sunlight faded.</small><br></div><div class="spacer battle-history"><br></div><div class="battle-history">Go! <strong>Vulpix</strong>!<br></div><div class="battle-history"><small>[Vulpix's Drought]</small><br><small>The sunlight turned harsh!</small><br></div><div class="spacer battle-history"><br></div><h2 class="battle-history">Turn 10</h2><div class="spacer battle-history"><br></div><div class="battle-history">Vulpix used <strong>Hypnosis</strong>!<br></div><div class="battle-history"><small>The opposing Numel fell asleep!</small><br></div><div class="spacer battle-history"><br></div><div class="battle-history">The opposing Numel is fast asleep.<br></div><div class="spacer battle-history"><br></div><div class="battle-history"><small>(The sunlight is strong!)</small><br></div><div class="spacer battle-history"><br></div><h2 class="battle-history">Turn 11</h2><div class="spacer battle-history"><br></div><div class="battle-history">Vulpix, come back!<br></div><div class="battle-history">Go! <strong>Bulbasaur</strong>!<br></div><div class="battle-history"><small>The opposing Numel woke up!</small><br></div><div class="spacer battle-history"><br></div><div class="battle-history">The opposing Numel used <strong>Ancient Power</strong>!<br></div><div class="battle-history"><small>(Bulbasaur lost <abbr title="−8/21">38.1%</abbr> of its health!)</small><br></div><div class="battle-history"><small>The opposing Numel's Attack rose!</small><br></div><div class="battle-history"><small>The opposing Numel's Defense rose!</small><br></div><div class="battle-history"><small>The opposing Numel's Special Attack rose!</small><br></div><div class="battle-history"><small>The opposing Numel's Special Defense rose!</small><br></div><div class="battle-history"><small>The opposing Numel's Speed rose!</small><br></div><div class="spacer battle-history"><br></div><div class="battle-history"><small>(The sunlight is strong!)</small><br></div><div class="spacer battle-history"><br></div><h2 class="battle-history">Turn 12</h2><div class="spacer battle-history"><br></div><div class="battle-history">Bulbasaur used <strong>Solar Beam</strong>!<br></div><div class="battle-history"><small>Bulbasaur absorbed light!</small><br></div><div class="battle-history"><small>(The opposing Numel lost <abbr title="−10/23">43.5%</abbr> of its health!)</small><br></div><div class="battle-history"><small>Bulbasaur lost some of its HP!</small><br></div><div class="spacer battle-history"><br></div><div class="battle-history">The opposing Numel fainted!<br></div><div class="spacer battle-history"><br></div><div class="battle-history"><small>(The sunlight is strong!)</small><br></div><div class="spacer battle-history"><br></div><div class="battle-history">DyN Ivao sent out <strong>Hippopotas</strong>!<br></div><div class="battle-history"><small>[The opposing Hippopotas's Sand Stream]</small><br><small>A sandstorm kicked up!</small><br></div><div class="spacer battle-history"><br></div><h2 class="battle-history">Turn 13</h2><div class="spacer battle-history"><br></div><div class="battle-history">DyN Ivao withdrew Hippopotas!<br></div><div class="battle-history">DyN Ivao sent out <strong>Sandshrew</strong>!<br></div><div class="spacer battle-history"><br></div><div class="battle-history">Bulbasaur used <strong>Sleep Powder</strong>!<br></div><div class="battle-history"><small>The opposing Sandshrew fell asleep!</small><br></div><div class="spacer battle-history"><br></div><div class="battle-history"><small>The sandstorm is raging.</small><br></div><div class="battle-history"><small>Bulbasaur is buffeted by the sandstorm!</small><br></div><div class="spacer battle-history"><br></div><h2 class="battle-history">Turn 14</h2><div class="spacer battle-history"><br></div><div class="battle-history">Bulbasaur, come back!<br></div><div class="battle-history">Go! <strong>Vulpix</strong>!<br></div><div class="battle-history"><small>[Vulpix's Drought]</small><br><small>The sunlight turned harsh!</small><br></div><div class="spacer battle-history"><br></div><div class="battle-history">The opposing Sandshrew is fast asleep.<br></div><div class="spacer battle-history"><br></div><div class="battle-history"><small>(The sunlight is strong!)</small><br></div><div class="spacer battle-history"><br></div><h2 class="battle-history">Turn 15</h2><div class="spacer battle-history"><br></div><div class="battle-history">DyN Ivao withdrew Sandshrew!<br></div><div class="battle-history">DyN Ivao sent out <strong>Hippopotas</strong>!<br></div><div class="battle-history"><small>[The opposing Hippopotas's Sand Stream]</small><br><small>A sandstorm kicked up!</small><br></div><div class="spacer battle-history"><br></div><div class="battle-history">Vulpix used <strong>Fire Blast</strong>!<br></div><div class="battle-history"><small>(The opposing Hippopotas lost <abbr title="−9/25">36%</abbr> of its health!)</small><br></div><div class="spacer battle-history"><br></div><div class="battle-history"><small>The sandstorm is raging.</small><br></div><div class="battle-history"><small>Vulpix is buffeted by the sandstorm!</small><br></div><div class="spacer battle-history"><br></div><h2 class="battle-history">Turn 16</h2><div class="spacer battle-history"><br></div><div class="battle-history">Vulpix, come back!<br></div><div class="battle-history">Go! <strong>Abra</strong>!<br></div><div class="spacer battle-history"><br></div><div class="battle-history">The opposing Hippopotas used <strong>Stealth Rock</strong>!<br></div><div class="battle-history"><small>Pointed stones float in the air around your team!</small><br></div><div class="spacer battle-history"><br></div><div class="battle-history"><small>The sandstorm is raging.</small><br></div><div class="spacer battle-history"><br></div><h2 class="battle-history">Turn 17</h2><div class="spacer battle-history"><br></div><div class="battle-history">Abra used <strong>Psychic</strong>!<br></div><div class="battle-history"><small>(The opposing Hippopotas lost <abbr title="−10/25">40%</abbr> of its health!)</small><br></div><div class="spacer battle-history"><br></div><div class="battle-history">The opposing Hippopotas used <strong>Earthquake</strong>!<br></div><div class="battle-history"><small>Abra hung on using its Focus Sash!</small><br></div><div class="battle-history"><small>(Abra lost <abbr title="−18/19">94.7%</abbr> of its health!)</small><br></div><div class="spacer battle-history"><br></div><div class="battle-history"><small>The sandstorm is raging.</small><br></div><div class="spacer battle-history"><br></div><h2 class="battle-history">Turn 18</h2><div class="spacer battle-history"><br></div><div class="battle-history">DyN Ivao withdrew Hippopotas!<br></div><div class="battle-history">DyN Ivao sent out <strong>Chinchou</strong>!<br></div><div class="spacer battle-history"><br></div><div class="battle-history">Abra used <strong>Psychic</strong>!<br></div><div class="battle-history"><small>(The opposing Chinchou lost <abbr title="−8/24">33.3%</abbr> of its health!)</small><br></div><div class="spacer battle-history"><br></div><div class="battle-history">The opposing Chinchou fainted!<br></div><div class="spacer battle-history"><br></div><div class="battle-history"><small>The sandstorm is raging.</small><br></div><div class="spacer battle-history"><br></div><div class="battle-history">DyN Ivao sent out <strong>Croagunk</strong>!<br></div><div class="spacer battle-history"><br></div><h2 class="battle-history">Turn 19</h2><div class="spacer battle-history"><br></div><div class="battle-history">Abra, come back!<br></div><div class="battle-history">Go! <strong>Ponyta</strong>!<br></div><div class="battle-history"><small>Pointed stones dug into Ponyta!</small><br></div><div class="spacer battle-history"><br></div><div class="battle-history">The opposing Croagunk used <strong>Vacuum Wave</strong>!<br></div><div class="battle-history"><small>(Ponyta lost <abbr title="−4/21">19.0%</abbr> of its health!)</small><br></div><div class="spacer battle-history"><br></div><div class="battle-history"><small>The sandstorm subsided.</small><br></div><div class="spacer battle-history"><br></div><h2 class="battle-history">Turn 20</h2><div class="spacer battle-history"><br></div><div class="battle-history">Ponyta used <strong>Will-O-Wisp</strong>!<br></div><div class="battle-history"><small>The opposing Croagunk avoided the attack!</small><br></div><div class="spacer battle-history"><br></div><div class="battle-history">The opposing Croagunk used <strong>Knock Off</strong>!<br></div><div class="battle-history"><small>(Ponyta lost <abbr title="−5/21">23.8%</abbr> of its health!)</small><br></div><div class="battle-history"><small>The opposing Croagunk knocked off Ponyta's Eviolite!</small><br></div><div class="spacer battle-history"><br></div><h2 class="battle-history">Turn 21</h2><div class="spacer battle-history"><br></div><div class="battle-history">DyN Ivao withdrew Croagunk!<br></div><div class="battle-history">DyN Ivao sent out <strong>Sandshrew</strong>!<br></div><div class="spacer battle-history"><br></div><div class="battle-history">Ponyta used <strong>Morning Sun</strong>!<br></div><div class="battle-history"><small>Ponyta restored its HP.</small><br></div><div class="spacer battle-history"><br></div><h2 class="battle-history">Turn 22</h2><div class="spacer battle-history"><br></div><div class="battle-history">Ponyta used <strong>Flare Blitz</strong>!<br></div><div class="battle-history"><small>(The opposing Sandshrew lost <abbr title="−9/23">39.1%</abbr> of its health!)</small><br></div><div class="battle-history"><small>Ponyta is damaged by the recoil!</small><br></div><div class="battle-history"><small>The opposing Sandshrew woke up!</small><br></div><div class="spacer battle-history"><br></div><div class="battle-history">The opposing Sandshrew used <strong>Earthquake</strong>!<br></div><div class="battle-history"><small>It's super effective!</small><br></div><div class="battle-history"><small>(Ponyta lost <abbr title="−14/21">66.7%</abbr> of its health!)</small><br></div><div class="spacer battle-history"><br></div><div class="battle-history">Ponyta fainted!<br></div><div class="spacer battle-history"><br></div><div class="battle-history">Go! <strong>Abra</strong>!<br></div><div class="spacer battle-history"><br></div><h2 class="battle-history">Turn 23</h2><div class="spacer battle-history"><br></div><div class="battle-history">DyN Ivao withdrew Sandshrew!<br></div><div class="battle-history">DyN Ivao sent out <strong>Hippopotas</strong>!<br></div><div class="battle-history"><small>[The opposing Hippopotas's Sand Stream]</small><br><small>A sandstorm kicked up!</small><br></div><div class="spacer battle-history"><br></div><div class="battle-history">Abra used <strong>Psychic</strong>!<br></div><div class="battle-history"><small>(The opposing Hippopotas lost <abbr title="−6/25">24%</abbr> of its health!)</small><br></div><div class="spacer battle-history"><br></div><div class="battle-history">The opposing Hippopotas fainted!<br></div><div class="spacer battle-history"><br></div><div class="battle-history"><small>The sandstorm is raging.</small><br></div><div class="spacer battle-history"><br></div><div class="battle-history">DyN Ivao sent out <strong>Croagunk</strong>!<br></div><div class="spacer battle-history"><br></div><h2 class="battle-history">Turn 24</h2><div class="spacer battle-history"><br></div><div class="battle-history">Abra used <strong>Protect</strong>!<br></div><div class="battle-history"><small>Abra protected itself!</small><br></div><div class="spacer battle-history"><br></div><div class="battle-history">The opposing Croagunk used <strong>Vacuum Wave</strong>!<br></div><div class="battle-history"><small>Abra protected itself!</small><br></div><div class="spacer battle-history"><br></div><div class="battle-history"><small>The sandstorm is raging.</small><br></div><div class="battle-history"><small>The opposing Croagunk is buffeted by the sandstorm!</small><br></div><div class="spacer battle-history"><br></div><h2 class="battle-history">Turn 25</h2><div class="spacer battle-history"><br></div><div class="battle-history">The opposing Croagunk used <strong>Vacuum Wave</strong>!<br></div><div class="battle-history"><small>It's not very effective...</small><br></div><div class="battle-history"><small>(Abra lost <abbr title="−1/19">5.3%</abbr> of its health!)</small><br></div><div class="spacer battle-history"><br></div><div class="battle-history">Abra fainted!<br></div><div class="spacer battle-history"><br></div><div class="battle-history"><small>The sandstorm is raging.</small><br></div><div class="battle-history"><small>The opposing Croagunk is buffeted by the sandstorm!</small><br></div><div class="spacer battle-history"><br></div><div class="battle-history">Go! <strong>Vulpix</strong>!<br></div><div class="battle-history"><small>Pointed stones dug into Vulpix!</small><br></div><div class="battle-history"><small>[Vulpix's Drought]</small><br><small>The sunlight turned harsh!</small><br></div><div class="spacer battle-history"><br></div><h2 class="battle-history">Turn 26</h2><div class="spacer battle-history"><br></div><div class="battle-history">The opposing Croagunk used <strong>Vacuum Wave</strong>!<br></div><div class="battle-history"><small>(Vulpix lost <abbr title="−2/20">10%</abbr> of its health!)</small><br></div><div class="spacer battle-history"><br></div><div class="battle-history">Vulpix fainted!<br></div><div class="spacer battle-history"><br></div><div class="battle-history"><small>(The sunlight is strong!)</small><br></div><div class="battle-history"><small>[The opposing Croagunk's Dry Skin]</small><br><small>(The opposing Croagunk was hurt by its Dry Skin.)</small><br></div><div class="spacer battle-history"><br></div><div class="battle-history">Go! <strong>Bulbasaur</strong>!<br></div><div class="battle-history"><small>Pointed stones dug into Bulbasaur!</small><br></div><div class="spacer battle-history"><br></div><h2 class="battle-history">Turn 27</h2><div class="spacer battle-history"><br></div><div class="battle-history">Bulbasaur used <strong>Hidden Power</strong>!<br></div><div class="battle-history"><small>(The opposing Croagunk lost <abbr title="−10/23">43.5%</abbr> of its health!)</small><br></div><div class="battle-history"><small>Bulbasaur lost some of its HP!</small><br></div><div class="spacer battle-history"><br></div><div class="battle-history">The opposing Croagunk used <strong>Knock Off</strong>!<br></div><div class="battle-history"><small>(Bulbasaur lost <abbr title="−6/21">28.6%</abbr> of its health!)</small><br></div><div class="battle-history"><small>The opposing Croagunk knocked off Bulbasaur's Life Orb!</small><br></div><div class="spacer battle-history"><br></div><div class="battle-history">Bulbasaur fainted!<br></div><div class="spacer battle-history"><br></div><div class="battle-history"><strong>DyN Ivao</strong> won the battle!<br></div><div class="chat"><small>ROCKM4N left.</small></div></div><div class="inner-preempt"></div></div></div>
</div>
<script>
let daily = Math.floor(Date.now()/1000/60/60/24);document.write('<script src="https://play.pokemonshowdown.com/js/replay-embed.js?version'+daily+'"></'+'script>');
</script>
