<!DOCTYPE html>
<meta charset="utf-8" />
<!-- version 1 -->
<title>LC replay: ch3ngy vs. 343ooooooooooooooo</title>
<style>
html,body {font-family:Verdana, sans-serif;font-size:10pt;margin:0;padding:0;}body{padding:12px 0;} .battle-log {font-family:Verdana, sans-serif;font-size:10pt;} .battle-log-inline {border:1px solid #AAAAAA;background:#EEF2F5;color:black;max-width:640px;margin:0 auto 80px;padding-bottom:5px;} .battle-log .inner {padding:4px 8px 0px 8px;} .battle-log .inner-preempt {padding:0 8px 4px 8px;} .battle-log .inner-after {margin-top:0.5em;} .battle-log h2 {margin:0.5em -8px;padding:4px 8px;border:1px solid #AAAAAA;background:#E0E7EA;border-left:0;border-right:0;font-family:Verdana, sans-serif;font-size:13pt;} .battle-log .chat {vertical-align:middle;padding:3px 0 3px 0;font-size:8pt;} .battle-log .chat strong {color:#40576A;} .battle-log .chat em {padding:1px 4px 1px 3px;color:#000000;font-style:normal;} .chat.mine {background:rgba(0,0,0,0.05);margin-left:-8px;margin-right:-8px;padding-left:8px;padding-right:8px;} .spoiler {color:#BBBBBB;background:#BBBBBB;padding:0px 3px;} .spoiler:hover, .spoiler:active, .spoiler-shown {color:#000000;background:#E2E2E2;padding:0px 3px;} .spoiler a {color:#BBBBBB;} .spoiler:hover a, .spoiler:active a, .spoiler-shown a {color:#2288CC;} .chat code, .chat .spoiler:hover code, .chat .spoiler:active code, .chat .spoiler-shown code {border:1px solid #C0C0C0;background:#EEEEEE;color:black;padding:0 2px;} .chat .spoiler code {border:1px solid #CCCCCC;background:#CCCCCC;color:#CCCCCC;} .battle-log .rated {padding:3px 4px;} .battle-log .rated strong {color:white;background:#89A;padding:1px 4px;border-radius:4px;} .spacer {margin-top:0.5em;} .message-announce {background:#6688AA;color:white;padding:1px 4px 2px;} .message-announce a, .broadcast-green a, .broadcast-blue a, .broadcast-red a {color:#DDEEFF;} .broadcast-green {background-color:#559955;color:white;padding:2px 4px;} .broadcast-blue {background-color:#6688AA;color:white;padding:2px 4px;} .infobox {border:1px solid #6688AA;padding:2px 4px;} .infobox-limited {max-height:200px;overflow:auto;overflow-x:hidden;} .broadcast-red {background-color:#AA5544;color:white;padding:2px 4px;} .message-learn-canlearn {font-weight:bold;color:#228822;text-decoration:underline;} .message-learn-cannotlearn {font-weight:bold;color:#CC2222;text-decoration:underline;} .message-effect-weak {font-weight:bold;color:#CC2222;} .message-effect-resist {font-weight:bold;color:#6688AA;} .message-effect-immune {font-weight:bold;color:#666666;} .message-learn-list {margin-top:0;margin-bottom:0;} .message-throttle-notice, .message-error {color:#992222;} .message-overflow, .chat small.message-overflow {font-size:0pt;} .message-overflow::before {font-size:9pt;content:'...';} .subtle {color:#3A4A66;}
</style>
<div class="wrapper replay-wrapper" style="max-width:1180px;margin:0 auto">
<input type="hidden" name="replayid" value="lc-501291821" />
<div class="battle"></div><div class="battle-log"></div><div class="replay-controls"></div><div class="replay-controls-2"></div>
<h1 style="font-weight:normal;text-align:center"><strong>LC</strong><br /><a href="http://pokemonshowdown.com/users/ch3ngy" class="subtle" target="_blank">ch3ngy</a> vs. <a href="http://pokemonshowdown.com/users/343ooooooooooooooo" class="subtle" target="_blank">343ooooooooooooooo</a></h1>
<script type="text/plain" class="battle-log-data">|j|ch3ngy
|j|343ooooooooooooooo
|player|p1|ch3ngy|29
|player|p2|343ooooooooooooooo|1
|gametype|singles
|gen|6
|tier|LC
|rated
|seed|54100,2335,57127,35447
|clearpoke
|poke|p1|Staryu, L5|item
|poke|p1|Totodile, L5, M|item
|poke|p1|Onix, L5, F|item
|poke|p1|Bulbasaur, L5, M|item
|poke|p1|Torchic, L5, F|item
|poke|p1|Spinarak, L5, F|item
|poke|p2|Archen, L5, F|item
|poke|p2|Mienfoo, L5, M|item
|poke|p2|Pawniard, L5, M|item
|poke|p2|Cottonee, L5, F|item
|poke|p2|Ponyta, L5, M|item
|poke|p2|Carvanha, L5, F|item
|rule|Sleep Clause Mod: Limit one foe put to sleep
|rule|Species Clause: Limit one of each Pokémon
|rule|OHKO Clause: OHKO moves are banned
|rule|Moody Clause: Moody is banned
|rule|Evasion Moves Clause: Evasion moves are banned
|rule|Endless Battle Clause: Forcing endless battles is banned
|rule|HP Percentage Mod: HP is shown in percentages
|teampreview
|choice|team 6, team 2, team 3, team 4, team 5, team 1|team 6, team 2, team 3, team 4, team 5, team 1
|
|start
|switch|p1a: Spinarak|Spinarak, L5, F|22\/22
|switch|p2a: Carvanha|Carvanha, L5, F|21\/21
|turn|1
|choice|move stickyweb|move protect
|
|move|p2a: Carvanha|Protect|p2a: Carvanha
|-singleturn|p2a: Carvanha|Protect
|move|p1a: Spinarak|Sticky Web|p2a: Carvanha
|-sidestart|p2: 343ooooooooooooooo|move: Sticky Web
|
|-ability|p2a: Carvanha|Speed Boost|boost
|-boost|p2a: Carvanha|spe|1
|upkeep
|turn|2
|choice|move poisonjab|move waterfall
|
|move|p2a: Carvanha|Waterfall|p1a: Spinarak
|-enditem|p1a: Spinarak|Focus Sash
|-damage|p1a: Spinarak|1\/22
|-damage|p2a: Carvanha|19\/21|[from] item: Life Orb
|move|p1a: Spinarak|Poison Jab|p2a: Carvanha
|-damage|p2a: Carvanha|1\/21
|
|-ability|p2a: Carvanha|Speed Boost|boost
|-boost|p2a: Carvanha|spe|1
|upkeep
|turn|3
|choice|move toxicspikes|move crunch
|
|move|p2a: Carvanha|Crunch|p1a: Spinarak
|-damage|p1a: Spinarak|0 fnt
|-damage|p2a: Carvanha|0 fnt|[from] item: Life Orb
|faint|p1a: Spinarak
|faint|p2a: Carvanha
|
|upkeep
|choice|switch 6|switch 2
|
|switch|p1a: Staryu|Staryu, L5|20\/20
|switch|p2a: Mienfoo|Mienfoo, L5, M|21\/21
|-activate|p2a: Mienfoo|move: Sticky Web
|-unboost|p2a: Mienfoo|spe|1
|turn|4
|choice|move scald|move uturn
|
|move|p1a: Staryu|Scald|p2a: Mienfoo
|-damage|p2a: Mienfoo|14\/21
|move|p2a: Mienfoo|U-turn|p1a: Staryu
|-damage|p1a: Staryu|14\/20
|choice||switch 3
|
|switch|p2a: Pawniard|Pawniard, L5, M|21\/21
|-activate|p2a: Pawniard|move: Sticky Web
|-unboost|p2a: Pawniard|spe|1
|-ability|p2a: Pawniard|Defiant|boost
|-boost|p2a: Pawniard|atk|2
|
|upkeep
|turn|5
|choice|move scald|move pursuit
|
|move|p1a: Staryu|Scald|p2a: Pawniard
|-damage|p2a: Pawniard|8\/21
|move|p2a: Pawniard|Pursuit|p1a: Staryu
|-damage|p1a: Staryu|5\/20
|
|upkeep
|turn|6
|choice|move scald|switch 4
|
|switch|p2a: Cottonee|Cottonee, L5, F|21\/21
|-activate|p2a: Cottonee|move: Sticky Web
|-unboost|p2a: Cottonee|spe|1
|move|p1a: Staryu|Scald|p2a: Cottonee
|-resisted|p2a: Cottonee
|-damage|p2a: Cottonee|18\/21
|-status|p2a: Cottonee|brn
|
|-damage|p2a: Cottonee|16\/21 brn|[from] brn
|upkeep
|turn|7
|choice|switch 4|move dazzlinggleam
|
|switch|p1a: Bulbasaur|Bulbasaur, L5, M|21\/21
|move|p2a: Cottonee|Dazzling Gleam|p1a: Bulbasaur
|-resisted|p1a: Bulbasaur
|-damage|p1a: Bulbasaur|18\/21
|
|-damage|p2a: Cottonee|14\/21 brn|[from] brn
|upkeep
|turn|8
|choice|move gigadrain|move knockoff
|
|move|p1a: Bulbasaur|Giga Drain|p2a: Cottonee
|-resisted|p2a: Cottonee
|-damage|p2a: Cottonee|10\/21 brn
|-heal|p1a: Bulbasaur|20\/21|[from] drain|[of] p2a: Cottonee
|move|p2a: Cottonee|Knock Off|p1a: Bulbasaur
|-damage|p1a: Bulbasaur|18\/21
|-enditem|p1a: Bulbasaur|Eviolite|[from] move: Knock Off|[of] p2a: Cottonee
|
|-damage|p2a: Cottonee|8\/21 brn|[from] brn
|upkeep
|turn|9
|choice|move sludgebomb|switch 5
|
|switch|p2a: Ponyta|Ponyta, L5, M|21\/21
|-activate|p2a: Ponyta|move: Sticky Web
|-unboost|p2a: Ponyta|spe|1
|move|p1a: Bulbasaur|Sludge Bomb|p2a: Ponyta
|-damage|p2a: Ponyta|14\/21
|
|upkeep
|turn|10
|choice|switch 4|move flareblitz
|
|switch|p1a: Staryu|Staryu, L5|5\/20
|move|p2a: Ponyta|Flare Blitz|p1a: Staryu
|-resisted|p1a: Staryu
|-damage|p1a: Staryu|0 fnt
|-damage|p2a: Ponyta|12\/21|[from] recoil|[of] p1a: Staryu
|faint|p1a: Staryu
|
|upkeep
|choice|switch 5|
|
|switch|p1a: Torchic|Torchic, L5, F|21\/21
|turn|11
|choice|move swordsdance|move toxic
|
|move|p1a: Torchic|Swords Dance|p1a: Torchic
|-boost|p1a: Torchic|atk|2
|move|p2a: Ponyta|Toxic|p1a: Torchic
|-status|p1a: Torchic|tox
|
|-damage|p1a: Torchic|20\/21 tox|[from] psn
|-ability|p1a: Torchic|Speed Boost|boost
|-boost|p1a: Torchic|spe|1
|upkeep
|turn|12
|choice|move substitute|move morningsun
|
|move|p1a: Torchic|Substitute|p1a: Torchic
|-start|p1a: Torchic|Substitute
|-damage|p1a: Torchic|15\/21 tox
|move|p2a: Ponyta|Morning Sun|p2a: Ponyta
|-heal|p2a: Ponyta|21\/21
|
|-damage|p1a: Torchic|13\/21 tox|[from] psn
|-ability|p1a: Torchic|Speed Boost|boost
|-boost|p1a: Torchic|spe|1
|upkeep
|turn|13
|choice|move swordsdance|move flareblitz
|
|move|p1a: Torchic|Swords Dance|p1a: Torchic
|-boost|p1a: Torchic|atk|2
|move|p2a: Ponyta|Flare Blitz|p1a: Torchic
|-resisted|p1a: Torchic
|-end|p1a: Torchic|Substitute
|-damage|p2a: Ponyta|19\/21|[from] recoil|[of] p1a: Torchic
|
|-damage|p1a: Torchic|10\/21 tox|[from] psn
|-ability|p1a: Torchic|Speed Boost|boost
|-boost|p1a: Torchic|spe|1
|upkeep
|-enditem|p1a: Torchic|Berry Juice
|-heal|p1a: Torchic|21\/21 tox|[from] item: Berry Juice
|turn|14
|choice|move batonpass|move morningsun
|
|move|p1a: Torchic|Baton Pass|p1a: Torchic
|choice|switch 2|
|
|switch|p1a: Totodile|Totodile, L5, M|21\/21
|move|p2a: Ponyta|Morning Sun|p2a: Ponyta
|-heal|p2a: Ponyta|21\/21
|
|upkeep
|turn|15
|choice|move waterfall|move toxic
|
|move|p1a: Totodile|Waterfall|p2a: Ponyta
|-supereffective|p2a: Ponyta
|-damage|p2a: Ponyta|0 fnt
|-status|p1a: Totodile|brn|[from] ability: Flame Body|[of] p2a: Ponyta
|faint|p2a: Ponyta
|
|-damage|p1a: Totodile|19\/21 brn|[from] brn
|upkeep
|choice||switch 3
|
|switch|p2a: Mienfoo|Mienfoo, L5, M|21\/21
|-activate|p2a: Mienfoo|move: Sticky Web
|-unboost|p2a: Mienfoo|spe|1
|turn|16
|choice|move waterfall|move drainpunch
|
|move|p1a: Totodile|Waterfall|p2a: Mienfoo
|-damage|p2a: Mienfoo|3\/21
|move|p2a: Mienfoo|Drain Punch|p1a: Totodile
|-damage|p1a: Totodile|9\/21 brn
|-heal|p2a: Mienfoo|8\/21|[from] drain|[of] p1a: Totodile
|
|-damage|p1a: Totodile|7\/21 brn|[from] brn
|upkeep
|turn|17
|choice|move waterfall|move uturn
|
|move|p1a: Totodile|Waterfall|p2a: Mienfoo
|-damage|p2a: Mienfoo|0 fnt
|faint|p2a: Mienfoo
|
|-damage|p1a: Totodile|5\/21 brn|[from] brn
|upkeep
|choice||switch 4
|
|switch|p2a: Pawniard|Pawniard, L5, M|8\/21
|-activate|p2a: Pawniard|move: Sticky Web
|-unboost|p2a: Pawniard|spe|1
|-ability|p2a: Pawniard|Defiant|boost
|-boost|p2a: Pawniard|atk|2
|turn|18
|choice|move waterfall|move pursuit
|
|move|p1a: Totodile|Waterfall|p2a: Pawniard
|-damage|p2a: Pawniard|0 fnt
|faint|p2a: Pawniard
|
|-damage|p1a: Totodile|3\/21 brn|[from] brn
|upkeep
|choice||switch 5
|
|switch|p2a: Cottonee|Cottonee, L5, F|8\/21 brn
|-activate|p2a: Cottonee|move: Sticky Web
|-unboost|p2a: Cottonee|spe|1
|turn|19
|choice|move icepunch|move dazzlinggleam
|
|move|p1a: Totodile|Ice Punch|p2a: Cottonee
|-supereffective|p2a: Cottonee
|-damage|p2a: Cottonee|0 fnt
|faint|p2a: Cottonee
|
|-damage|p1a: Totodile|1\/21 brn|[from] brn
|upkeep
|choice||switch 6
|
|switch|p2a: Archen|Archen, L5, F|23\/23
|turn|20
|choice|move aquajet|move acrobatics
|
|move|p1a: Totodile|Aqua Jet|p2a: Archen
|-supereffective|p2a: Archen
|-damage|p2a: Archen|2\/23
|-enditem|p2a: Archen|Berry Juice
|-heal|p2a: Archen|22\/23|[from] item: Berry Juice
|move|p2a: Archen|Acrobatics|p1a: Totodile
|-damage|p1a: Totodile|0 fnt
|faint|p1a: Totodile
|
|upkeep
|choice|switch 4|
|
|switch|p1a: Bulbasaur|Bulbasaur, L5, M|18\/21
|turn|21
|choice|move sludgebomb|move acrobatics
|
|move|p2a: Archen|Acrobatics|p1a: Bulbasaur
|-supereffective|p1a: Bulbasaur
|-damage|p1a: Bulbasaur|0 fnt
|faint|p1a: Bulbasaur
|
|upkeep
|choice|switch 2|
|
|switch|p1a: Torchic|Torchic, L5, F|21\/21 tox
|turn|22
|choice|move swordsdance|move earthquake
|
|move|p2a: Archen|Earthquake|p1a: Torchic
|-supereffective|p1a: Torchic
|-damage|p1a: Torchic|0 fnt
|faint|p1a: Torchic
|
|upkeep
|choice|switch 3|
|
|switch|p1a: Onix|Onix, L5, F|21\/21
|turn|23
|choice|move rockblast|move earthquake
|
|move|p1a: Onix|Rock Blast|p2a: Archen
|-supereffective|p2a: Archen
|-damage|p2a: Archen|14\/23
|-supereffective|p2a: Archen
|-damage|p2a: Archen|6\/23
|-hitcount|p2a: Archen|2
|move|p2a: Archen|Earthquake|p1a: Onix
|-supereffective|p1a: Onix
|-damage|p1a: Onix|11\/21
|
|upkeep
|turn|24
|choice|move rockblast|move earthquake
|
|move|p2a: Archen|Earthquake|p1a: Onix
|-supereffective|p1a: Onix
|-damage|p1a: Onix|3\/21
|-enditem|p1a: Onix|Berry Juice
|-heal|p1a: Onix|21\/21|[from] item: Berry Juice
|move|p1a: Onix|Rock Blast|p2a: Archen
|-supereffective|p2a: Archen
|-damage|p2a: Archen|0 fnt
|-hitcount|p2a: Archen|1
|faint|p2a: Archen
|
|win|ch3ngy
|player|p1
|player|p2
|c|★343ooooooooooooooo|gg
|c|★ch3ngy|gg
|l|343ooooooooooooooo
||Ladder (probably) updated, but score could not be retrieved (Response not received).</script>
</div>
<div class="battle-log battle-log-inline"><div class="inner"><div class="battle-options"></div><div class="inner"><div class="chat"><small>ch3ngy joined.</small></div><div class="chat"><small>343ooooooooooooooo joined.</small></div><div class=""><small>Format:</small> <br><strong>LC</strong></div><div class="rated"><strong>Rated battle</strong></div><div class=""><small><em>Sleep Clause Mod:</em> Limit one foe put to sleep</small></div><div class=""><small><em>Species Clause:</em> Limit one of each Pokémon</small></div><div class=""><small><em>OHKO Clause:</em> OHKO moves are banned</small></div><div class=""><small><em>Moody Clause:</em> Moody is banned</small></div><div class=""><small><em>Evasion Moves Clause:</em> Evasion moves are banned</small></div><div class=""><small><em>Endless Battle Clause:</em> Forcing endless battles is banned</small></div><div class=""><small><em>HP Percentage Mod:</em> HP is shown in percentages</small></div><div class="chat battle-history"><strong>ch3ngy's team:</strong> <em style="color:#445566;display:block;">Staryu / Totodile / Onix / Bulbasaur / Torchic / Spinarak</em></div><div class="chat battle-history"><strong>343ooooooooooooooo's team:</strong> <em style="color:#445566;display:block;">Archen / Mienfoo / Pawniard / Cottonee / Ponyta / Carvanha</em></div><div class="spacer battle-history"><br></div><div class="battle-history">Battle started between ch3ngy and 343ooooooooooooooo!<br></div><div class="spacer battle-history"><br></div><div class="battle-history">Go! <strong>Spinarak</strong>!<br></div><div class="spacer battle-history"><br></div><div class="battle-history">343ooooooooooooooo sent out <strong>Carvanha</strong>!<br></div><div class="spacer battle-history"><br></div><h2 class="battle-history">Turn 1</h2><div class="spacer battle-history"><br></div><div class="battle-history">The opposing Carvanha used <strong>Protect</strong>!<br></div><div class="battle-history"><small>The opposing Carvanha protected itself!</small><br></div><div class="spacer battle-history"><br></div><div class="battle-history">Spinarak used <strong>Sticky Web</strong>!<br></div><div class="battle-history"><small>A sticky web spreads out on the ground around the opposing team!</small><br></div><div class="spacer battle-history"><br></div><div class="battle-history"><small>[The opposing Carvanha's Speed Boost]</small><br></div><div class="battle-history"><small>The opposing Carvanha's Speed rose!</small><br></div><div class="spacer battle-history"><br></div><h2 class="battle-history">Turn 2</h2><div class="spacer battle-history"><br></div><div class="battle-history">The opposing Carvanha used <strong>Waterfall</strong>!<br></div><div class="battle-history"><small>Spinarak hung on using its Focus Sash!</small><br></div><div class="battle-history"><small>(Spinarak lost <abbr title="−21/22">95.5%</abbr> of its health!)</small><br></div><div class="battle-history"><small>The opposing Carvanha lost some of its HP!</small><br></div><div class="spacer battle-history"><br></div><div class="battle-history">Spinarak used <strong>Poison Jab</strong>!<br></div><div class="battle-history"><small>(The opposing Carvanha lost <abbr title="−18/21">85.7%</abbr> of its health!)</small><br></div><div class="spacer battle-history"><br></div><div class="battle-history"><small>[The opposing Carvanha's Speed Boost]</small><br></div><div class="battle-history"><small>The opposing Carvanha's Speed rose!</small><br></div><div class="spacer battle-history"><br></div><h2 class="battle-history">Turn 3</h2><div class="spacer battle-history"><br></div><div class="battle-history">The opposing Carvanha used <strong>Crunch</strong>!<br></div><div class="battle-history"><small>(Spinarak lost <abbr title="−1/22">4.5%</abbr> of its health!)</small><br></div><div class="battle-history"><small>The opposing Carvanha lost some of its HP!</small><br></div><div class="spacer battle-history"><br></div><div class="battle-history">Spinarak fainted!<br></div><div class="battle-history">The opposing Carvanha fainted!<br></div><div class="spacer battle-history"><br></div><div class="battle-history">Go! <strong>Staryu</strong>!<br></div><div class="spacer battle-history"><br></div><div class="battle-history">343ooooooooooooooo sent out <strong>Mienfoo</strong>!<br></div><div class="battle-history"><small>The opposing Mienfoo was caught in a sticky web!</small><br></div><div class="battle-history"><small>The opposing Mienfoo's Speed fell!</small><br></div><div class="spacer battle-history"><br></div><h2 class="battle-history">Turn 4</h2><div class="spacer battle-history"><br></div><div class="battle-history">Staryu used <strong>Scald</strong>!<br></div><div class="battle-history"><small>(The opposing Mienfoo lost <abbr title="−7/21">33.3%</abbr> of its health!)</small><br></div><div class="spacer battle-history"><br></div><div class="battle-history">The opposing Mienfoo used <strong>U-turn</strong>!<br></div><div class="battle-history"><small>(Staryu lost <abbr title="−6/20">30%</abbr> of its health!)</small><br></div><div class="spacer battle-history"><br></div><div class="battle-history">The opposing Mienfoo went back to 343ooooooooooooooo!<br></div><div class="battle-history">343ooooooooooooooo sent out <strong>Pawniard</strong>!<br></div><div class="battle-history"><small>The opposing Pawniard was caught in a sticky web!</small><br></div><div class="battle-history"><small>The opposing Pawniard's Speed fell!</small><br></div><div class="battle-history"><small>[The opposing Pawniard's Defiant]</small><br></div><div class="battle-history"><small>The opposing Pawniard's Attack rose sharply!</small><br></div><div class="spacer battle-history"><br></div><h2 class="battle-history">Turn 5</h2><div class="spacer battle-history"><br></div><div class="battle-history">Staryu used <strong>Scald</strong>!<br></div><div class="battle-history"><small>(The opposing Pawniard lost <abbr title="−13/21">61.9%</abbr> of its health!)</small><br></div><div class="spacer battle-history"><br></div><div class="battle-history">The opposing Pawniard used <strong>Pursuit</strong>!<br></div><div class="battle-history"><small>(Staryu lost <abbr title="−9/20">45%</abbr> of its health!)</small><br></div><div class="spacer battle-history"><br></div><h2 class="battle-history">Turn 6</h2><div class="spacer battle-history"><br></div><div class="battle-history">343ooooooooooooooo withdrew Pawniard!<br></div><div class="battle-history">343ooooooooooooooo sent out <strong>Cottonee</strong>!<br></div><div class="battle-history"><small>The opposing Cottonee was caught in a sticky web!</small><br></div><div class="battle-history"><small>The opposing Cottonee's Speed fell!</small><br></div><div class="spacer battle-history"><br></div><div class="battle-history">Staryu used <strong>Scald</strong>!<br></div><div class="battle-history"><small>It's not very effective...</small><br></div><div class="battle-history"><small>(The opposing Cottonee lost <abbr title="−3/21">14.3%</abbr> of its health!)</small><br></div><div class="battle-history"><small>The opposing Cottonee was burned!</small><br></div><div class="spacer battle-history"><br></div><div class="battle-history"><small>The opposing Cottonee was hurt by its burn!</small><br></div><div class="spacer battle-history"><br></div><h2 class="battle-history">Turn 7</h2><div class="spacer battle-history"><br></div><div class="battle-history">Staryu, come back!<br></div><div class="battle-history">Go! <strong>Bulbasaur</strong>!<br></div><div class="spacer battle-history"><br></div><div class="battle-history">The opposing Cottonee used <strong>Dazzling Gleam</strong>!<br></div><div class="battle-history"><small>It's not very effective...</small><br></div><div class="battle-history"><small>(Bulbasaur lost <abbr title="−3/21">14.3%</abbr> of its health!)</small><br></div><div class="spacer battle-history"><br></div><div class="battle-history"><small>The opposing Cottonee was hurt by its burn!</small><br></div><div class="spacer battle-history"><br></div><h2 class="battle-history">Turn 8</h2><div class="spacer battle-history"><br></div><div class="battle-history">Bulbasaur used <strong>Giga Drain</strong>!<br></div><div class="battle-history"><small>It's not very effective...</small><br></div><div class="battle-history"><small>(The opposing Cottonee lost <abbr title="−4/21">19.0%</abbr> of its health!)</small><br></div><div class="battle-history"><small>The opposing Cottonee had its energy drained!</small><br></div><div class="spacer battle-history"><br></div><div class="battle-history">The opposing Cottonee used <strong>Knock Off</strong>!<br></div><div class="battle-history"><small>(Bulbasaur lost <abbr title="−2/21">9.5%</abbr> of its health!)</small><br></div><div class="battle-history"><small>The opposing Cottonee knocked off Bulbasaur's Eviolite!</small><br></div><div class="spacer battle-history"><br></div><div class="battle-history"><small>The opposing Cottonee was hurt by its burn!</small><br></div><div class="spacer battle-history"><br></div><h2 class="battle-history">Turn 9</h2><div class="spacer battle-history"><br></div><div class="battle-history">343ooooooooooooooo withdrew Cottonee!<br></div><div class="battle-history">343ooooooooooooooo sent out <strong>Ponyta</strong>!<br></div><div class="battle-history"><small>The opposing Ponyta was caught in a sticky web!</small><br></div><div class="battle-history"><small>The opposing Ponyta's Speed fell!</small><br></div><div class="spacer battle-history"><br></div><div class="battle-history">Bulbasaur used <strong>Sludge Bomb</strong>!<br></div><div class="battle-history"><small>(The opposing Ponyta lost <abbr title="−7/21">33.3%</abbr> of its health!)</small><br></div><div class="spacer battle-history"><br></div><h2 class="battle-history">Turn 10</h2><div class="spacer battle-history"><br></div><div class="battle-history">Bulbasaur, come back!<br></div><div class="battle-history">Go! <strong>Staryu</strong>!<br></div><div class="spacer battle-history"><br></div><div class="battle-history">The opposing Ponyta used <strong>Flare Blitz</strong>!<br></div><div class="battle-history"><small>It's not very effective...</small><br></div><div class="battle-history"><small>(Staryu lost <abbr title="−5/20">25%</abbr> of its health!)</small><br></div><div class="battle-history"><small>The opposing Ponyta is damaged by the recoil!</small><br></div><div class="spacer battle-history"><br></div><div class="battle-history">Staryu fainted!<br></div><div class="spacer battle-history"><br></div><div class="battle-history">Go! <strong>Torchic</strong>!<br></div><div class="spacer battle-history"><br></div><h2 class="battle-history">Turn 11</h2><div class="spacer battle-history"><br></div><div class="battle-history">Torchic used <strong>Swords Dance</strong>!<br></div><div class="battle-history"><small>Torchic's Attack rose sharply!</small><br></div><div class="spacer battle-history"><br></div><div class="battle-history">The opposing Ponyta used <strong>Toxic</strong>!<br></div><div class="battle-history"><small>Torchic was badly poisoned!</small><br></div><div class="spacer battle-history"><br></div><div class="battle-history"><small>Torchic was hurt by poison!</small><br></div><div class="battle-history"><small>[Torchic's Speed Boost]</small><br></div><div class="battle-history"><small>Torchic's Speed rose!</small><br></div><div class="spacer battle-history"><br></div><h2 class="battle-history">Turn 12</h2><div class="spacer battle-history"><br></div><div class="battle-history">Torchic used <strong>Substitute</strong>!<br></div><div class="battle-history"><small>Torchic put in a substitute!</small><br></div><div class="battle-history"><small>(Torchic lost <abbr title="−5/21">23.8%</abbr> of its health!)</small><br></div><div class="spacer battle-history"><br></div><div class="battle-history">The opposing Ponyta used <strong>Morning Sun</strong>!<br></div><div class="battle-history"><small>The opposing Ponyta restored its HP.</small><br></div><div class="spacer battle-history"><br></div><div class="battle-history"><small>Torchic was hurt by poison!</small><br></div><div class="battle-history"><small>[Torchic's Speed Boost]</small><br></div><div class="battle-history"><small>Torchic's Speed rose!</small><br></div><div class="spacer battle-history"><br></div><h2 class="battle-history">Turn 13</h2><div class="spacer battle-history"><br></div><div class="battle-history">Torchic used <strong>Swords Dance</strong>!<br></div><div class="battle-history"><small>Torchic's Attack rose sharply!</small><br></div><div class="spacer battle-history"><br></div><div class="battle-history">The opposing Ponyta used <strong>Flare Blitz</strong>!<br></div><div class="battle-history"><small>It's not very effective...</small><br></div><div class="battle-history"><small>Torchic's substitute faded!</small><br></div><div class="battle-history"><small>The opposing Ponyta is damaged by the recoil!</small><br></div><div class="spacer battle-history"><br></div><div class="battle-history"><small>Torchic was hurt by poison!</small><br></div><div class="battle-history"><small>[Torchic's Speed Boost]</small><br></div><div class="battle-history"><small>Torchic's Speed rose!</small><br></div><div class="spacer battle-history"><br></div><div class="battle-history"><small>(Torchic used its Berry Juice!)</small><br></div><div class="battle-history"><small>Torchic restored HP using its Berry Juice!</small><br></div><div class="spacer battle-history"><br></div><h2 class="battle-history">Turn 14</h2><div class="spacer battle-history"><br></div><div class="battle-history">Torchic used <strong>Baton Pass</strong>!<br></div><div class="spacer battle-history"><br></div><div class="battle-history">Go! <strong>Totodile</strong>!<br></div><div class="spacer battle-history"><br></div><div class="battle-history">The opposing Ponyta used <strong>Morning Sun</strong>!<br></div><div class="battle-history"><small>The opposing Ponyta restored its HP.</small><br></div><div class="spacer battle-history"><br></div><h2 class="battle-history">Turn 15</h2><div class="spacer battle-history"><br></div><div class="battle-history">Totodile used <strong>Waterfall</strong>!<br></div><div class="battle-history"><small>It's super effective!</small><br></div><div class="battle-history"><small>(The opposing Ponyta lost <abbr title="−21/21">100%</abbr> of its health!)</small><br></div><div class="battle-history"><small>[The opposing Ponyta's Flame Body]</small><br><small>Totodile was burned!</small><br></div><div class="spacer battle-history"><br></div><div class="battle-history">The opposing Ponyta fainted!<br></div><div class="spacer battle-history"><br></div><div class="battle-history"><small>Totodile was hurt by its burn!</small><br></div><div class="spacer battle-history"><br></div><div class="battle-history">343ooooooooooooooo sent out <strong>Mienfoo</strong>!<br></div><div class="battle-history"><small>The opposing Mienfoo was caught in a sticky web!</small><br></div><div class="battle-history"><small>The opposing Mienfoo's Speed fell!</small><br></div><div class="spacer battle-history"><br></div><h2 class="battle-history">Turn 16</h2><div class="spacer battle-history"><br></div><div class="battle-history">Totodile used <strong>Waterfall</strong>!<br></div><div class="battle-history"><small>(The opposing Mienfoo lost <abbr title="−18/21">85.7%</abbr> of its health!)</small><br></div><div class="spacer battle-history"><br></div><div class="battle-history">The opposing Mienfoo used <strong>Drain Punch</strong>!<br></div><div class="battle-history"><small>(Totodile lost <abbr title="−10/21">47.6%</abbr> of its health!)</small><br></div><div class="battle-history"><small>Totodile had its energy drained!</small><br></div><div class="spacer battle-history"><br></div><div class="battle-history"><small>Totodile was hurt by its burn!</small><br></div><div class="spacer battle-history"><br></div><h2 class="battle-history">Turn 17</h2><div class="spacer battle-history"><br></div><div class="battle-history">Totodile used <strong>Waterfall</strong>!<br></div><div class="battle-history"><small>(The opposing Mienfoo lost <abbr title="−8/21">38.1%</abbr> of its health!)</small><br></div><div class="spacer battle-history"><br></div><div class="battle-history">The opposing Mienfoo fainted!<br></div><div class="spacer battle-history"><br></div><div class="battle-history"><small>Totodile was hurt by its burn!</small><br></div><div class="spacer battle-history"><br></div><div class="battle-history">343ooooooooooooooo sent out <strong>Pawniard</strong>!<br></div><div class="battle-history"><small>The opposing Pawniard was caught in a sticky web!</small><br></div><div class="battle-history"><small>The opposing Pawniard's Speed fell!</small><br></div><div class="battle-history"><small>[The opposing Pawniard's Defiant]</small><br></div><div class="battle-history"><small>The opposing Pawniard's Attack rose sharply!</small><br></div><div class="spacer battle-history"><br></div><h2 class="battle-history">Turn 18</h2><div class="spacer battle-history"><br></div><div class="battle-history">Totodile used <strong>Waterfall</strong>!<br></div><div class="battle-history"><small>(The opposing Pawniard lost <abbr title="−8/21">38.1%</abbr> of its health!)</small><br></div><div class="spacer battle-history"><br></div><div class="battle-history">The opposing Pawniard fainted!<br></div><div class="spacer battle-history"><br></div><div class="battle-history"><small>Totodile was hurt by its burn!</small><br></div><div class="spacer battle-history"><br></div><div class="battle-history">343ooooooooooooooo sent out <strong>Cottonee</strong>!<br></div><div class="battle-history"><small>The opposing Cottonee was caught in a sticky web!</small><br></div><div class="battle-history"><small>The opposing Cottonee's Speed fell!</small><br></div><div class="spacer battle-history"><br></div><h2 class="battle-history">Turn 19</h2><div class="spacer battle-history"><br></div><div class="battle-history">Totodile used <strong>Ice Punch</strong>!<br></div><div class="battle-history"><small>It's super effective!</small><br></div><div class="battle-history"><small>(The opposing Cottonee lost <abbr title="−8/21">38.1%</abbr> of its health!)</small><br></div><div class="spacer battle-history"><br></div><div class="battle-history">The opposing Cottonee fainted!<br></div><div class="spacer battle-history"><br></div><div class="battle-history"><small>Totodile was hurt by its burn!</small><br></div><div class="spacer battle-history"><br></div><div class="battle-history">343ooooooooooooooo sent out <strong>Archen</strong>!<br></div><div class="spacer battle-history"><br></div><h2 class="battle-history">Turn 20</h2><div class="spacer battle-history"><br></div><div class="battle-history">Totodile used <strong>Aqua Jet</strong>!<br></div><div class="battle-history"><small>It's super effective!</small><br></div><div class="battle-history"><small>(The opposing Archen lost <abbr title="−21/23">91.3%</abbr> of its health!)</small><br></div><div class="battle-history"><small>(The opposing Archen used its Berry Juice!)</small><br></div><div class="battle-history"><small>The opposing Archen restored HP using its Berry Juice!</small><br></div><div class="spacer battle-history"><br></div><div class="battle-history">The opposing Archen used <strong>Acrobatics</strong>!<br></div><div class="battle-history"><small>(Totodile lost <abbr title="−1/21">4.8%</abbr> of its health!)</small><br></div><div class="spacer battle-history"><br></div><div class="battle-history">Totodile fainted!<br></div><div class="spacer battle-history"><br></div><div class="battle-history">Go! <strong>Bulbasaur</strong>!<br></div><div class="spacer battle-history"><br></div><h2 class="battle-history">Turn 21</h2><div class="spacer battle-history"><br></div><div class="battle-history">The opposing Archen used <strong>Acrobatics</strong>!<br></div><div class="battle-history"><small>It's super effective!</small><br></div><div class="battle-history"><small>(Bulbasaur lost <abbr title="−18/21">85.7%</abbr> of its health!)</small><br></div><div class="spacer battle-history"><br></div><div class="battle-history">Bulbasaur fainted!<br></div><div class="spacer battle-history"><br></div><div class="battle-history">Go! <strong>Torchic</strong>!<br></div><div class="spacer battle-history"><br></div><h2 class="battle-history">Turn 22</h2><div class="spacer battle-history"><br></div><div class="battle-history">The opposing Archen used <strong>Earthquake</strong>!<br></div><div class="battle-history"><small>It's super effective!</small><br></div><div class="battle-history"><small>(Torchic lost <abbr title="−21/21">100%</abbr> of its health!)</small><br></div><div class="spacer battle-history"><br></div><div class="battle-history">Torchic fainted!<br></div><div class="spacer battle-history"><br></div><div class="battle-history">Go! <strong>Onix</strong>!<br></div><div class="spacer battle-history"><br></div><h2 class="battle-history">Turn 23</h2><div class="spacer battle-history"><br></div><div class="battle-history">Onix used <strong>Rock Blast</strong>!<br></div><div class="battle-history"><small>It's super effective!</small><br></div><div class="battle-history"><small>(The opposing Archen lost <abbr title="−8/23">34.8%</abbr> of its health!)</small><br></div><div class="battle-history"><small>It's super effective!</small><br></div><div class="battle-history"><small>(The opposing Archen lost <abbr title="−8/23">34.8%</abbr> of its health!)</small><br></div><div class="battle-history"><small>Hit 2 times!</small><br></div><div class="spacer battle-history"><br></div><div class="battle-history">The opposing Archen used <strong>Earthquake</strong>!<br></div><div class="battle-history"><small>It's super effective!</small><br></div><div class="battle-history"><small>(Onix lost <abbr title="−10/21">47.6%</abbr> of its health!)</small><br></div><div class="spacer battle-history"><br></div><h2 class="battle-history">Turn 24</h2><div class="spacer battle-history"><br></div><div class="battle-history">The opposing Archen used <strong>Earthquake</strong>!<br></div><div class="battle-history"><small>It's super effective!</small><br></div><div class="battle-history"><small>(Onix lost <abbr title="−8/21">38.1%</abbr> of its health!)</small><br></div><div class="battle-history"><small>(Onix used its Berry Juice!)</small><br></div><div class="battle-history"><small>Onix restored HP using its Berry Juice!</small><br></div><div class="spacer battle-history"><br></div><div class="battle-history">Onix used <strong>Rock Blast</strong>!<br></div><div class="battle-history"><small>It's super effective!</small><br></div><div class="battle-history"><small>(The opposing Archen lost <abbr title="−6/23">26.1%</abbr> of its health!)</small><br></div><div class="battle-history"><small>Hit 1 time!</small><br></div><div class="spacer battle-history"><br></div><div class="battle-history">The opposing Archen fainted!<br></div><div class="spacer battle-history"><br></div><div class="battle-history"><strong>ch3ngy</strong> won the battle!<br></div><div class="chat chatmessage-343ooooooooooooooo"><strong style="color:hsl(145,65%,30%)"><small>★</small><span class="username" data-name="343ooooooooooooooo">343ooooooooooooooo</span>:</strong> <em>gg</em></div><div class="chat chatmessage-ch3ngy"><strong style="color:hsl(130,61%,38%)"><small>★</small><span class="username" data-name="ch3ngy">ch3ngy</span>:</strong> <em>gg</em></div><div class="chat"><small>343ooooooooooooooo left.</small></div><div class="chat">Ladder (probably) updated, but score could not be retrieved (Response not received).</div></div><div class="inner-preempt"></div></div></div>
</div>
<script>
let daily = Math.floor(Date.now()/1000/60/60/24);document.write('<script src="https://play.pokemonshowdown.com/js/replay-embed.js?version'+daily+'"></'+'script>');
</script>
