<!DOCTYPE html>
<meta charset="utf-8" />
<!-- version 1 -->
<title>LC replay: sodakeeper vs. regiceberg</title>
<style>
html,body {font-family:Verdana, sans-serif;font-size:10pt;margin:0;padding:0;}body{padding:12px 0;} .battle-log {font-family:Verdana, sans-serif;font-size:10pt;} .battle-log-inline {border:1px solid #AAAAAA;background:#EEF2F5;color:black;max-width:640px;margin:0 auto 80px;padding-bottom:5px;} .battle-log .inner {padding:4px 8px 0px 8px;} .battle-log .inner-preempt {padding:0 8px 4px 8px;} .battle-log .inner-after {margin-top:0.5em;} .battle-log h2 {margin:0.5em -8px;padding:4px 8px;border:1px solid #AAAAAA;background:#E0E7EA;border-left:0;border-right:0;font-family:Verdana, sans-serif;font-size:13pt;} .battle-log .chat {vertical-align:middle;padding:3px 0 3px 0;font-size:8pt;} .battle-log .chat strong {color:#40576A;} .battle-log .chat em {padding:1px 4px 1px 3px;color:#000000;font-style:normal;} .chat.mine {background:rgba(0,0,0,0.05);margin-left:-8px;margin-right:-8px;padding-left:8px;padding-right:8px;} .spoiler {color:#BBBBBB;background:#BBBBBB;padding:0px 3px;} .spoiler:hover, .spoiler:active, .spoiler-shown {color:#000000;background:#E2E2E2;padding:0px 3px;} .spoiler a {color:#BBBBBB;} .spoiler:hover a, .spoiler:active a, .spoiler-shown a {color:#2288CC;} .chat code, .chat .spoiler:hover code, .chat .spoiler:active code, .chat .spoiler-shown code {border:1px solid #C0C0C0;background:#EEEEEE;color:black;padding:0 2px;} .chat .spoiler code {border:1px solid #CCCCCC;background:#CCCCCC;color:#CCCCCC;} .battle-log .rated {padding:3px 4px;} .battle-log .rated strong {color:white;background:#89A;padding:1px 4px;border-radius:4px;} .spacer {margin-top:0.5em;} .message-announce {background:#6688AA;color:white;padding:1px 4px 2px;} .message-announce a, .broadcast-green a, .broadcast-blue a, .broadcast-red a {color:#DDEEFF;} .broadcast-green {background-color:#559955;color:white;padding:2px 4px;} .broadcast-blue {background-color:#6688AA;color:white;padding:2px 4px;} .infobox {border:1px solid #6688AA;padding:2px 4px;} .infobox-limited {max-height:200px;overflow:auto;overflow-x:hidden;} .broadcast-red {background-color:#AA5544;color:white;padding:2px 4px;} .message-learn-canlearn {font-weight:bold;color:#228822;text-decoration:underline;} .message-learn-cannotlearn {font-weight:bold;color:#CC2222;text-decoration:underline;} .message-effect-weak {font-weight:bold;color:#CC2222;} .message-effect-resist {font-weight:bold;color:#6688AA;} .message-effect-immune {font-weight:bold;color:#666666;} .message-learn-list {margin-top:0;margin-bottom:0;} .message-throttle-notice, .message-error {color:#992222;} .message-overflow, .chat small.message-overflow {font-size:0pt;} .message-overflow::before {font-size:9pt;content:'...';} .subtle {color:#3A4A66;}
</style>
<div class="wrapper replay-wrapper" style="max-width:1180px;margin:0 auto">
<input type="hidden" name="replayid" value="lc-494838850" />
<div class="battle"></div><div class="battle-log"></div><div class="replay-controls"></div><div class="replay-controls-2"></div>
<h1 style="font-weight:normal;text-align:center"><strong>LC</strong><br /><a href="http://pokemonshowdown.com/users/sodakeeper" class="subtle" target="_blank">sodakeeper</a> vs. <a href="http://pokemonshowdown.com/users/regiceberg" class="subtle" target="_blank">regiceberg</a></h1>
<script type="text/plain" class="battle-log-data">|j|sodakeeper
|j|regiceberg
|player|p1|sodakeeper|102
|player|p2|regiceberg|181
|gametype|singles
|gen|6
|tier|LC
|rated
|seed|8285,49521,63168,24650
|clearpoke
|poke|p1|Smoochum, L5, F, shiny|item
|poke|p1|Bulbasaur, L5, M, shiny|item
|poke|p1|Croagunk, L5, M, shiny|item
|poke|p1|Chinchou, L5, M, shiny|item
|poke|p1|Darumaka, L5, F, shiny|item
|poke|p1|Cubone, L5, M, shiny|item
|poke|p2|Cubchoo, L5, M, shiny|item
|poke|p2|Helioptile, L5, M|item
|poke|p2|Drilbur, L5, F|item
|poke|p2|Trubbish, L5, F|item
|poke|p2|Baltoy, L5, shiny|item
|poke|p2|Shelmet, L5, F, shiny|item
|rule|Sleep Clause Mod: Limit one foe put to sleep
|rule|Species Clause: Limit one of each Pokémon
|rule|OHKO Clause: OHKO moves are banned
|rule|Moody Clause: Moody is banned
|rule|Evasion Moves Clause: Evasion moves are banned
|rule|Endless Battle Clause: Forcing endless battles is banned
|rule|HP Percentage Mod: HP is shown in percentages
|teampreview
|c|★regiceberg|hello im not good
|c|★sodakeeper|same
|choice|team 3, team 2, team 1, team 4, team 5, team 6|team 5, team 2, team 3, team 4, team 1, team 6
|
|start
|switch|p1a: Cro-Go|Croagunk, L5, M, shiny|22\/22
|switch|p2a: Alolan-guardian|Baltoy, L5, shiny|20\/20
|turn|1
|c|★regiceberg|just some pokemon
|choice|switch 4|move lightscreen
|
|switch|p1a: Chinatown|Chinchou, L5, M, shiny|25\/25
|move|p2a: Alolan-guardian|Light Screen|p2a: Alolan-guardian
|-sidestart|p2: regiceberg|move: Light Screen
|
|upkeep
|turn|2
|choice|move surf|switch 5
|
|switch|p2a: Illbear|Cubchoo, L5, M, shiny|22\/22
|move|p1a: Chinatown|Surf|p2a: Illbear
|-damage|p2a: Illbear|15\/22
|
|-heal|p2a: Illbear|16\/22|[from] item: Leftovers
|upkeep
|turn|3
|choice|move hiddenpower|move hail
|
|move|p1a: Chinatown|Hidden Power|p2a: Illbear
|-supereffective|p2a: Illbear
|-damage|p2a: Illbear|8\/22
|move|p2a: Illbear|Hail|p2a: Illbear
|-weather|Hail
|
|-weather|Hail|[upkeep]
|-damage|p1a: Chinatown|24\/25|[from] hail
|-heal|p2a: Illbear|9\/22|[from] item: Leftovers
|upkeep
|turn|4
|choice|move hiddenpower|move protect
|
|move|p2a: Illbear|Protect|p2a: Illbear
|-singleturn|p2a: Illbear|Protect
|move|p1a: Chinatown|Hidden Power|p2a: Illbear
|-activate|p2a: Illbear|move: Protect
|
|-weather|Hail|[upkeep]
|-damage|p1a: Chinatown|23\/25|[from] hail
|-heal|p2a: Illbear|10\/22|[from] item: Leftovers
|upkeep
|turn|5
|choice|move hiddenpower|move substitute
|
|move|p1a: Chinatown|Hidden Power|p2a: Illbear
|-supereffective|p2a: Illbear
|-damage|p2a: Illbear|3\/22
|move|p2a: Illbear|Substitute|p2a: Illbear
|-fail|p2a: Illbear|move: Substitute|[weak]
|
|-weather|Hail|[upkeep]
|-damage|p1a: Chinatown|22\/25|[from] hail
|-heal|p2a: Illbear|4\/22|[from] item: Leftovers
|upkeep
|turn|6
|choice|move hiddenpower|move protect
|
|move|p2a: Illbear|Protect|p2a: Illbear
|-singleturn|p2a: Illbear|Protect
|move|p1a: Chinatown|Hidden Power|p2a: Illbear
|-activate|p2a: Illbear|move: Protect
|
|-weather|Hail|[upkeep]
|-damage|p1a: Chinatown|21\/25|[from] hail
|-heal|p2a: Illbear|5\/22|[from] item: Leftovers
|upkeep
|turn|7
|choice|move hiddenpower|move protect
|
|move|p2a: Illbear|Protect|p2a: Illbear
|-fail|p2a: Illbear
|move|p1a: Chinatown|Hidden Power|p2a: Illbear
|-supereffective|p2a: Illbear
|-damage|p2a: Illbear|0 fnt
|faint|p2a: Illbear
|
|-weather|none
|upkeep
|c|★regiceberg|;0
|choice||switch 2
|
|switch|p2a: Copter|Helioptile, L5, M|22\/22
|turn|8
|c|★sodakeeper|;)
|choice|switch 6|move paraboliccharge
|
|switch|p1a: Cubacone|Cubone, L5, M, shiny|21\/21
|move|p2a: Copter|Parabolic Charge|p1a: Cubacone
|-immune|p1a: Cubacone|[msg]
|
|-sideend|p2: regiceberg|move: Light Screen
|upkeep
|turn|9
|c|★regiceberg|lol
|choice|move bonemerang|move surf
|
|move|p2a: Copter|Surf|p1a: Cubacone
|-supereffective|p1a: Cubacone
|-damage|p1a: Cubacone|7\/21
|move|p1a: Cubacone|Bonemerang|p2a: Copter
|-supereffective|p2a: Copter
|-enditem|p2a: Copter|Shuca Berry|[eat]
|-enditem|p2a: Copter|Shuca Berry|[weaken]
|-damage|p2a: Copter|15\/22
|-supereffective|p2a: Copter
|-damage|p2a: Copter|0 fnt
|-hitcount|p2a: Copter|2
|faint|p2a: Copter
|
|upkeep
|c|★sodakeeper|lol
|choice||switch 3
|
|switch|p2a: Holemole|Drilbur, L5, F|22\/22
|turn|10
|choice|switch 2|move swordsdance
|
|switch|p1a: Bubbasaur|Bulbasaur, L5, M, shiny|22\/22
|move|p2a: Holemole|Swords Dance|p2a: Holemole
|-boost|p2a: Holemole|atk|2
|
|upkeep
|turn|11
|choice|move sunnyday|move sandstorm
|
|move|p2a: Holemole|Sandstorm|p2a: Holemole
|-weather|Sandstorm
|move|p1a: Bubbasaur|Sunny Day|p1a: Bubbasaur
|-weather|SunnyDay
|
|-weather|SunnyDay|[upkeep]
|upkeep
|turn|12
|c|★regiceberg|omg
|c|★sodakeeper|wasabi
|c|★sodakeeper|;)
|choice|move solarbeam|move earthquake
|
|move|p1a: Bubbasaur|Solar Beam|p2a: Holemole|[still]
|-prepare|p1a: Bubbasaur|Solar Beam|p2a: Holemole
|-anim|p1a: Bubbasaur|Solar Beam|p2a: Holemole
|-supereffective|p2a: Holemole
|-damage|p2a: Holemole|0 fnt
|faint|p2a: Holemole
|
|-weather|SunnyDay|[upkeep]
|upkeep
|c|★sodakeeper|HAAAAAAAA
|c|★regiceberg|cool moves
|choice||switch 4
|
|switch|p2a: Trashstinks|Trubbish, L5, F|21\/21
|turn|13
|choice|move solarbeam|move drainpunch
|
|move|p1a: Bubbasaur|Solar Beam|p2a: Trashstinks|[still]
|-prepare|p1a: Bubbasaur|Solar Beam|p2a: Trashstinks
|-anim|p1a: Bubbasaur|Solar Beam|p2a: Trashstinks
|-resisted|p2a: Trashstinks
|-crit|p2a: Trashstinks
|-damage|p2a: Trashstinks|13\/21
|move|p2a: Trashstinks|Drain Punch|p1a: Bubbasaur
|-resisted|p1a: Bubbasaur
|-damage|p1a: Bubbasaur|20\/22
|-heal|p2a: Trashstinks|14\/21|[from] drain|[of] p1a: Bubbasaur
|
|-weather|SunnyDay|[upkeep]
|upkeep
|turn|14
|choice|switch 3|switch 5
|
|switch|p1a: Lady GaGa|Smoochum, L5, F, shiny|22\/22
|switch|p2a: Alolan-guardian|Baltoy, L5, shiny|20\/20
|
|-weather|SunnyDay|[upkeep]
|upkeep
|turn|15
|choice|move fakeout|move lightscreen
|
|move|p1a: Lady GaGa|Fake Out|p2a: Alolan-guardian
|-damage|p2a: Alolan-guardian|18\/20
|cant|p2a: Alolan-guardian|flinch
|
|-weather|none
|upkeep
|turn|16
|c|★regiceberg|lady gaga ;)
|c|★sodakeeper|ye
|choice|move avalanche|move calmmind
|
|move|p2a: Alolan-guardian|Calm Mind|p2a: Alolan-guardian
|-boost|p2a: Alolan-guardian|spa|1
|-boost|p2a: Alolan-guardian|spd|1
|move|p1a: Lady GaGa|Avalanche|p2a: Alolan-guardian
|-supereffective|p2a: Alolan-guardian
|-damage|p2a: Alolan-guardian|10\/20
|
|upkeep
|turn|17
|choice|switch 3|move reflect
|
|switch|p1a: Bubbasaur|Bulbasaur, L5, M, shiny|20\/22
|move|p2a: Alolan-guardian|Reflect|p2a: Alolan-guardian
|-sidestart|p2: regiceberg|Reflect
|
|upkeep
|turn|18
|choice|move sunnyday|move psychic
|
|move|p2a: Alolan-guardian|Psychic|p1a: Bubbasaur
|-supereffective|p1a: Bubbasaur
|-damage|p1a: Bubbasaur|2\/22
|move|p1a: Bubbasaur|Sunny Day|p1a: Bubbasaur
|-weather|SunnyDay
|
|-weather|SunnyDay|[upkeep]
|upkeep
|turn|19
|choice|move solarbeam|move psychic
|
|move|p1a: Bubbasaur|Solar Beam|p2a: Alolan-guardian|[still]
|-prepare|p1a: Bubbasaur|Solar Beam|p2a: Alolan-guardian
|-anim|p1a: Bubbasaur|Solar Beam|p2a: Alolan-guardian
|-supereffective|p2a: Alolan-guardian
|-damage|p2a: Alolan-guardian|0 fnt
|faint|p2a: Alolan-guardian
|
|-weather|SunnyDay|[upkeep]
|upkeep
|c|★regiceberg|yeah im gonna lose
|c|★sodakeeper|lol ya
|choice||switch 6
|
|switch|p2a: Shelmet|Shelmet, L5, F, shiny|21\/21
|turn|20
|c|★regiceberg|im not even think about strategy
|choice|move sludgebomb|move bugbuzz
|
|move|p1a: Bubbasaur|Sludge Bomb|p2a: Shelmet
|-damage|p2a: Shelmet|14\/21
|move|p2a: Shelmet|Bug Buzz|p1a: Bubbasaur
|-damage|p1a: Bubbasaur|0 fnt
|faint|p1a: Bubbasaur
|
|-weather|SunnyDay|[upkeep]
|upkeep
|choice|switch 5|
|
|switch|p1a: Droppin's|Darumaka, L5, F, shiny|24\/24
|turn|21
|c|★sodakeeper|L0L
|choice|move flareblitz|move substitute
|
|move|p1a: Droppin's|Flare Blitz|p2a: Shelmet
|-supereffective|p2a: Shelmet
|-damage|p2a: Shelmet|0 fnt
|-damage|p1a: Droppin's|19\/24|[from] recoil|[of] p2a: Shelmet
|faint|p2a: Shelmet
|
|-weather|SunnyDay|[upkeep]
|upkeep
|choice||switch 5
|
|switch|p2a: Trashstinks|Trubbish, L5, F|14\/21
|turn|22
|choice|move flareblitz|move drainpunch
|
|move|p2a: Trashstinks|Drain Punch|p1a: Droppin's
|-damage|p1a: Droppin's|14\/24
|-heal|p2a: Trashstinks|17\/21|[from] drain|[of] p1a: Droppin's
|move|p1a: Droppin's|Flare Blitz|p2a: Trashstinks
|-damage|p2a: Trashstinks|9\/21
|-damage|p1a: Droppin's|11\/24|[from] recoil|[of] p2a: Trashstinks
|
|-weather|none
|upkeep
|turn|23
|choice|move flareblitz|move drainpunch
|
|move|p2a: Trashstinks|Drain Punch|p1a: Droppin's
|-damage|p1a: Droppin's|6\/24
|-heal|p2a: Trashstinks|12\/21|[from] drain|[of] p1a: Droppin's
|move|p1a: Droppin's|Flare Blitz|p2a: Trashstinks
|-damage|p2a: Trashstinks|6\/21
|-damage|p1a: Droppin's|4\/24|[from] recoil|[of] p2a: Trashstinks
|
|upkeep
|turn|24
|choice|switch 2|move drainpunch
|
|switch|p1a: Cubacone|Cubone, L5, M, shiny|7\/21
|move|p2a: Trashstinks|Drain Punch|p1a: Cubacone
|-damage|p1a: Cubacone|3\/21
|-heal|p2a: Trashstinks|8\/21|[from] drain|[of] p1a: Cubacone
|
|-sideend|p2: regiceberg|Reflect
|upkeep
|turn|25
|choice|move boneclub|move drainpunch
|
|move|p2a: Trashstinks|Drain Punch|p1a: Cubacone
|-damage|p1a: Cubacone|0 fnt
|-heal|p2a: Trashstinks|10\/21|[from] drain|[of] p1a: Cubacone
|faint|p1a: Cubacone
|
|upkeep
|c|★sodakeeper|trashsweep?! :O
|choice|switch 4|
|
|switch|p1a: Cro-Go|Croagunk, L5, M, shiny|22\/22
|turn|26
|c|★regiceberg|yes
|choice|move thunderpunch|move painsplit
|
|move|p2a: Trashstinks|Pain Split|p1a: Cro-Go
|-sethp|p1a: Cro-Go|16\/22|p2a: Trashstinks|16\/21|[from] move: Pain Split
|move|p1a: Cro-Go|Thunder Punch|p2a: Trashstinks
|-damage|p2a: Trashstinks|11\/21
|
|upkeep
|turn|27
|c|★sodakeeper|AAAAAAAAAAAAAAAAAA ITS SO SCARYYYYYYYYYYYYY
|choice|switch 3|move painsplit
|
|switch|p1a: Lady GaGa|Smoochum, L5, F, shiny|22\/22
|move|p2a: Trashstinks|Pain Split|p1a: Lady GaGa
|-sethp|p1a: Lady GaGa|16\/22|p2a: Trashstinks|16\/21|[from] move: Pain Split
|
|upkeep
|turn|28
|c|★sodakeeper|not on my watch ;)
|choice|move psychic|move drainpunch
|
|move|p2a: Trashstinks|Drain Punch|p1a: Lady GaGa
|-damage|p1a: Lady GaGa|8\/22
|-heal|p2a: Trashstinks|20\/21|[from] drain|[of] p1a: Lady GaGa
|move|p1a: Lady GaGa|Psychic|p2a: Trashstinks
|-supereffective|p2a: Trashstinks
|-damage|p2a: Trashstinks|2\/21
|
|upkeep
|turn|29
|c|★sodakeeper|LOLELOLELOL
|c|★sodakeeper|ow
|choice|move psychic|move drainpunch
|
|move|p2a: Trashstinks|Drain Punch|p1a: Lady GaGa
|-damage|p1a: Lady GaGa|1\/22
|-heal|p2a: Trashstinks|6\/21|[from] drain|[of] p1a: Lady GaGa
|move|p1a: Lady GaGa|Psychic|p2a: Trashstinks
|-supereffective|p2a: Trashstinks
|-damage|p2a: Trashstinks|0 fnt
|faint|p2a: Trashstinks
|
|win|sodakeeper
|player|p1
|player|p2
|c|★sodakeeper|O M F G
|c|★sodakeeper|WAAAAAAAAAAAAAAA
|c|★regiceberg|bye
|c|★sodakeeper|bye</script>
</div>
<div class="battle-log battle-log-inline"><div class="inner"><div class="battle-options"></div><div class="inner"><div class="chat"><small>sodakeeper joined.</small></div><div class="chat"><small>regiceberg joined.</small></div><div class=""><small>Format:</small> <br><strong>LC</strong></div><div class="rated"><strong>Rated battle</strong></div><div class=""><small><em>Sleep Clause Mod:</em> Limit one foe put to sleep</small></div><div class=""><small><em>Species Clause:</em> Limit one of each Pokémon</small></div><div class=""><small><em>OHKO Clause:</em> OHKO moves are banned</small></div><div class=""><small><em>Moody Clause:</em> Moody is banned</small></div><div class=""><small><em>Evasion Moves Clause:</em> Evasion moves are banned</small></div><div class=""><small><em>Endless Battle Clause:</em> Forcing endless battles is banned</small></div><div class=""><small><em>HP Percentage Mod:</em> HP is shown in percentages</small></div><div class="chat battle-history"><strong>sodakeeper's team:</strong> <em style="color:#445566;display:block;">Smoochum / Bulbasaur / Croagunk / Chinchou / Darumaka / Cubone</em></div><div class="chat battle-history"><strong>regiceberg's team:</strong> <em style="color:#445566;display:block;">Cubchoo / Helioptile / Drilbur / Trubbish / Baltoy / Shelmet</em></div><div class="chat chatmessage-regiceberg"><strong style="color:hsl(200,67%,38.41839492201459%)"><small>★</small><span class="username" data-name="regiceberg">regiceberg</span>:</strong> <em>hello im not good</em></div><div class="chat chatmessage-sodakeeper"><strong style="color:hsl(244,63%,60.546556198209615%)"><small>★</small><span class="username" data-name="sodakeeper">sodakeeper</span>:</strong> <em>same</em></div><div class="spacer battle-history"><br></div><div class="battle-history">Battle started between sodakeeper and regiceberg!<br></div><div class="spacer battle-history"><br></div><div class="battle-history">Go! Cro-Go (<strong>Croagunk</strong>)!<br></div><div class="spacer battle-history"><br></div><div class="battle-history">regiceberg sent out Alolan-guardian (<strong>Baltoy</strong>)!<br></div><div class="spacer battle-history"><br></div><h2 class="battle-history">Turn 1</h2><div class="chat chatmessage-regiceberg"><strong style="color:hsl(200,67%,38.41839492201459%)"><small>★</small><span class="username" data-name="regiceberg">regiceberg</span>:</strong> <em>just some pokemon</em></div><div class="spacer battle-history"><br></div><div class="battle-history">Cro-Go, come back!<br></div><div class="battle-history">Go! Chinatown (<strong>Chinchou</strong>)!<br></div><div class="spacer battle-history"><br></div><div class="battle-history">The opposing Alolan-guardian used <strong>Light Screen</strong>!<br></div><div class="battle-history"><small>Light Screen made the opposing team stronger against special moves!</small><br></div><div class="spacer battle-history"><br></div><h2 class="battle-history">Turn 2</h2><div class="spacer battle-history"><br></div><div class="battle-history">regiceberg withdrew Alolan-guardian!<br></div><div class="battle-history">regiceberg sent out Illbear (<strong>Cubchoo</strong>)!<br></div><div class="spacer battle-history"><br></div><div class="battle-history">Chinatown used <strong>Surf</strong>!<br></div><div class="battle-history"><small>(The opposing Illbear lost <abbr title="−7/22">31.8%</abbr> of its health!)</small><br></div><div class="spacer battle-history"><br></div><div class="battle-history"><small>The opposing Illbear restored a little HP using its Leftovers!</small><br></div><div class="spacer battle-history"><br></div><h2 class="battle-history">Turn 3</h2><div class="spacer battle-history"><br></div><div class="battle-history">Chinatown used <strong>Hidden Power</strong>!<br></div><div class="battle-history"><small>It's super effective!</small><br></div><div class="battle-history"><small>(The opposing Illbear lost <abbr title="−8/22">36.4%</abbr> of its health!)</small><br></div><div class="spacer battle-history"><br></div><div class="battle-history">The opposing Illbear used <strong>Hail</strong>!<br></div><div class="battle-history"><small>It started to hail!</small><br></div><div class="spacer battle-history"><br></div><div class="battle-history"><small>The hail is crashing down.</small><br></div><div class="battle-history"><small>Chinatown is buffeted by the hail!</small><br></div><div class="battle-history"><small>The opposing Illbear restored a little HP using its Leftovers!</small><br></div><div class="spacer battle-history"><br></div><h2 class="battle-history">Turn 4</h2><div class="spacer battle-history"><br></div><div class="battle-history">The opposing Illbear used <strong>Protect</strong>!<br></div><div class="battle-history"><small>The opposing Illbear protected itself!</small><br></div><div class="spacer battle-history"><br></div><div class="battle-history">Chinatown used <strong>Hidden Power</strong>!<br></div><div class="battle-history"><small>The opposing Illbear protected itself!</small><br></div><div class="spacer battle-history"><br></div><div class="battle-history"><small>The hail is crashing down.</small><br></div><div class="battle-history"><small>Chinatown is buffeted by the hail!</small><br></div><div class="battle-history"><small>The opposing Illbear restored a little HP using its Leftovers!</small><br></div><div class="spacer battle-history"><br></div><h2 class="battle-history">Turn 5</h2><div class="spacer battle-history"><br></div><div class="battle-history">Chinatown used <strong>Hidden Power</strong>!<br></div><div class="battle-history"><small>It's super effective!</small><br></div><div class="battle-history"><small>(The opposing Illbear lost <abbr title="−7/22">31.8%</abbr> of its health!)</small><br></div><div class="spacer battle-history"><br></div><div class="battle-history">The opposing Illbear used <strong>Substitute</strong>!<br></div><div class="battle-history"><small>But it does not have enough HP left to make a substitute!</small><br></div><div class="spacer battle-history"><br></div><div class="battle-history"><small>The hail is crashing down.</small><br></div><div class="battle-history"><small>Chinatown is buffeted by the hail!</small><br></div><div class="battle-history"><small>The opposing Illbear restored a little HP using its Leftovers!</small><br></div><div class="spacer battle-history"><br></div><h2 class="battle-history">Turn 6</h2><div class="spacer battle-history"><br></div><div class="battle-history">The opposing Illbear used <strong>Protect</strong>!<br></div><div class="battle-history"><small>The opposing Illbear protected itself!</small><br></div><div class="spacer battle-history"><br></div><div class="battle-history">Chinatown used <strong>Hidden Power</strong>!<br></div><div class="battle-history"><small>The opposing Illbear protected itself!</small><br></div><div class="spacer battle-history"><br></div><div class="battle-history"><small>The hail is crashing down.</small><br></div><div class="battle-history"><small>Chinatown is buffeted by the hail!</small><br></div><div class="battle-history"><small>The opposing Illbear restored a little HP using its Leftovers!</small><br></div><div class="spacer battle-history"><br></div><h2 class="battle-history">Turn 7</h2><div class="spacer battle-history"><br></div><div class="battle-history">The opposing Illbear used <strong>Protect</strong>!<br></div><div class="battle-history"><small>But it failed!</small><br></div><div class="spacer battle-history"><br></div><div class="battle-history">Chinatown used <strong>Hidden Power</strong>!<br></div><div class="battle-history"><small>It's super effective!</small><br></div><div class="battle-history"><small>(The opposing Illbear lost <abbr title="−5/22">22.7%</abbr> of its health!)</small><br></div><div class="spacer battle-history"><br></div><div class="battle-history">The opposing Illbear fainted!<br></div><div class="spacer battle-history"><br></div><div class="battle-history"><small>The hail stopped.</small><br></div><div class="chat chatmessage-regiceberg"><strong style="color:hsl(200,67%,38.41839492201459%)"><small>★</small><span class="username" data-name="regiceberg">regiceberg</span>:</strong> <em>;0</em></div><div class="spacer battle-history"><br></div><div class="battle-history">regiceberg sent out Copter (<strong>Helioptile</strong>)!<br></div><div class="spacer battle-history"><br></div><h2 class="battle-history">Turn 8</h2><div class="chat chatmessage-sodakeeper"><strong style="color:hsl(244,63%,60.546556198209615%)"><small>★</small><span class="username" data-name="sodakeeper">sodakeeper</span>:</strong> <em>;)</em></div><div class="spacer battle-history"><br></div><div class="battle-history">Chinatown, come back!<br></div><div class="battle-history">Go! Cubacone (<strong>Cubone</strong>)!<br></div><div class="spacer battle-history"><br></div><div class="battle-history">The opposing Copter used <strong>Parabolic Charge</strong>!<br></div><div class="battle-history"><small>It doesn't affect Cubacone...</small><br></div><div class="spacer battle-history"><br></div><div class="battle-history"><small>The opposing team's Light Screen wore off!</small><br></div><div class="spacer battle-history"><br></div><h2 class="battle-history">Turn 9</h2><div class="chat chatmessage-regiceberg"><strong style="color:hsl(200,67%,38.41839492201459%)"><small>★</small><span class="username" data-name="regiceberg">regiceberg</span>:</strong> <em>lol</em></div><div class="spacer battle-history"><br></div><div class="battle-history">The opposing Copter used <strong>Surf</strong>!<br></div><div class="battle-history"><small>It's super effective!</small><br></div><div class="battle-history"><small>(Cubacone lost <abbr title="−14/21">66.7%</abbr> of its health!)</small><br></div><div class="spacer battle-history"><br></div><div class="battle-history">Cubacone used <strong>Bonemerang</strong>!<br></div><div class="battle-history"><small>It's super effective!</small><br></div><div class="battle-history"><small>The opposing Copter ate its Shuca Berry!</small><br></div><div class="battle-history"><small>The Shuca Berry weakened the damage to the opposing Copter!</small><br></div><div class="battle-history"><small>(The opposing Copter lost <abbr title="−7/22">31.8%</abbr> of its health!)</small><br></div><div class="battle-history"><small>It's super effective!</small><br></div><div class="battle-history"><small>(The opposing Copter lost <abbr title="−15/22">68.2%</abbr> of its health!)</small><br></div><div class="battle-history"><small>Hit 2 times!</small><br></div><div class="spacer battle-history"><br></div><div class="battle-history">The opposing Copter fainted!<br></div><div class="chat chatmessage-sodakeeper"><strong style="color:hsl(244,63%,60.546556198209615%)"><small>★</small><span class="username" data-name="sodakeeper">sodakeeper</span>:</strong> <em>lol</em></div><div class="spacer battle-history"><br></div><div class="battle-history">regiceberg sent out Holemole (<strong>Drilbur</strong>)!<br></div><div class="spacer battle-history"><br></div><h2 class="battle-history">Turn 10</h2><div class="spacer battle-history"><br></div><div class="battle-history">Cubacone, come back!<br></div><div class="battle-history">Go! Bubbasaur (<strong>Bulbasaur</strong>)!<br></div><div class="spacer battle-history"><br></div><div class="battle-history">The opposing Holemole used <strong>Swords Dance</strong>!<br></div><div class="battle-history"><small>The opposing Holemole's Attack rose sharply!</small><br></div><div class="spacer battle-history"><br></div><h2 class="battle-history">Turn 11</h2><div class="spacer battle-history"><br></div><div class="battle-history">The opposing Holemole used <strong>Sandstorm</strong>!<br></div><div class="battle-history"><small>A sandstorm kicked up!</small><br></div><div class="spacer battle-history"><br></div><div class="battle-history">Bubbasaur used <strong>Sunny Day</strong>!<br></div><div class="battle-history"><small>The sunlight turned harsh!</small><br></div><div class="spacer battle-history"><br></div><div class="battle-history"><small>(The sunlight is strong!)</small><br></div><div class="spacer battle-history"><br></div><h2 class="battle-history">Turn 12</h2><div class="chat chatmessage-regiceberg"><strong style="color:hsl(200,67%,38.41839492201459%)"><small>★</small><span class="username" data-name="regiceberg">regiceberg</span>:</strong> <em>omg</em></div><div class="chat chatmessage-sodakeeper"><strong style="color:hsl(244,63%,60.546556198209615%)"><small>★</small><span class="username" data-name="sodakeeper">sodakeeper</span>:</strong> <em>wasabi</em></div><div class="chat chatmessage-sodakeeper"><strong style="color:hsl(244,63%,60.546556198209615%)"><small>★</small><span class="username" data-name="sodakeeper">sodakeeper</span>:</strong> <em>;)</em></div><div class="spacer battle-history"><br></div><div class="battle-history">Bubbasaur used <strong>Solar Beam</strong>!<br></div><div class="battle-history"><small>Bubbasaur absorbed light!</small><br></div><div class="battle-history"><small>It's super effective!</small><br></div><div class="battle-history"><small>(The opposing Holemole lost <abbr title="−22/22">100%</abbr> of its health!)</small><br></div><div class="spacer battle-history"><br></div><div class="battle-history">The opposing Holemole fainted!<br></div><div class="spacer battle-history"><br></div><div class="battle-history"><small>(The sunlight is strong!)</small><br></div><div class="chat chatmessage-sodakeeper"><strong style="color:hsl(244,63%,60.546556198209615%)"><small>★</small><span class="username" data-name="sodakeeper">sodakeeper</span>:</strong> <em>HAAAAAAAA</em></div><div class="chat chatmessage-regiceberg"><strong style="color:hsl(200,67%,38.41839492201459%)"><small>★</small><span class="username" data-name="regiceberg">regiceberg</span>:</strong> <em>cool moves</em></div><div class="spacer battle-history"><br></div><div class="battle-history">regiceberg sent out Trashstinks (<strong>Trubbish</strong>)!<br></div><div class="spacer battle-history"><br></div><h2 class="battle-history">Turn 13</h2><div class="spacer battle-history"><br></div><div class="battle-history">Bubbasaur used <strong>Solar Beam</strong>!<br></div><div class="battle-history"><small>Bubbasaur absorbed light!</small><br></div><div class="battle-history"><small>It's not very effective...</small><br></div><div class="battle-history"><small>A critical hit!</small><br></div><div class="battle-history"><small>(The opposing Trashstinks lost <abbr title="−8/21">38.1%</abbr> of its health!)</small><br></div><div class="spacer battle-history"><br></div><div class="battle-history">The opposing Trashstinks used <strong>Drain Punch</strong>!<br></div><div class="battle-history"><small>It's not very effective...</small><br></div><div class="battle-history"><small>(Bubbasaur lost <abbr title="−2/22">9.1%</abbr> of its health!)</small><br></div><div class="battle-history"><small>Bubbasaur had its energy drained!</small><br></div><div class="spacer battle-history"><br></div><div class="battle-history"><small>(The sunlight is strong!)</small><br></div><div class="spacer battle-history"><br></div><h2 class="battle-history">Turn 14</h2><div class="spacer battle-history"><br></div><div class="battle-history">Bubbasaur, come back!<br></div><div class="battle-history">Go! Lady GaGa (<strong>Smoochum</strong>)!<br></div><div class="spacer battle-history"><br></div><div class="battle-history">regiceberg withdrew Trashstinks!<br></div><div class="battle-history">regiceberg sent out Alolan-guardian (<strong>Baltoy</strong>)!<br></div><div class="spacer battle-history"><br></div><div class="battle-history"><small>(The sunlight is strong!)</small><br></div><div class="spacer battle-history"><br></div><h2 class="battle-history">Turn 15</h2><div class="spacer battle-history"><br></div><div class="battle-history">Lady GaGa used <strong>Fake Out</strong>!<br></div><div class="battle-history"><small>(The opposing Alolan-guardian lost <abbr title="−2/20">10%</abbr> of its health!)</small><br></div><div class="spacer battle-history"><br></div><div class="battle-history">The opposing Alolan-guardian flinched and couldn't move!<br></div><div class="spacer battle-history"><br></div><div class="battle-history"><small>The sunlight faded.</small><br></div><div class="spacer battle-history"><br></div><h2 class="battle-history">Turn 16</h2><div class="chat chatmessage-regiceberg"><strong style="color:hsl(200,67%,38.41839492201459%)"><small>★</small><span class="username" data-name="regiceberg">regiceberg</span>:</strong> <em>lady gaga ;)</em></div><div class="chat chatmessage-sodakeeper"><strong style="color:hsl(244,63%,60.546556198209615%)"><small>★</small><span class="username" data-name="sodakeeper">sodakeeper</span>:</strong> <em>ye</em></div><div class="spacer battle-history"><br></div><div class="battle-history">The opposing Alolan-guardian used <strong>Calm Mind</strong>!<br></div><div class="battle-history"><small>The opposing Alolan-guardian's Special Attack rose!</small><br></div><div class="battle-history"><small>The opposing Alolan-guardian's Special Defense rose!</small><br></div><div class="spacer battle-history"><br></div><div class="battle-history">Lady GaGa used <strong>Avalanche</strong>!<br></div><div class="battle-history"><small>It's super effective!</small><br></div><div class="battle-history"><small>(The opposing Alolan-guardian lost <abbr title="−8/20">40%</abbr> of its health!)</small><br></div><div class="spacer battle-history"><br></div><h2 class="battle-history">Turn 17</h2><div class="spacer battle-history"><br></div><div class="battle-history">Lady GaGa, come back!<br></div><div class="battle-history">Go! Bubbasaur (<strong>Bulbasaur</strong>)!<br></div><div class="spacer battle-history"><br></div><div class="battle-history">The opposing Alolan-guardian used <strong>Reflect</strong>!<br></div><div class="battle-history"><small>Reflect made the opposing team stronger against physical moves!</small><br></div><div class="spacer battle-history"><br></div><h2 class="battle-history">Turn 18</h2><div class="spacer battle-history"><br></div><div class="battle-history">The opposing Alolan-guardian used <strong>Psychic</strong>!<br></div><div class="battle-history"><small>It's super effective!</small><br></div><div class="battle-history"><small>(Bubbasaur lost <abbr title="−18/22">81.8%</abbr> of its health!)</small><br></div><div class="spacer battle-history"><br></div><div class="battle-history">Bubbasaur used <strong>Sunny Day</strong>!<br></div><div class="battle-history"><small>The sunlight turned harsh!</small><br></div><div class="spacer battle-history"><br></div><div class="battle-history"><small>(The sunlight is strong!)</small><br></div><div class="spacer battle-history"><br></div><h2 class="battle-history">Turn 19</h2><div class="spacer battle-history"><br></div><div class="battle-history">Bubbasaur used <strong>Solar Beam</strong>!<br></div><div class="battle-history"><small>Bubbasaur absorbed light!</small><br></div><div class="battle-history"><small>It's super effective!</small><br></div><div class="battle-history"><small>(The opposing Alolan-guardian lost <abbr title="−10/20">50%</abbr> of its health!)</small><br></div><div class="spacer battle-history"><br></div><div class="battle-history">The opposing Alolan-guardian fainted!<br></div><div class="spacer battle-history"><br></div><div class="battle-history"><small>(The sunlight is strong!)</small><br></div><div class="chat chatmessage-regiceberg"><strong style="color:hsl(200,67%,38.41839492201459%)"><small>★</small><span class="username" data-name="regiceberg">regiceberg</span>:</strong> <em>yeah im gonna lose</em></div><div class="chat chatmessage-sodakeeper"><strong style="color:hsl(244,63%,60.546556198209615%)"><small>★</small><span class="username" data-name="sodakeeper">sodakeeper</span>:</strong> <em>lol ya</em></div><div class="spacer battle-history"><br></div><div class="battle-history">regiceberg sent out <strong>Shelmet</strong>!<br></div><div class="spacer battle-history"><br></div><h2 class="battle-history">Turn 20</h2><div class="chat chatmessage-regiceberg"><strong style="color:hsl(200,67%,38.41839492201459%)"><small>★</small><span class="username" data-name="regiceberg">regiceberg</span>:</strong> <em>im not even think about strategy</em></div><div class="spacer battle-history"><br></div><div class="battle-history">Bubbasaur used <strong>Sludge Bomb</strong>!<br></div><div class="battle-history"><small>(The opposing Shelmet lost <abbr title="−7/21">33.3%</abbr> of its health!)</small><br></div><div class="spacer battle-history"><br></div><div class="battle-history">The opposing Shelmet used <strong>Bug Buzz</strong>!<br></div><div class="battle-history"><small>(Bubbasaur lost <abbr title="−2/22">9.1%</abbr> of its health!)</small><br></div><div class="spacer battle-history"><br></div><div class="battle-history">Bubbasaur fainted!<br></div><div class="spacer battle-history"><br></div><div class="battle-history"><small>(The sunlight is strong!)</small><br></div><div class="spacer battle-history"><br></div><div class="battle-history">Go! Droppin's (<strong>Darumaka</strong>)!<br></div><div class="spacer battle-history"><br></div><h2 class="battle-history">Turn 21</h2><div class="chat chatmessage-sodakeeper"><strong style="color:hsl(244,63%,60.546556198209615%)"><small>★</small><span class="username" data-name="sodakeeper">sodakeeper</span>:</strong> <em>L0L</em></div><div class="spacer battle-history"><br></div><div class="battle-history">Droppin's used <strong>Flare Blitz</strong>!<br></div><div class="battle-history"><small>It's super effective!</small><br></div><div class="battle-history"><small>(The opposing Shelmet lost <abbr title="−14/21">66.7%</abbr> of its health!)</small><br></div><div class="battle-history"><small>Droppin's is damaged by the recoil!</small><br></div><div class="spacer battle-history"><br></div><div class="battle-history">The opposing Shelmet fainted!<br></div><div class="spacer battle-history"><br></div><div class="battle-history"><small>(The sunlight is strong!)</small><br></div><div class="spacer battle-history"><br></div><div class="battle-history">regiceberg sent out Trashstinks (<strong>Trubbish</strong>)!<br></div><div class="spacer battle-history"><br></div><h2 class="battle-history">Turn 22</h2><div class="spacer battle-history"><br></div><div class="battle-history">The opposing Trashstinks used <strong>Drain Punch</strong>!<br></div><div class="battle-history"><small>(Droppin's lost <abbr title="−5/24">20.8%</abbr> of its health!)</small><br></div><div class="battle-history"><small>Droppin's had its energy drained!</small><br></div><div class="spacer battle-history"><br></div><div class="battle-history">Droppin's used <strong>Flare Blitz</strong>!<br></div><div class="battle-history"><small>(The opposing Trashstinks lost <abbr title="−8/21">38.1%</abbr> of its health!)</small><br></div><div class="battle-history"><small>Droppin's is damaged by the recoil!</small><br></div><div class="spacer battle-history"><br></div><div class="battle-history"><small>The sunlight faded.</small><br></div><div class="spacer battle-history"><br></div><h2 class="battle-history">Turn 23</h2><div class="spacer battle-history"><br></div><div class="battle-history">The opposing Trashstinks used <strong>Drain Punch</strong>!<br></div><div class="battle-history"><small>(Droppin's lost <abbr title="−5/24">20.8%</abbr> of its health!)</small><br></div><div class="battle-history"><small>Droppin's had its energy drained!</small><br></div><div class="spacer battle-history"><br></div><div class="battle-history">Droppin's used <strong>Flare Blitz</strong>!<br></div><div class="battle-history"><small>(The opposing Trashstinks lost <abbr title="−6/21">28.6%</abbr> of its health!)</small><br></div><div class="battle-history"><small>Droppin's is damaged by the recoil!</small><br></div><div class="spacer battle-history"><br></div><h2 class="battle-history">Turn 24</h2><div class="spacer battle-history"><br></div><div class="battle-history">Droppin's, come back!<br></div><div class="battle-history">Go! Cubacone (<strong>Cubone</strong>)!<br></div><div class="spacer battle-history"><br></div><div class="battle-history">The opposing Trashstinks used <strong>Drain Punch</strong>!<br></div><div class="battle-history"><small>(Cubacone lost <abbr title="−4/21">19.0%</abbr> of its health!)</small><br></div><div class="battle-history"><small>Cubacone had its energy drained!</small><br></div><div class="spacer battle-history"><br></div><div class="battle-history"><small>The opposing team's Reflect wore off!</small><br></div><div class="spacer battle-history"><br></div><h2 class="battle-history">Turn 25</h2><div class="spacer battle-history"><br></div><div class="battle-history">The opposing Trashstinks used <strong>Drain Punch</strong>!<br></div><div class="battle-history"><small>(Cubacone lost <abbr title="−3/21">14.3%</abbr> of its health!)</small><br></div><div class="battle-history"><small>Cubacone had its energy drained!</small><br></div><div class="spacer battle-history"><br></div><div class="battle-history">Cubacone fainted!<br></div><div class="chat chatmessage-sodakeeper"><strong style="color:hsl(244,63%,60.546556198209615%)"><small>★</small><span class="username" data-name="sodakeeper">sodakeeper</span>:</strong> <em>trashsweep?! :O</em></div><div class="spacer battle-history"><br></div><div class="battle-history">Go! Cro-Go (<strong>Croagunk</strong>)!<br></div><div class="spacer battle-history"><br></div><h2 class="battle-history">Turn 26</h2><div class="chat chatmessage-regiceberg"><strong style="color:hsl(200,67%,38.41839492201459%)"><small>★</small><span class="username" data-name="regiceberg">regiceberg</span>:</strong> <em>yes</em></div><div class="spacer battle-history"><br></div><div class="battle-history">The opposing Trashstinks used <strong>Pain Split</strong>!<br></div><div class="battle-history"><small>The battlers shared their pain!</small><br></div><div class="spacer battle-history"><br></div><div class="battle-history">Cro-Go used <strong>Thunder Punch</strong>!<br></div><div class="battle-history"><small>(The opposing Trashstinks lost <abbr title="−5/21">23.8%</abbr> of its health!)</small><br></div><div class="spacer battle-history"><br></div><h2 class="battle-history">Turn 27</h2><div class="chat chatmessage-sodakeeper"><strong style="color:hsl(244,63%,60.546556198209615%)"><small>★</small><span class="username" data-name="sodakeeper">sodakeeper</span>:</strong> <em>AAAAAAAAAAAAAAAAAA ITS SO SCARYYYYYYYYYYYYY</em></div><div class="spacer battle-history"><br></div><div class="battle-history">Cro-Go, come back!<br></div><div class="battle-history">Go! Lady GaGa (<strong>Smoochum</strong>)!<br></div><div class="spacer battle-history"><br></div><div class="battle-history">The opposing Trashstinks used <strong>Pain Split</strong>!<br></div><div class="battle-history"><small>The battlers shared their pain!</small><br></div><div class="spacer battle-history"><br></div><h2 class="battle-history">Turn 28</h2><div class="chat chatmessage-sodakeeper"><strong style="color:hsl(244,63%,60.546556198209615%)"><small>★</small><span class="username" data-name="sodakeeper">sodakeeper</span>:</strong> <em>not on my watch ;)</em></div><div class="spacer battle-history"><br></div><div class="battle-history">The opposing Trashstinks used <strong>Drain Punch</strong>!<br></div><div class="battle-history"><small>(Lady GaGa lost <abbr title="−8/22">36.4%</abbr> of its health!)</small><br></div><div class="battle-history"><small>Lady GaGa had its energy drained!</small><br></div><div class="spacer battle-history"><br></div><div class="battle-history">Lady GaGa used <strong>Psychic</strong>!<br></div><div class="battle-history"><small>It's super effective!</small><br></div><div class="battle-history"><small>(The opposing Trashstinks lost <abbr title="−18/21">85.7%</abbr> of its health!)</small><br></div><div class="spacer battle-history"><br></div><h2 class="battle-history">Turn 29</h2><div class="chat chatmessage-sodakeeper"><strong style="color:hsl(244,63%,60.546556198209615%)"><small>★</small><span class="username" data-name="sodakeeper">sodakeeper</span>:</strong> <em>LOLELOLELOL</em></div><div class="chat chatmessage-sodakeeper"><strong style="color:hsl(244,63%,60.546556198209615%)"><small>★</small><span class="username" data-name="sodakeeper">sodakeeper</span>:</strong> <em>ow</em></div><div class="spacer battle-history"><br></div><div class="battle-history">The opposing Trashstinks used <strong>Drain Punch</strong>!<br></div><div class="battle-history"><small>(Lady GaGa lost <abbr title="−7/22">31.8%</abbr> of its health!)</small><br></div><div class="battle-history"><small>Lady GaGa had its energy drained!</small><br></div><div class="spacer battle-history"><br></div><div class="battle-history">Lady GaGa used <strong>Psychic</strong>!<br></div><div class="battle-history"><small>It's super effective!</small><br></div><div class="battle-history"><small>(The opposing Trashstinks lost <abbr title="−6/21">28.6%</abbr> of its health!)</small><br></div><div class="spacer battle-history"><br></div><div class="battle-history">The opposing Trashstinks fainted!<br></div><div class="spacer battle-history"><br></div><div class="battle-history"><strong>sodakeeper</strong> won the battle!<br></div><div class="chat chatmessage-sodakeeper"><strong style="color:hsl(244,63%,60.546556198209615%)"><small>★</small><span class="username" data-name="sodakeeper">sodakeeper</span>:</strong> <em>O M F G</em></div><div class="chat chatmessage-sodakeeper"><strong style="color:hsl(244,63%,60.546556198209615%)"><small>★</small><span class="username" data-name="sodakeeper">sodakeeper</span>:</strong> <em>WAAAAAAAAAAAAAAA</em></div><div class="chat chatmessage-regiceberg"><strong style="color:hsl(200,67%,38.41839492201459%)"><small>★</small><span class="username" data-name="regiceberg">regiceberg</span>:</strong> <em>bye</em></div><div class="chat chatmessage-sodakeeper"><strong style="color:hsl(244,63%,60.546556198209615%)"><small>★</small><span class="username" data-name="sodakeeper">sodakeeper</span>:</strong> <em>bye</em></div></div><div class="inner-preempt"></div></div></div>
</div>
<script>
let daily = Math.floor(Date.now()/1000/60/60/24);document.write('<script src="https://play.pokemonshowdown.com/js/replay-embed.js?version'+daily+'"></'+'script>');
</script>
