<!DOCTYPE html>
<meta charset="utf-8" />
<!-- version 1 -->
<title>LC replay: OldF4therTime vs. OutLookCryBaby</title>
<style>
html,body {font-family:Verdana, sans-serif;font-size:10pt;margin:0;padding:0;}body{padding:12px 0;} .battle-log {font-family:Verdana, sans-serif;font-size:10pt;} .battle-log-inline {border:1px solid #AAAAAA;background:#EEF2F5;color:black;max-width:640px;margin:0 auto 80px;padding-bottom:5px;} .battle-log .inner {padding:4px 8px 0px 8px;} .battle-log .inner-preempt {padding:0 8px 4px 8px;} .battle-log .inner-after {margin-top:0.5em;} .battle-log h2 {margin:0.5em -8px;padding:4px 8px;border:1px solid #AAAAAA;background:#E0E7EA;border-left:0;border-right:0;font-family:Verdana, sans-serif;font-size:13pt;} .battle-log .chat {vertical-align:middle;padding:3px 0 3px 0;font-size:8pt;} .battle-log .chat strong {color:#40576A;} .battle-log .chat em {padding:1px 4px 1px 3px;color:#000000;font-style:normal;} .chat.mine {background:rgba(0,0,0,0.05);margin-left:-8px;margin-right:-8px;padding-left:8px;padding-right:8px;} .spoiler {color:#BBBBBB;background:#BBBBBB;padding:0px 3px;} .spoiler:hover, .spoiler:active, .spoiler-shown {color:#000000;background:#E2E2E2;padding:0px 3px;} .spoiler a {color:#BBBBBB;} .spoiler:hover a, .spoiler:active a, .spoiler-shown a {color:#2288CC;} .chat code, .chat .spoiler:hover code, .chat .spoiler:active code, .chat .spoiler-shown code {border:1px solid #C0C0C0;background:#EEEEEE;color:black;padding:0 2px;} .chat .spoiler code {border:1px solid #CCCCCC;background:#CCCCCC;color:#CCCCCC;} .battle-log .rated {padding:3px 4px;} .battle-log .rated strong {color:white;background:#89A;padding:1px 4px;border-radius:4px;} .spacer {margin-top:0.5em;} .message-announce {background:#6688AA;color:white;padding:1px 4px 2px;} .message-announce a, .broadcast-green a, .broadcast-blue a, .broadcast-red a {color:#DDEEFF;} .broadcast-green {background-color:#559955;color:white;padding:2px 4px;} .broadcast-blue {background-color:#6688AA;color:white;padding:2px 4px;} .infobox {border:1px solid #6688AA;padding:2px 4px;} .infobox-limited {max-height:200px;overflow:auto;overflow-x:hidden;} .broadcast-red {background-color:#AA5544;color:white;padding:2px 4px;} .message-learn-canlearn {font-weight:bold;color:#228822;text-decoration:underline;} .message-learn-cannotlearn {font-weight:bold;color:#CC2222;text-decoration:underline;} .message-effect-weak {font-weight:bold;color:#CC2222;} .message-effect-resist {font-weight:bold;color:#6688AA;} .message-effect-immune {font-weight:bold;color:#666666;} .message-learn-list {margin-top:0;margin-bottom:0;} .message-throttle-notice, .message-error {color:#992222;} .message-overflow, .chat small.message-overflow {font-size:0pt;} .message-overflow::before {font-size:9pt;content:'...';} .subtle {color:#3A4A66;}
</style>
<div class="wrapper replay-wrapper" style="max-width:1180px;margin:0 auto">
<input type="hidden" name="replayid" value="lc-557251935" />
<div class="battle"></div><div class="battle-log"></div><div class="replay-controls"></div><div class="replay-controls-2"></div>
<h1 style="font-weight:normal;text-align:center"><strong>LC</strong><br /><a href="http://pokemonshowdown.com/users/oldf4thertime" class="subtle" target="_blank">OldF4therTime</a> vs. <a href="http://pokemonshowdown.com/users/outlookcrybaby" class="subtle" target="_blank">OutLookCryBaby</a></h1>
<script type="text/plain" class="battle-log-data">|j|OldF4therTime
|j|OutLookCryBaby
|player|p1|OldF4therTime|150
|player|p2|OutLookCryBaby|141
|gametype|singles
|gen|6
|tier|LC
|seed|27803,42511,34480,32937
|clearpoke
|poke|p1|Magnemite, L5|item
|poke|p1|Lileep, L5, M|item
|poke|p1|Purrloin, L5, F|item
|poke|p1|Croagunk, L5, F|item
|poke|p1|Mantyke, L5, F|item
|poke|p1|Magby, L5, M|item
|poke|p2|Buneary, L5, M|item
|poke|p2|Grimer, L5, F|item
|poke|p2|Woobat, L5, M|item
|poke|p2|Aipom, L5, M|item
|poke|p2|Gastly, L5, M|item
|poke|p2|Drowzee, L5, F|item
|rule|Sleep Clause Mod: Limit one foe put to sleep
|rule|Species Clause: Limit one of each Pokémon
|rule|OHKO Clause: OHKO moves are banned
|rule|Moody Clause: Moody is banned
|rule|Evasion Moves Clause: Evasion moves are banned
|rule|Endless Battle Clause: Forcing endless battles is banned
|rule|HP Percentage Mod: HP is shown in percentages
|teampreview
|c|☆OldF4therTime|COOL
|c|☆OldF4therTime|Woobat
|c|☆OutLookCryBaby|I like mixing things up
|choice|team 2, team 1, team 3, team 4, team 5, team 6|team 4, team 2, team 3, team 1, team 5, team 6
|
|start
|switch|p1a: Lileep|Lileep, L5, M|23\/23
|switch|p2a: Aipom|Aipom, L5, M|22\/22
|turn|1
|choice|move stealthrock|move fakeout
|
|move|p2a: Aipom|Fake Out|p1a: Lileep
|-resisted|p1a: Lileep
|-damage|p1a: Lileep|21\/23
|cant|p1a: Lileep|flinch
|
|upkeep
|turn|2
|choice|move stealthrock|move brickbreak
|
|move|p2a: Aipom|Brick Break|p1a: Lileep
|-supereffective|p1a: Lileep
|-damage|p1a: Lileep|13\/23
|move|p1a: Lileep|Stealth Rock|p2a: Aipom
|-sidestart|p2: OutLookCryBaby|move: Stealth Rock
|
|upkeep
|turn|3
|choice|switch 5|move brickbreak
|
|switch|p1a: Mantyke|Mantyke, L5, F|23\/23
|move|p2a: Aipom|Brick Break|p1a: Mantyke
|-resisted|p1a: Mantyke
|-damage|p1a: Mantyke|21\/23
|
|upkeep
|turn|4
|choice|move scald|switch 6
|
|switch|p2a: Drowzee|Drowzee, L5, F|22\/22
|-damage|p2a: Drowzee|20\/22|[from] Stealth Rock
|move|p1a: Mantyke|Scald|p2a: Drowzee
|-damage|p2a: Drowzee|16\/22
|-status|p2a: Drowzee|brn
|
|-damage|p2a: Drowzee|14\/22 brn|[from] brn
|upkeep
|turn|5
|choice|move airslash|move calmmind
|
|move|p1a: Mantyke|Air Slash|p2a: Drowzee
|-damage|p2a: Drowzee|10\/22 brn
|cant|p2a: Drowzee|flinch
|
|-damage|p2a: Drowzee|8\/22 brn|[from] brn
|upkeep
|turn|6
|c|☆OutLookCryBaby|jesus
|choice|move airslash|move thunderwave
|
|move|p1a: Mantyke|Air Slash|p2a: Drowzee
|-damage|p2a: Drowzee|2\/22 brn
|cant|p2a: Drowzee|flinch
|
|-damage|p2a: Drowzee|0 fnt|[from] brn
|upkeep
|faint|p2a: Drowzee
|c|☆OutLookCryBaby|COME ON
|c|☆OldF4therTime|I'm the luckiest man alive apparently
|choice||switch 5
|
|switch|p2a: Gastly|Gastly, L5, M|19\/19
|-damage|p2a: Gastly|17\/19|[from] Stealth Rock
|turn|7
|c|☆OldF4therTime|This never happens to me
|choice|switch 5|move thunderbolt
|
|switch|p1a: Lileep|Lileep, L5, M|13\/23
|move|p2a: Gastly|Thunderbolt|p1a: Lileep
|-resisted|p1a: Lileep
|-damage|p1a: Lileep|9\/23
|-status|p1a: Lileep|par
|
|upkeep
|turn|8
|c|☆OldF4therTime|There ya go
|choice|move recover|switch 3
|
|switch|p2a: Woobat|Woobat, L5, M|22\/22
|-damage|p2a: Woobat|17\/22|[from] Stealth Rock
|move|p1a: Lileep|Recover|p1a: Lileep
|-heal|p1a: Lileep|21\/23 par
|
|upkeep
|turn|9
|c|☆OldF4therTime|Let's go
|choice|switch 3|move calmmind
|
|switch|p1a: Purrloin|Purrloin, L5, F|23\/23
|move|p2a: Woobat|Calm Mind|p2a: Woobat
|-boost|p2a: Woobat|spa|2
|-boost|p2a: Woobat|spd|2
|
|upkeep
|turn|10
|choice|move encore|move airslash
|
|move|p1a: Purrloin|Encore|p2a: Woobat
|-start|p2a: Woobat|Encore
|move|p2a: Woobat|Calm Mind|p2a: Woobat
|-boost|p2a: Woobat|spa|2
|-boost|p2a: Woobat|spd|2
|
|upkeep
|turn|11
|choice|move knockoff|move calmmind
|
|move|p1a: Purrloin|Knock Off|p2a: Woobat
|-supereffective|p2a: Woobat
|-damage|p2a: Woobat|0 fnt
|-enditem|p2a: Woobat|Eviolite|[from] move: Knock Off|[of] p1a: Purrloin
|faint|p2a: Woobat
|
|upkeep
|choice||switch 4
|
|switch|p2a: Buneary|Buneary, L5, M|22\/22
|-damage|p2a: Buneary|20\/22|[from] Stealth Rock
|turn|12
|choice|switch 3|move hypervoice
|
|switch|p1a: Lileep|Lileep, L5, M|21\/23 par
|move|p2a: Buneary|Hyper Voice|p1a: Lileep
|-resisted|p1a: Lileep
|-damage|p1a: Lileep|17\/23 par
|
|upkeep
|turn|13
|choice|move ancientpower|switch 2
|
|switch|p2a: Grimer|Grimer, L5, F|25\/25
|-damage|p2a: Grimer|22\/25|[from] Stealth Rock
|move|p1a: Lileep|Ancient Power|p2a: Grimer
|-damage|p2a: Grimer|18\/25
|
|upkeep
|turn|14
|choice|switch 4|move poweruppunch
|
|switch|p1a: Croagunk|Croagunk, L5, F|22\/22
|move|p2a: Grimer|Power-Up Punch|p1a: Croagunk
|-resisted|p1a: Croagunk
|-damage|p1a: Croagunk|20\/22
|-boost|p2a: Grimer|atk|1
|
|upkeep
|turn|15
|choice|move nastyplot|move taunt
|
|move|p1a: Croagunk|Nasty Plot|p1a: Croagunk
|-boost|p1a: Croagunk|spa|2
|move|p2a: Grimer|Taunt|p1a: Croagunk
|-start|p1a: Croagunk|move: Taunt
|
|upkeep
|turn|16
|choice|move shadowball|move poweruppunch
|
|move|p1a: Croagunk|Shadow Ball|p2a: Grimer
|-damage|p2a: Grimer|9\/25
|move|p2a: Grimer|Power-Up Punch|p1a: Croagunk
|-resisted|p1a: Croagunk
|-damage|p1a: Croagunk|18\/22
|-boost|p2a: Grimer|atk|1
|
|upkeep
|turn|17
|choice|move shadowball|move painsplit
|
|move|p1a: Croagunk|Shadow Ball|p2a: Grimer
|-damage|p2a: Grimer|0 fnt
|faint|p2a: Grimer
|
|upkeep
|c|☆OldF4therTime|Cool set
|choice||switch 3
|
|switch|p2a: Gastly|Gastly, L5, M|17\/19
|-damage|p2a: Gastly|15\/19|[from] Stealth Rock
|turn|18
|choice|switch 4|move shadowball
|
|switch|p1a: Lileep|Lileep, L5, M|17\/23 par
|move|p2a: Gastly|Shadow Ball|p1a: Lileep
|-damage|p1a: Lileep|7\/23 par
|
|upkeep
|turn|19
|choice|move ancientpower|move shadowball
|
|move|p2a: Gastly|Shadow Ball|p1a: Lileep
|-damage|p1a: Lileep|0 fnt
|faint|p1a: Lileep
|
|upkeep
|choice|switch 3|
|
|switch|p1a: Purrloin|Purrloin, L5, F|23\/23
|turn|20
|c|☆OutLookCryBaby|yep
|choice|move thunderwave|switch 2
|
|switch|p2a: Buneary|Buneary, L5, M|20\/22
|-damage|p2a: Buneary|18\/22|[from] Stealth Rock
|move|p1a: Purrloin|Thunder Wave|p2a: Buneary
|-immune|p2a: Buneary|[msg]|[from] ability: Limber
|
|upkeep
|turn|21
|c|☆OldF4therTime|OOOH
|c|☆OldF4therTime|Cool
|choice|switch 5|move switcheroo
|
|switch|p1a: Mantyke|Mantyke, L5, F|21\/23
|move|p2a: Buneary|Switcheroo|p1a: Mantyke
|-activate|p2a: Buneary|move: Trick|[of] p1a: Mantyke
|-item|p1a: Mantyke|Choice Specs|[from] move: Switcheroo
|-item|p2a: Buneary|Eviolite|[from] move: Switcheroo
|
|upkeep
|turn|22
|choice|move scald|move thunderbolt
|
|move|p2a: Buneary|Thunderbolt|p1a: Mantyke
|-supereffective|p1a: Mantyke
|-damage|p1a: Mantyke|1\/23
|move|p1a: Mantyke|Scald|p2a: Buneary
|-crit|p2a: Buneary
|-damage|p2a: Buneary|2\/22
|
|upkeep
|turn|23
|c|☆OutLookCryBaby|cmon'
|choice|move scald|move hypervoice
|
|move|p2a: Buneary|Hyper Voice|p1a: Mantyke
|-damage|p1a: Mantyke|0 fnt
|faint|p1a: Mantyke
|
|upkeep
|choice|switch 2|
|
|switch|p1a: Magnemite|Magnemite, L5|19\/19
|turn|24
|choice|move voltswitch|move icebeam
|
|move|p1a: Magnemite|Volt Switch|p2a: Buneary
|-damage|p2a: Buneary|0 fnt
|faint|p2a: Buneary
|choice|switch 5|
|
|switch|p1a: Purrloin|Purrloin, L5, F|23\/23
|
|upkeep
|c|☆OutLookCryBaby|scarfed I'm guessing
|choice||switch 6
|
|switch|p2a: Aipom|Aipom, L5, M|22\/22
|-damage|p2a: Aipom|20\/22|[from] Stealth Rock
|turn|25
|choice|move thunderwave|move fakeout
|
|move|p2a: Aipom|Fake Out|p1a: Purrloin
|-crit|p1a: Purrloin
|-damage|p1a: Purrloin|16\/23
|cant|p1a: Purrloin|flinch
|
|upkeep
|turn|26
|choice|move encore|move brickbreak
|
|move|p1a: Purrloin|Encore|p2a: Aipom
|-start|p2a: Aipom|Encore
|move|p2a: Aipom|Fake Out|p1a: Purrloin
|-fail|p2a: Aipom
|-hint|Fake Out only works on your first turn out.
|
|upkeep
|turn|27
|choice|move knockoff|switch 2
|
|switch|p2a: Gastly|Gastly, L5, M|15\/19
|-damage|p2a: Gastly|13\/19|[from] Stealth Rock
|move|p1a: Purrloin|Knock Off|p2a: Gastly
|-supereffective|p2a: Gastly
|-damage|p2a: Gastly|0 fnt
|-enditem|p2a: Gastly|Choice Specs|[from] move: Knock Off|[of] p1a: Purrloin
|faint|p2a: Gastly
|
|upkeep
|choice||switch 2
|
|switch|p2a: Aipom|Aipom, L5, M|20\/22
|-damage|p2a: Aipom|18\/22|[from] Stealth Rock
|turn|28
|choice|move thunderwave|move brickbreak
|
|move|p1a: Purrloin|Thunder Wave|p2a: Aipom
|-status|p2a: Aipom|par
|cant|p2a: Aipom|par
|
|upkeep
|turn|29
|c|☆OutLookCryBaby|my luck man
|c|☆OutLookCryBaby|lol
|c|☆OldF4therTime|Sorry bro
|choice|move knockoff|move brickbreak
|
|move|p1a: Purrloin|Knock Off|p2a: Aipom
|-damage|p2a: Aipom|6\/22 par
|-enditem|p2a: Aipom|Sitrus Berry|[from] move: Knock Off|[of] p1a: Purrloin
|move|p2a: Aipom|Brick Break|p1a: Purrloin
|-supereffective|p1a: Purrloin
|-damage|p1a: Purrloin|4\/23
|
|upkeep
|turn|30
|c|☆OldF4therTime|It's the game we play
|choice|move knockoff|move brickbreak
|
|move|p1a: Purrloin|Knock Off|p2a: Aipom
|-damage|p2a: Aipom|0 fnt
|faint|p2a: Aipom
|
|win|OldF4therTime
|c|☆OutLookCryBaby|gg
|c|☆OldF4therTime|I got a new UU team
|c|☆OldF4therTime|If you want a go
|c|☆OutLookCryBaby|i have tons
|c|☆OutLookCryBaby|lol
|l|OutLookCryBaby</script>
</div>
<div class="battle-log battle-log-inline"><div class="inner"><div class="battle-options"></div><div class="inner"><div class="chat"><small>OldF4therTime joined.</small></div><div class="chat"><small>OutLookCryBaby joined.</small></div><div class=""><small>Format:</small> <br><strong>LC</strong></div><div class=""><small><em>Sleep Clause Mod:</em> Limit one foe put to sleep</small></div><div class=""><small><em>Species Clause:</em> Limit one of each Pokémon</small></div><div class=""><small><em>OHKO Clause:</em> OHKO moves are banned</small></div><div class=""><small><em>Moody Clause:</em> Moody is banned</small></div><div class=""><small><em>Evasion Moves Clause:</em> Evasion moves are banned</small></div><div class=""><small><em>Endless Battle Clause:</em> Forcing endless battles is banned</small></div><div class=""><small><em>HP Percentage Mod:</em> HP is shown in percentages</small></div><div class="chat battle-history"><strong>OldF4therTime's team:</strong> <em style="color:#445566;display:block;">Magnemite / Lileep / Purrloin / Croagunk / Mantyke / Magby</em></div><div class="chat battle-history"><strong>OutLookCryBaby's team:</strong> <em style="color:#445566;display:block;">Buneary / Grimer / Woobat / Aipom / Gastly / Drowzee</em></div><div class="chat chatmessage-oldf4thertime"><strong style="color:hsl(114,89%,31.907630395246564%)"><small>☆</small><span class="username" data-name="OldF4therTime">OldF4therTime</span>:</strong> <em>COOL</em></div><div class="chat chatmessage-oldf4thertime"><strong style="color:hsl(114,89%,31.907630395246564%)"><small>☆</small><span class="username" data-name="OldF4therTime">OldF4therTime</span>:</strong> <em>Woobat</em></div><div class="chat chatmessage-outlookcrybaby"><strong style="color:hsl(135,76%,37.37568130483576%)"><small>☆</small><span class="username" data-name="OutLookCryBaby">OutLookCryBaby</span>:</strong> <em>I like mixing things up</em></div><div class="spacer battle-history"><br></div><div class="battle-history">Battle started between OldF4therTime and OutLookCryBaby!<br></div><div class="spacer battle-history"><br></div><div class="battle-history">Go! <strong>Lileep</strong>!<br></div><div class="spacer battle-history"><br></div><div class="battle-history">OutLookCryBaby sent out <strong>Aipom</strong>!<br></div><div class="spacer battle-history"><br></div><h2 class="battle-history">Turn 1</h2><div class="spacer battle-history"><br></div><div class="battle-history">The opposing Aipom used <strong>Fake Out</strong>!<br></div><div class="battle-history"><small>It's not very effective...</small><br></div><div class="battle-history"><small>(Lileep lost <abbr title="−2/23">8.7%</abbr> of its health!)</small><br></div><div class="spacer battle-history"><br></div><div class="battle-history">Lileep flinched and couldn't move!<br></div><div class="spacer battle-history"><br></div><h2 class="battle-history">Turn 2</h2><div class="spacer battle-history"><br></div><div class="battle-history">The opposing Aipom used <strong>Brick Break</strong>!<br></div><div class="battle-history"><small>It's super effective!</small><br></div><div class="battle-history"><small>(Lileep lost <abbr title="−8/23">34.8%</abbr> of its health!)</small><br></div><div class="spacer battle-history"><br></div><div class="battle-history">Lileep used <strong>Stealth Rock</strong>!<br></div><div class="battle-history"><small>Pointed stones float in the air around the opposing team!</small><br></div><div class="spacer battle-history"><br></div><h2 class="battle-history">Turn 3</h2><div class="spacer battle-history"><br></div><div class="battle-history">Lileep, come back!<br></div><div class="battle-history">Go! <strong>Mantyke</strong>!<br></div><div class="spacer battle-history"><br></div><div class="battle-history">The opposing Aipom used <strong>Brick Break</strong>!<br></div><div class="battle-history"><small>It's not very effective...</small><br></div><div class="battle-history"><small>(Mantyke lost <abbr title="−2/23">8.7%</abbr> of its health!)</small><br></div><div class="spacer battle-history"><br></div><h2 class="battle-history">Turn 4</h2><div class="spacer battle-history"><br></div><div class="battle-history">OutLookCryBaby withdrew Aipom!<br></div><div class="battle-history">OutLookCryBaby sent out <strong>Drowzee</strong>!<br></div><div class="battle-history"><small>Pointed stones dug into the opposing Drowzee!</small><br></div><div class="spacer battle-history"><br></div><div class="battle-history">Mantyke used <strong>Scald</strong>!<br></div><div class="battle-history"><small>(The opposing Drowzee lost <abbr title="−4/22">18.2%</abbr> of its health!)</small><br></div><div class="battle-history"><small>The opposing Drowzee was burned!</small><br></div><div class="spacer battle-history"><br></div><div class="battle-history"><small>The opposing Drowzee was hurt by its burn!</small><br></div><div class="spacer battle-history"><br></div><h2 class="battle-history">Turn 5</h2><div class="spacer battle-history"><br></div><div class="battle-history">Mantyke used <strong>Air Slash</strong>!<br></div><div class="battle-history"><small>(The opposing Drowzee lost <abbr title="−4/22">18.2%</abbr> of its health!)</small><br></div><div class="spacer battle-history"><br></div><div class="battle-history">The opposing Drowzee flinched and couldn't move!<br></div><div class="spacer battle-history"><br></div><div class="battle-history"><small>The opposing Drowzee was hurt by its burn!</small><br></div><div class="spacer battle-history"><br></div><h2 class="battle-history">Turn 6</h2><div class="chat chatmessage-outlookcrybaby"><strong style="color:hsl(135,76%,37.37568130483576%)"><small>☆</small><span class="username" data-name="OutLookCryBaby">OutLookCryBaby</span>:</strong> <em>jesus</em></div><div class="spacer battle-history"><br></div><div class="battle-history">Mantyke used <strong>Air Slash</strong>!<br></div><div class="battle-history"><small>(The opposing Drowzee lost <abbr title="−6/22">27.3%</abbr> of its health!)</small><br></div><div class="spacer battle-history"><br></div><div class="battle-history">The opposing Drowzee flinched and couldn't move!<br></div><div class="spacer battle-history"><br></div><div class="battle-history"><small>The opposing Drowzee was hurt by its burn!</small><br></div><div class="spacer battle-history"><br></div><div class="battle-history">The opposing Drowzee fainted!<br></div><div class="chat chatmessage-outlookcrybaby"><strong style="color:hsl(135,76%,37.37568130483576%)"><small>☆</small><span class="username" data-name="OutLookCryBaby">OutLookCryBaby</span>:</strong> <em>COME ON</em></div><div class="chat chatmessage-oldf4thertime"><strong style="color:hsl(114,89%,31.907630395246564%)"><small>☆</small><span class="username" data-name="OldF4therTime">OldF4therTime</span>:</strong> <em>I'm the luckiest man alive apparently</em></div><div class="spacer battle-history"><br></div><div class="battle-history">OutLookCryBaby sent out <strong>Gastly</strong>!<br></div><div class="battle-history"><small>Pointed stones dug into the opposing Gastly!</small><br></div><div class="spacer battle-history"><br></div><h2 class="battle-history">Turn 7</h2><div class="chat chatmessage-oldf4thertime"><strong style="color:hsl(114,89%,31.907630395246564%)"><small>☆</small><span class="username" data-name="OldF4therTime">OldF4therTime</span>:</strong> <em>This never happens to me</em></div><div class="spacer battle-history"><br></div><div class="battle-history">Mantyke, come back!<br></div><div class="battle-history">Go! <strong>Lileep</strong>!<br></div><div class="spacer battle-history"><br></div><div class="battle-history">The opposing Gastly used <strong>Thunderbolt</strong>!<br></div><div class="battle-history"><small>It's not very effective...</small><br></div><div class="battle-history"><small>(Lileep lost <abbr title="−4/23">17.4%</abbr> of its health!)</small><br></div><div class="battle-history"><small>Lileep is paralyzed! It may be unable to move!</small><br></div><div class="spacer battle-history"><br></div><h2 class="battle-history">Turn 8</h2><div class="chat chatmessage-oldf4thertime"><strong style="color:hsl(114,89%,31.907630395246564%)"><small>☆</small><span class="username" data-name="OldF4therTime">OldF4therTime</span>:</strong> <em>There ya go</em></div><div class="spacer battle-history"><br></div><div class="battle-history">OutLookCryBaby withdrew Gastly!<br></div><div class="battle-history">OutLookCryBaby sent out <strong>Woobat</strong>!<br></div><div class="battle-history"><small>Pointed stones dug into the opposing Woobat!</small><br></div><div class="spacer battle-history"><br></div><div class="battle-history">Lileep used <strong>Recover</strong>!<br></div><div class="battle-history"><small>Lileep restored its HP.</small><br></div><div class="spacer battle-history"><br></div><h2 class="battle-history">Turn 9</h2><div class="chat chatmessage-oldf4thertime"><strong style="color:hsl(114,89%,31.907630395246564%)"><small>☆</small><span class="username" data-name="OldF4therTime">OldF4therTime</span>:</strong> <em>Let's go</em></div><div class="spacer battle-history"><br></div><div class="battle-history">Lileep, come back!<br></div><div class="battle-history">Go! <strong>Purrloin</strong>!<br></div><div class="spacer battle-history"><br></div><div class="battle-history">The opposing Woobat used <strong>Calm Mind</strong>!<br></div><div class="battle-history"><small>The opposing Woobat's Special Attack rose sharply!</small><br></div><div class="battle-history"><small>The opposing Woobat's Special Defense rose sharply!</small><br></div><div class="spacer battle-history"><br></div><h2 class="battle-history">Turn 10</h2><div class="spacer battle-history"><br></div><div class="battle-history">Purrloin used <strong>Encore</strong>!<br></div><div class="battle-history"><small>The opposing Woobat received an encore!</small><br></div><div class="spacer battle-history"><br></div><div class="battle-history">The opposing Woobat used <strong>Calm Mind</strong>!<br></div><div class="battle-history"><small>The opposing Woobat's Special Attack rose sharply!</small><br></div><div class="battle-history"><small>The opposing Woobat's Special Defense rose sharply!</small><br></div><div class="spacer battle-history"><br></div><h2 class="battle-history">Turn 11</h2><div class="spacer battle-history"><br></div><div class="battle-history">Purrloin used <strong>Knock Off</strong>!<br></div><div class="battle-history"><small>It's super effective!</small><br></div><div class="battle-history"><small>(The opposing Woobat lost <abbr title="−17/22">77.3%</abbr> of its health!)</small><br></div><div class="battle-history"><small>Purrloin knocked off the opposing Woobat's Eviolite!</small><br></div><div class="spacer battle-history"><br></div><div class="battle-history">The opposing Woobat fainted!<br></div><div class="spacer battle-history"><br></div><div class="battle-history">OutLookCryBaby sent out <strong>Buneary</strong>!<br></div><div class="battle-history"><small>Pointed stones dug into the opposing Buneary!</small><br></div><div class="spacer battle-history"><br></div><h2 class="battle-history">Turn 12</h2><div class="spacer battle-history"><br></div><div class="battle-history">Purrloin, come back!<br></div><div class="battle-history">Go! <strong>Lileep</strong>!<br></div><div class="spacer battle-history"><br></div><div class="battle-history">The opposing Buneary used <strong>Hyper Voice</strong>!<br></div><div class="battle-history"><small>It's not very effective...</small><br></div><div class="battle-history"><small>(Lileep lost <abbr title="−4/23">17.4%</abbr> of its health!)</small><br></div><div class="spacer battle-history"><br></div><h2 class="battle-history">Turn 13</h2><div class="spacer battle-history"><br></div><div class="battle-history">OutLookCryBaby withdrew Buneary!<br></div><div class="battle-history">OutLookCryBaby sent out <strong>Grimer</strong>!<br></div><div class="battle-history"><small>Pointed stones dug into the opposing Grimer!</small><br></div><div class="spacer battle-history"><br></div><div class="battle-history">Lileep used <strong>Ancient Power</strong>!<br></div><div class="battle-history"><small>(The opposing Grimer lost <abbr title="−4/25">16%</abbr> of its health!)</small><br></div><div class="spacer battle-history"><br></div><h2 class="battle-history">Turn 14</h2><div class="spacer battle-history"><br></div><div class="battle-history">Lileep, come back!<br></div><div class="battle-history">Go! <strong>Croagunk</strong>!<br></div><div class="spacer battle-history"><br></div><div class="battle-history">The opposing Grimer used <strong>Power-Up Punch</strong>!<br></div><div class="battle-history"><small>It's not very effective...</small><br></div><div class="battle-history"><small>(Croagunk lost <abbr title="−2/22">9.1%</abbr> of its health!)</small><br></div><div class="battle-history"><small>The opposing Grimer's Attack rose!</small><br></div><div class="spacer battle-history"><br></div><h2 class="battle-history">Turn 15</h2><div class="spacer battle-history"><br></div><div class="battle-history">Croagunk used <strong>Nasty Plot</strong>!<br></div><div class="battle-history"><small>Croagunk's Special Attack rose sharply!</small><br></div><div class="spacer battle-history"><br></div><div class="battle-history">The opposing Grimer used <strong>Taunt</strong>!<br></div><div class="battle-history"><small>Croagunk fell for the taunt!</small><br></div><div class="spacer battle-history"><br></div><h2 class="battle-history">Turn 16</h2><div class="spacer battle-history"><br></div><div class="battle-history">Croagunk used <strong>Shadow Ball</strong>!<br></div><div class="battle-history"><small>(The opposing Grimer lost <abbr title="−9/25">36%</abbr> of its health!)</small><br></div><div class="spacer battle-history"><br></div><div class="battle-history">The opposing Grimer used <strong>Power-Up Punch</strong>!<br></div><div class="battle-history"><small>It's not very effective...</small><br></div><div class="battle-history"><small>(Croagunk lost <abbr title="−2/22">9.1%</abbr> of its health!)</small><br></div><div class="battle-history"><small>The opposing Grimer's Attack rose!</small><br></div><div class="spacer battle-history"><br></div><h2 class="battle-history">Turn 17</h2><div class="spacer battle-history"><br></div><div class="battle-history">Croagunk used <strong>Shadow Ball</strong>!<br></div><div class="battle-history"><small>(The opposing Grimer lost <abbr title="−9/25">36%</abbr> of its health!)</small><br></div><div class="spacer battle-history"><br></div><div class="battle-history">The opposing Grimer fainted!<br></div><div class="chat chatmessage-oldf4thertime"><strong style="color:hsl(114,89%,31.907630395246564%)"><small>☆</small><span class="username" data-name="OldF4therTime">OldF4therTime</span>:</strong> <em>Cool set</em></div><div class="spacer battle-history"><br></div><div class="battle-history">OutLookCryBaby sent out <strong>Gastly</strong>!<br></div><div class="battle-history"><small>Pointed stones dug into the opposing Gastly!</small><br></div><div class="spacer battle-history"><br></div><h2 class="battle-history">Turn 18</h2><div class="spacer battle-history"><br></div><div class="battle-history">Croagunk, come back!<br></div><div class="battle-history">Go! <strong>Lileep</strong>!<br></div><div class="spacer battle-history"><br></div><div class="battle-history">The opposing Gastly used <strong>Shadow Ball</strong>!<br></div><div class="battle-history"><small>(Lileep lost <abbr title="−10/23">43.5%</abbr> of its health!)</small><br></div><div class="spacer battle-history"><br></div><h2 class="battle-history">Turn 19</h2><div class="spacer battle-history"><br></div><div class="battle-history">The opposing Gastly used <strong>Shadow Ball</strong>!<br></div><div class="battle-history"><small>(Lileep lost <abbr title="−7/23">30.4%</abbr> of its health!)</small><br></div><div class="spacer battle-history"><br></div><div class="battle-history">Lileep fainted!<br></div><div class="spacer battle-history"><br></div><div class="battle-history">Go! <strong>Purrloin</strong>!<br></div><div class="spacer battle-history"><br></div><h2 class="battle-history">Turn 20</h2><div class="chat chatmessage-outlookcrybaby"><strong style="color:hsl(135,76%,37.37568130483576%)"><small>☆</small><span class="username" data-name="OutLookCryBaby">OutLookCryBaby</span>:</strong> <em>yep</em></div><div class="spacer battle-history"><br></div><div class="battle-history">OutLookCryBaby withdrew Gastly!<br></div><div class="battle-history">OutLookCryBaby sent out <strong>Buneary</strong>!<br></div><div class="battle-history"><small>Pointed stones dug into the opposing Buneary!</small><br></div><div class="spacer battle-history"><br></div><div class="battle-history">Purrloin used <strong>Thunder Wave</strong>!<br></div><div class="battle-history"><small>[The opposing Buneary's Limber]</small><br><small>It doesn't affect the opposing Buneary...</small><br></div><div class="spacer battle-history"><br></div><h2 class="battle-history">Turn 21</h2><div class="chat chatmessage-oldf4thertime"><strong style="color:hsl(114,89%,31.907630395246564%)"><small>☆</small><span class="username" data-name="OldF4therTime">OldF4therTime</span>:</strong> <em>OOOH</em></div><div class="chat chatmessage-oldf4thertime"><strong style="color:hsl(114,89%,31.907630395246564%)"><small>☆</small><span class="username" data-name="OldF4therTime">OldF4therTime</span>:</strong> <em>Cool</em></div><div class="spacer battle-history"><br></div><div class="battle-history">Purrloin, come back!<br></div><div class="battle-history">Go! <strong>Mantyke</strong>!<br></div><div class="spacer battle-history"><br></div><div class="battle-history">The opposing Buneary used <strong>Switcheroo</strong>!<br></div><div class="battle-history"><small>The opposing Buneary switched items with its target!</small><br></div><div class="battle-history"><small>Mantyke obtained one Choice Specs.</small><br></div><div class="battle-history"><small>The opposing Buneary obtained one Eviolite.</small><br></div><div class="spacer battle-history"><br></div><h2 class="battle-history">Turn 22</h2><div class="spacer battle-history"><br></div><div class="battle-history">The opposing Buneary used <strong>Thunderbolt</strong>!<br></div><div class="battle-history"><small>It's super effective!</small><br></div><div class="battle-history"><small>(Mantyke lost <abbr title="−20/23">87.0%</abbr> of its health!)</small><br></div><div class="spacer battle-history"><br></div><div class="battle-history">Mantyke used <strong>Scald</strong>!<br></div><div class="battle-history"><small>A critical hit!</small><br></div><div class="battle-history"><small>(The opposing Buneary lost <abbr title="−16/22">72.7%</abbr> of its health!)</small><br></div><div class="spacer battle-history"><br></div><h2 class="battle-history">Turn 23</h2><div class="chat chatmessage-outlookcrybaby"><strong style="color:hsl(135,76%,37.37568130483576%)"><small>☆</small><span class="username" data-name="OutLookCryBaby">OutLookCryBaby</span>:</strong> <em>cmon'</em></div><div class="spacer battle-history"><br></div><div class="battle-history">The opposing Buneary used <strong>Hyper Voice</strong>!<br></div><div class="battle-history"><small>(Mantyke lost <abbr title="−1/23">4.3%</abbr> of its health!)</small><br></div><div class="spacer battle-history"><br></div><div class="battle-history">Mantyke fainted!<br></div><div class="spacer battle-history"><br></div><div class="battle-history">Go! <strong>Magnemite</strong>!<br></div><div class="spacer battle-history"><br></div><h2 class="battle-history">Turn 24</h2><div class="spacer battle-history"><br></div><div class="battle-history">Magnemite used <strong>Volt Switch</strong>!<br></div><div class="battle-history"><small>(The opposing Buneary lost <abbr title="−2/22">9.1%</abbr> of its health!)</small><br></div><div class="spacer battle-history"><br></div><div class="battle-history">The opposing Buneary fainted!<br></div><div class="spacer battle-history"><br></div><div class="battle-history">Magnemite went back to OldF4therTime!<br></div><div class="battle-history">Go! <strong>Purrloin</strong>!<br></div><div class="chat chatmessage-outlookcrybaby"><strong style="color:hsl(135,76%,37.37568130483576%)"><small>☆</small><span class="username" data-name="OutLookCryBaby">OutLookCryBaby</span>:</strong> <em>scarfed I'm guessing</em></div><div class="spacer battle-history"><br></div><div class="battle-history">OutLookCryBaby sent out <strong>Aipom</strong>!<br></div><div class="battle-history"><small>Pointed stones dug into the opposing Aipom!</small><br></div><div class="spacer battle-history"><br></div><h2 class="battle-history">Turn 25</h2><div class="spacer battle-history"><br></div><div class="battle-history">The opposing Aipom used <strong>Fake Out</strong>!<br></div><div class="battle-history"><small>A critical hit!</small><br></div><div class="battle-history"><small>(Purrloin lost <abbr title="−7/23">30.4%</abbr> of its health!)</small><br></div><div class="spacer battle-history"><br></div><div class="battle-history">Purrloin flinched and couldn't move!<br></div><div class="spacer battle-history"><br></div><h2 class="battle-history">Turn 26</h2><div class="spacer battle-history"><br></div><div class="battle-history">Purrloin used <strong>Encore</strong>!<br></div><div class="battle-history"><small>The opposing Aipom received an encore!</small><br></div><div class="spacer battle-history"><br></div><div class="battle-history">The opposing Aipom used <strong>Fake Out</strong>!<br></div><div class="battle-history"><small>But it failed!</small><br></div><div class="battle-history"><small>(Fake Out only works on your first turn out.)</small><br></div><div class="spacer battle-history"><br></div><h2 class="battle-history">Turn 27</h2><div class="spacer battle-history"><br></div><div class="battle-history">OutLookCryBaby withdrew Aipom!<br></div><div class="battle-history">OutLookCryBaby sent out <strong>Gastly</strong>!<br></div><div class="battle-history"><small>Pointed stones dug into the opposing Gastly!</small><br></div><div class="spacer battle-history"><br></div><div class="battle-history">Purrloin used <strong>Knock Off</strong>!<br></div><div class="battle-history"><small>It's super effective!</small><br></div><div class="battle-history"><small>(The opposing Gastly lost <abbr title="−13/19">68.4%</abbr> of its health!)</small><br></div><div class="battle-history"><small>Purrloin knocked off the opposing Gastly's Choice Specs!</small><br></div><div class="spacer battle-history"><br></div><div class="battle-history">The opposing Gastly fainted!<br></div><div class="spacer battle-history"><br></div><div class="battle-history">OutLookCryBaby sent out <strong>Aipom</strong>!<br></div><div class="battle-history"><small>Pointed stones dug into the opposing Aipom!</small><br></div><div class="spacer battle-history"><br></div><h2 class="battle-history">Turn 28</h2><div class="spacer battle-history"><br></div><div class="battle-history">Purrloin used <strong>Thunder Wave</strong>!<br></div><div class="battle-history"><small>The opposing Aipom is paralyzed! It may be unable to move!</small><br></div><div class="spacer battle-history"><br></div><div class="battle-history">The opposing Aipom is paralyzed! It can't move!<br></div><div class="spacer battle-history"><br></div><h2 class="battle-history">Turn 29</h2><div class="chat chatmessage-outlookcrybaby"><strong style="color:hsl(135,76%,37.37568130483576%)"><small>☆</small><span class="username" data-name="OutLookCryBaby">OutLookCryBaby</span>:</strong> <em>my luck man</em></div><div class="chat chatmessage-outlookcrybaby"><strong style="color:hsl(135,76%,37.37568130483576%)"><small>☆</small><span class="username" data-name="OutLookCryBaby">OutLookCryBaby</span>:</strong> <em>lol</em></div><div class="chat chatmessage-oldf4thertime"><strong style="color:hsl(114,89%,31.907630395246564%)"><small>☆</small><span class="username" data-name="OldF4therTime">OldF4therTime</span>:</strong> <em>Sorry bro</em></div><div class="spacer battle-history"><br></div><div class="battle-history">Purrloin used <strong>Knock Off</strong>!<br></div><div class="battle-history"><small>(The opposing Aipom lost <abbr title="−12/22">54.5%</abbr> of its health!)</small><br></div><div class="battle-history"><small>Purrloin knocked off the opposing Aipom's Sitrus Berry!</small><br></div><div class="spacer battle-history"><br></div><div class="battle-history">The opposing Aipom used <strong>Brick Break</strong>!<br></div><div class="battle-history"><small>It's super effective!</small><br></div><div class="battle-history"><small>(Purrloin lost <abbr title="−12/23">52.2%</abbr> of its health!)</small><br></div><div class="spacer battle-history"><br></div><h2 class="battle-history">Turn 30</h2><div class="chat chatmessage-oldf4thertime"><strong style="color:hsl(114,89%,31.907630395246564%)"><small>☆</small><span class="username" data-name="OldF4therTime">OldF4therTime</span>:</strong> <em>It's the game we play</em></div><div class="spacer battle-history"><br></div><div class="battle-history">Purrloin used <strong>Knock Off</strong>!<br></div><div class="battle-history"><small>(The opposing Aipom lost <abbr title="−6/22">27.3%</abbr> of its health!)</small><br></div><div class="spacer battle-history"><br></div><div class="battle-history">The opposing Aipom fainted!<br></div><div class="spacer battle-history"><br></div><div class="battle-history"><strong>OldF4therTime</strong> won the battle!<br></div><div class="chat chatmessage-outlookcrybaby"><strong style="color:hsl(135,76%,37.37568130483576%)"><small>☆</small><span class="username" data-name="OutLookCryBaby">OutLookCryBaby</span>:</strong> <em>gg</em></div><div class="chat chatmessage-oldf4thertime"><strong style="color:hsl(114,89%,31.907630395246564%)"><small>☆</small><span class="username" data-name="OldF4therTime">OldF4therTime</span>:</strong> <em>I got a new UU team</em></div><div class="chat chatmessage-oldf4thertime"><strong style="color:hsl(114,89%,31.907630395246564%)"><small>☆</small><span class="username" data-name="OldF4therTime">OldF4therTime</span>:</strong> <em>If you want a go</em></div><div class="chat chatmessage-outlookcrybaby"><strong style="color:hsl(135,76%,37.37568130483576%)"><small>☆</small><span class="username" data-name="OutLookCryBaby">OutLookCryBaby</span>:</strong> <em>i have tons</em></div><div class="chat chatmessage-outlookcrybaby"><strong style="color:hsl(135,76%,37.37568130483576%)"><small>☆</small><span class="username" data-name="OutLookCryBaby">OutLookCryBaby</span>:</strong> <em>lol</em></div><div class="chat"><small>OutLookCryBaby left.</small></div></div><div class="inner-preempt"></div></div></div>
</div>
<script>
let daily = Math.floor(Date.now()/1000/60/60/24);document.write('<script src="https://play.pokemonshowdown.com/js/replay-embed.js?version'+daily+'"></'+'script>');
</script>
