<!DOCTYPE html>
<meta charset="utf-8" />
<!-- version 1 -->
<title>LC replay: Raiden Blackthorn vs. ThomasTheVolbeat</title>
<style>
html,body {font-family:Verdana, sans-serif;font-size:10pt;margin:0;padding:0;}body{padding:12px 0;} .battle-log {font-family:Verdana, sans-serif;font-size:10pt;} .battle-log-inline {border:1px solid #AAAAAA;background:#EEF2F5;color:black;max-width:640px;margin:0 auto 80px;padding-bottom:5px;} .battle-log .inner {padding:4px 8px 0px 8px;} .battle-log .inner-preempt {padding:0 8px 4px 8px;} .battle-log .inner-after {margin-top:0.5em;} .battle-log h2 {margin:0.5em -8px;padding:4px 8px;border:1px solid #AAAAAA;background:#E0E7EA;border-left:0;border-right:0;font-family:Verdana, sans-serif;font-size:13pt;} .battle-log .chat {vertical-align:middle;padding:3px 0 3px 0;font-size:8pt;} .battle-log .chat strong {color:#40576A;} .battle-log .chat em {padding:1px 4px 1px 3px;color:#000000;font-style:normal;} .chat.mine {background:rgba(0,0,0,0.05);margin-left:-8px;margin-right:-8px;padding-left:8px;padding-right:8px;} .spoiler {color:#BBBBBB;background:#BBBBBB;padding:0px 3px;} .spoiler:hover, .spoiler:active, .spoiler-shown {color:#000000;background:#E2E2E2;padding:0px 3px;} .spoiler a {color:#BBBBBB;} .spoiler:hover a, .spoiler:active a, .spoiler-shown a {color:#2288CC;} .chat code, .chat .spoiler:hover code, .chat .spoiler:active code, .chat .spoiler-shown code {border:1px solid #C0C0C0;background:#EEEEEE;color:black;padding:0 2px;} .chat .spoiler code {border:1px solid #CCCCCC;background:#CCCCCC;color:#CCCCCC;} .battle-log .rated {padding:3px 4px;} .battle-log .rated strong {color:white;background:#89A;padding:1px 4px;border-radius:4px;} .spacer {margin-top:0.5em;} .message-announce {background:#6688AA;color:white;padding:1px 4px 2px;} .message-announce a, .broadcast-green a, .broadcast-blue a, .broadcast-red a {color:#DDEEFF;} .broadcast-green {background-color:#559955;color:white;padding:2px 4px;} .broadcast-blue {background-color:#6688AA;color:white;padding:2px 4px;} .infobox {border:1px solid #6688AA;padding:2px 4px;} .infobox-limited {max-height:200px;overflow:auto;overflow-x:hidden;} .broadcast-red {background-color:#AA5544;color:white;padding:2px 4px;} .message-learn-canlearn {font-weight:bold;color:#228822;text-decoration:underline;} .message-learn-cannotlearn {font-weight:bold;color:#CC2222;text-decoration:underline;} .message-effect-weak {font-weight:bold;color:#CC2222;} .message-effect-resist {font-weight:bold;color:#6688AA;} .message-effect-immune {font-weight:bold;color:#666666;} .message-learn-list {margin-top:0;margin-bottom:0;} .message-throttle-notice, .message-error {color:#992222;} .message-overflow, .chat small.message-overflow {font-size:0pt;} .message-overflow::before {font-size:9pt;content:'...';} .subtle {color:#3A4A66;}
</style>
<div class="wrapper replay-wrapper" style="max-width:1180px;margin:0 auto">
<input type="hidden" name="replayid" value="lc-478535210" />
<div class="battle"></div><div class="battle-log"></div><div class="replay-controls"></div><div class="replay-controls-2"></div>
<h1 style="font-weight:normal;text-align:center"><strong>LC</strong><br /><a href="http://pokemonshowdown.com/users/raidenblackthorn" class="subtle" target="_blank">Raiden Blackthorn</a> vs. <a href="http://pokemonshowdown.com/users/thomasthevolbeat" class="subtle" target="_blank">ThomasTheVolbeat</a></h1>
<script type="text/plain" class="battle-log-data">|j|Raiden Blackthorn
|j|ThomasTheVolbeat
|player|p1|Raiden Blackthorn|293
|player|p2|ThomasTheVolbeat|278
|gametype|singles
|gen|6
|tier|LC
|rated
|seed|60489,45430,33727,8443
|clearpoke
|poke|p1|Espurr, L5, M, shiny|item
|poke|p1|Elekid, L5, M, shiny|item
|poke|p1|Porygon, L5, shiny|item
|poke|p1|Wailmer, L5, M, shiny|item
|poke|p1|Archen, L5, F, shiny|item
|poke|p1|Ponyta, L5, M, shiny|item
|poke|p2|Magby, L2, M|item
|poke|p2|Helioptile, L2, M|item
|poke|p2|Spheal, L2, M|item
|poke|p2|Eevee, L2, M|item
|poke|p2|Honedge, L3, M|item
|poke|p2|Sandshrew, L3, F|item
|rule|Sleep Clause Mod: Limit one foe put to sleep
|rule|Species Clause: Limit one of each Pokémon
|rule|OHKO Clause: OHKO moves are banned
|rule|Moody Clause: Moody is banned
|rule|Evasion Moves Clause: Evasion moves are banned
|rule|Endless Battle Clause: Forcing endless battles is banned
|rule|HP Percentage Mod: HP is shown in percentages
|teampreview
|choice|team 1, team 2, team 3, team 4, team 5, team 6|team 5, team 2, team 3, team 4, team 1, team 6
|
|start
|switch|p1a: Teddy|Espurr, L5, M, shiny|22\/22
|switch|p2a: Honedge|Honedge, L3, M|16\/16
|turn|1
|choice|move thunderbolt|move tackle
|
|move|p1a: Teddy|Thunderbolt|p2a: Honedge
|-damage|p2a: Honedge|0 fnt
|-damage|p1a: Teddy|20\/22|[from] item: Life Orb
|faint|p2a: Honedge
|
|j|umbreontk
|choice||switch 6
|
|switch|p2a: Sandshrew|Sandshrew, L3, F|16\/16
|turn|2
|choice|move energyball|move sandattack
|
|move|p1a: Teddy|Energy Ball|p2a: Sandshrew
|-supereffective|p2a: Sandshrew
|-damage|p2a: Sandshrew|0 fnt
|-damage|p1a: Teddy|18\/22|[from] item: Life Orb
|faint|p2a: Sandshrew
|
|choice||switch 2
|
|switch|p2a: Helioptile|Helioptile, L2, M|14\/14
|turn|3
|choice|move energyball|move pound
|
|move|p1a: Teddy|Energy Ball|p2a: Helioptile
|-damage|p2a: Helioptile|0 fnt
|-damage|p1a: Teddy|16\/22|[from] item: Life Orb
|faint|p2a: Helioptile
|
|choice||switch 5
|
|switch|p2a: Magby|Magby, L2, M|14\/14
|turn|4
|choice|move thunderbolt|move smog
|
|move|p1a: Teddy|Thunderbolt|p2a: Magby
|-damage|p2a: Magby|0 fnt
|-damage|p1a: Teddy|14\/22|[from] item: Life Orb
|faint|p2a: Magby
|
|choice||switch 4
|
|switch|p2a: Eevee|Eevee, L2, M|14\/14
|turn|5
|choice|move thunderbolt|move tackle
|
|move|p1a: Teddy|Thunderbolt|p2a: Eevee
|-crit|p2a: Eevee
|-damage|p2a: Eevee|0 fnt
|-damage|p1a: Teddy|12\/22|[from] item: Life Orb
|faint|p2a: Eevee
|
|choice||switch 3
|
|switch|p2a: Spheal|Spheal, L2, M|16\/16
|turn|6
|choice|move thunderbolt|move powdersnow
|
|move|p1a: Teddy|Thunderbolt|p2a: Spheal
|-supereffective|p2a: Spheal
|-damage|p2a: Spheal|0 fnt
|-damage|p1a: Teddy|10\/22|[from] item: Life Orb
|faint|p2a: Spheal
|
|win|Raiden Blackthorn
|player|p1
|player|p2
|l|ThomasTheVolbeat
|c|★Raiden Blackthorn|gg</script>
</div>
<div class="battle-log battle-log-inline"><div class="inner"><div class="battle-options"></div><div class="inner"><div class="chat"><small>Raiden Blackthorn joined.</small></div><div class="chat"><small>ThomasTheVolbeat joined.</small></div><div class=""><small>Format:</small> <br><strong>LC</strong></div><div class="rated"><strong>Rated battle</strong></div><div class=""><small><em>Sleep Clause Mod:</em> Limit one foe put to sleep</small></div><div class=""><small><em>Species Clause:</em> Limit one of each Pokémon</small></div><div class=""><small><em>OHKO Clause:</em> OHKO moves are banned</small></div><div class=""><small><em>Moody Clause:</em> Moody is banned</small></div><div class=""><small><em>Evasion Moves Clause:</em> Evasion moves are banned</small></div><div class=""><small><em>Endless Battle Clause:</em> Forcing endless battles is banned</small></div><div class=""><small><em>HP Percentage Mod:</em> HP is shown in percentages</small></div><div class="chat battle-history"><strong>Raiden Blackthorn's team:</strong> <em style="color:#445566;display:block;">Espurr / Elekid / Porygon / Wailmer / Archen / Ponyta</em></div><div class="chat battle-history"><strong>ThomasTheVolbeat's team:</strong> <em style="color:#445566;display:block;">Magby / Helioptile / Spheal / Eevee / Honedge / Sandshrew</em></div><div class="spacer battle-history"><br></div><div class="battle-history">Battle started between Raiden Blackthorn and ThomasTheVolbeat!<br></div><div class="spacer battle-history"><br></div><div class="battle-history">Go! Teddy (<strong>Espurr</strong>)!<br></div><div class="spacer battle-history"><br></div><div class="battle-history">ThomasTheVolbeat sent out <strong>Honedge</strong>!<br></div><div class="spacer battle-history"><br></div><h2 class="battle-history">Turn 1</h2><div class="spacer battle-history"><br></div><div class="battle-history">Teddy used <strong>Thunderbolt</strong>!<br></div><div class="battle-history"><small>(The opposing Honedge lost <abbr title="−16/16">100%</abbr> of its health!)</small><br></div><div class="battle-history"><small>Teddy lost some of its HP!</small><br></div><div class="spacer battle-history"><br></div><div class="battle-history">The opposing Honedge fainted!<br></div><div class="chat"><small>umbreontk joined.</small></div><div class="spacer battle-history"><br></div><div class="battle-history">ThomasTheVolbeat sent out <strong>Sandshrew</strong>!<br></div><div class="spacer battle-history"><br></div><h2 class="battle-history">Turn 2</h2><div class="spacer battle-history"><br></div><div class="battle-history">Teddy used <strong>Energy Ball</strong>!<br></div><div class="battle-history"><small>It's super effective!</small><br></div><div class="battle-history"><small>(The opposing Sandshrew lost <abbr title="−16/16">100%</abbr> of its health!)</small><br></div><div class="battle-history"><small>Teddy lost some of its HP!</small><br></div><div class="spacer battle-history"><br></div><div class="battle-history">The opposing Sandshrew fainted!<br></div><div class="spacer battle-history"><br></div><div class="battle-history">ThomasTheVolbeat sent out <strong>Helioptile</strong>!<br></div><div class="spacer battle-history"><br></div><h2 class="battle-history">Turn 3</h2><div class="spacer battle-history"><br></div><div class="battle-history">Teddy used <strong>Energy Ball</strong>!<br></div><div class="battle-history"><small>(The opposing Helioptile lost <abbr title="−14/14">100%</abbr> of its health!)</small><br></div><div class="battle-history"><small>Teddy lost some of its HP!</small><br></div><div class="spacer battle-history"><br></div><div class="battle-history">The opposing Helioptile fainted!<br></div><div class="spacer battle-history"><br></div><div class="battle-history">ThomasTheVolbeat sent out <strong>Magby</strong>!<br></div><div class="spacer battle-history"><br></div><h2 class="battle-history">Turn 4</h2><div class="spacer battle-history"><br></div><div class="battle-history">Teddy used <strong>Thunderbolt</strong>!<br></div><div class="battle-history"><small>(The opposing Magby lost <abbr title="−14/14">100%</abbr> of its health!)</small><br></div><div class="battle-history"><small>Teddy lost some of its HP!</small><br></div><div class="spacer battle-history"><br></div><div class="battle-history">The opposing Magby fainted!<br></div><div class="spacer battle-history"><br></div><div class="battle-history">ThomasTheVolbeat sent out <strong>Eevee</strong>!<br></div><div class="spacer battle-history"><br></div><h2 class="battle-history">Turn 5</h2><div class="spacer battle-history"><br></div><div class="battle-history">Teddy used <strong>Thunderbolt</strong>!<br></div><div class="battle-history"><small>A critical hit!</small><br></div><div class="battle-history"><small>(The opposing Eevee lost <abbr title="−14/14">100%</abbr> of its health!)</small><br></div><div class="battle-history"><small>Teddy lost some of its HP!</small><br></div><div class="spacer battle-history"><br></div><div class="battle-history">The opposing Eevee fainted!<br></div><div class="spacer battle-history"><br></div><div class="battle-history">ThomasTheVolbeat sent out <strong>Spheal</strong>!<br></div><div class="spacer battle-history"><br></div><h2 class="battle-history">Turn 6</h2><div class="spacer battle-history"><br></div><div class="battle-history">Teddy used <strong>Thunderbolt</strong>!<br></div><div class="battle-history"><small>It's super effective!</small><br></div><div class="battle-history"><small>(The opposing Spheal lost <abbr title="−16/16">100%</abbr> of its health!)</small><br></div><div class="battle-history"><small>Teddy lost some of its HP!</small><br></div><div class="spacer battle-history"><br></div><div class="battle-history">The opposing Spheal fainted!<br></div><div class="spacer battle-history"><br></div><div class="battle-history"><strong>Raiden Blackthorn</strong> won the battle!<br></div><div class="chat"><small>ThomasTheVolbeat left.</small></div><div class="chat chatmessage-raidenblackthorn"><strong style="color:hsl(329,53%,46%)"><small>★</small><span class="username" data-name="Raiden Blackthorn">Raiden Blackthorn</span>:</strong> <em>gg</em></div></div><div class="inner-preempt"></div></div></div>
</div>
<script>
let daily = Math.floor(Date.now()/1000/60/60/24);document.write('<script src="https://play.pokemonshowdown.com/js/replay-embed.js?version'+daily+'"></'+'script>');
</script>
