<!DOCTYPE html>
<meta charset="utf-8" />
<!-- version 1 -->
<title>LC replay: Mortagon vs. dialzza</title>
<style>
html,body {font-family:Verdana, sans-serif;font-size:10pt;margin:0;padding:0;}body{padding:12px 0;} .battle-log {font-family:Verdana, sans-serif;font-size:10pt;} .battle-log-inline {border:1px solid #AAAAAA;background:#EEF2F5;color:black;max-width:640px;margin:0 auto 80px;padding-bottom:5px;} .battle-log .inner {padding:4px 8px 0px 8px;} .battle-log .inner-preempt {padding:0 8px 4px 8px;} .battle-log .inner-after {margin-top:0.5em;} .battle-log h2 {margin:0.5em -8px;padding:4px 8px;border:1px solid #AAAAAA;background:#E0E7EA;border-left:0;border-right:0;font-family:Verdana, sans-serif;font-size:13pt;} .battle-log .chat {vertical-align:middle;padding:3px 0 3px 0;font-size:8pt;} .battle-log .chat strong {color:#40576A;} .battle-log .chat em {padding:1px 4px 1px 3px;color:#000000;font-style:normal;} .chat.mine {background:rgba(0,0,0,0.05);margin-left:-8px;margin-right:-8px;padding-left:8px;padding-right:8px;} .spoiler {color:#BBBBBB;background:#BBBBBB;padding:0px 3px;} .spoiler:hover, .spoiler:active, .spoiler-shown {color:#000000;background:#E2E2E2;padding:0px 3px;} .spoiler a {color:#BBBBBB;} .spoiler:hover a, .spoiler:active a, .spoiler-shown a {color:#2288CC;} .chat code, .chat .spoiler:hover code, .chat .spoiler:active code, .chat .spoiler-shown code {border:1px solid #C0C0C0;background:#EEEEEE;color:black;padding:0 2px;} .chat .spoiler code {border:1px solid #CCCCCC;background:#CCCCCC;color:#CCCCCC;} .battle-log .rated {padding:3px 4px;} .battle-log .rated strong {color:white;background:#89A;padding:1px 4px;border-radius:4px;} .spacer {margin-top:0.5em;} .message-announce {background:#6688AA;color:white;padding:1px 4px 2px;} .message-announce a, .broadcast-green a, .broadcast-blue a, .broadcast-red a {color:#DDEEFF;} .broadcast-green {background-color:#559955;color:white;padding:2px 4px;} .broadcast-blue {background-color:#6688AA;color:white;padding:2px 4px;} .infobox {border:1px solid #6688AA;padding:2px 4px;} .infobox-limited {max-height:200px;overflow:auto;overflow-x:hidden;} .broadcast-red {background-color:#AA5544;color:white;padding:2px 4px;} .message-learn-canlearn {font-weight:bold;color:#228822;text-decoration:underline;} .message-learn-cannotlearn {font-weight:bold;color:#CC2222;text-decoration:underline;} .message-effect-weak {font-weight:bold;color:#CC2222;} .message-effect-resist {font-weight:bold;color:#6688AA;} .message-effect-immune {font-weight:bold;color:#666666;} .message-learn-list {margin-top:0;margin-bottom:0;} .message-throttle-notice, .message-error {color:#992222;} .message-overflow, .chat small.message-overflow {font-size:0pt;} .message-overflow::before {font-size:9pt;content:'...';} .subtle {color:#3A4A66;}
</style>
<div class="wrapper replay-wrapper" style="max-width:1180px;margin:0 auto">
<input type="hidden" name="replayid" value="lc-495075379" />
<div class="battle"></div><div class="battle-log"></div><div class="replay-controls"></div><div class="replay-controls-2"></div>
<h1 style="font-weight:normal;text-align:center"><strong>LC</strong><br /><a href="http://pokemonshowdown.com/users/mortagon" class="subtle" target="_blank">Mortagon</a> vs. <a href="http://pokemonshowdown.com/users/dialzza" class="subtle" target="_blank">dialzza</a></h1>
<script type="text/plain" class="battle-log-data">|j|Mortagon
|j|dialzza
|player|p1|Mortagon|184
|player|p2|dialzza|269
|gametype|singles
|gen|6
|tier|LC
|seed|44479,758,7683,46433
|clearpoke
|poke|p1|Houndour, L5, M|item
|poke|p1|Ponyta, L5, F, shiny|item
|poke|p1|Dratini, L5, F, shiny|item
|poke|p1|Pawniard, L5, M, shiny|item
|poke|p1|Larvitar, L5, M|item
|poke|p1|Eevee, L5, F|item
|poke|p2|Vulpix, L5, F|item
|poke|p2|Bellsprout, L5, F|item
|poke|p2|Gastly, L5, F|item
|poke|p2|Machop, L5, M|item
|poke|p2|Hoppip, L5, M|item
|poke|p2|Tentacool, L5, F|item
|rule|Sleep Clause Mod: Limit one foe put to sleep
|rule|Species Clause: Limit one of each Pokémon
|rule|OHKO Clause: OHKO moves are banned
|rule|Moody Clause: Moody is banned
|rule|Evasion Moves Clause: Evasion moves are banned
|rule|Endless Battle Clause: Forcing endless battles is banned
|rule|HP Percentage Mod: HP is shown in percentages
|teampreview
|c|★Mortagon|hi
|j|EmblemCasual
|c|★dialzza|yo
|j|CLG Blacklight
|j|Haunt
|c|★Mortagon|ready?
|c|★Mortagon|or should we wait
|c|★dialzza|im deciding who to start wit
|j|skurleton
|choice|team 5, team 2, team 3, team 4, team 1, team 6|team 4, team 2, team 3, team 1, team 5, team 6
|
|start
|switch|p1a: Babytar|Larvitar, L5, M|21\/21
|switch|p2a: Choppa|Machop, L5, M|23\/23
|turn|1
|choice|move stealthrock|move dynamicpunch
|
|move|p1a: Babytar|Stealth Rock|p2a: Choppa
|-sidestart|p2: dialzza|move: Stealth Rock
|move|p2a: Choppa|Dynamic Punch|p1a: Babytar
|-supereffective|p1a: Babytar
|-enditem|p1a: Babytar|Focus Sash
|-damage|p1a: Babytar|1\/21
|-start|p1a: Babytar|confusion
|
|upkeep
|turn|2
|c| skurleton|BAB LIVS
|choice|move earthquake|move knockoff
|
|-activate|p1a: Babytar|confusion
|move|p1a: Babytar|Earthquake|p2a: Choppa
|-damage|p2a: Choppa|11\/23
|move|p2a: Choppa|Knock Off|p1a: Babytar
|-damage|p1a: Babytar|0 fnt
|faint|p1a: Babytar
|
|upkeep
|c| Haunt|all according to keikaku
|j|Skyman
|c| Skyman|I made it
|choice|switch 3|
|
|switch|p1a: Gay Worm|Dratini, L5, F, shiny|20\/20
|turn|3
|choice|move extremespeed|move icepunch
|
|move|p1a: Gay Worm|Extreme Speed|p2a: Choppa
|-damage|p2a: Choppa|2\/23
|-damage|p1a: Gay Worm|18\/20|[from] item: Life Orb
|move|p2a: Choppa|Ice Punch|p1a: Gay Worm
|-supereffective|p1a: Gay Worm
|-damage|p1a: Gay Worm|0 fnt
|faint|p1a: Gay Worm
|
|upkeep
|choice|switch 6|
|
|switch|p1a: Lol Z-Moves|Eevee, L5, F|22\/22
|turn|4
|c| Haunt|not according to keikau
|choice|move retaliate|move dynamicpunch
|
|move|p1a: Lol Z-Moves|Retaliate|p2a: Choppa
|-damage|p2a: Choppa|0 fnt
|faint|p2a: Choppa
|
|upkeep
|c| Skyman|I can't tell if I am hella lagging
|c|★Mortagon|lol
|c| CLG Blacklight|you're not
|choice||switch 6
|
|switch|p2a: Cool it|Tentacool, L5, F|20\/20
|-damage|p2a: Cool it|18\/20|[from] Stealth Rock
|turn|5
|c| CLG Blacklight|they take their time
|c| skurleton|o
|choice|switch 4|move rapidspin
|
|switch|p1a: Blue Ranger|Pawniard, L5, M, shiny|21\/21
|move|p2a: Cool it|Rapid Spin|p1a: Blue Ranger
|-resisted|p1a: Blue Ranger
|-damage|p1a: Blue Ranger|20\/21
|-sideend|p2: dialzza|Stealth Rock|[from] move: Rapid Spin|[of] p2a: Cool it
|
|upkeep
|turn|6
|choice|move knockoff|move scald
|
|move|p1a: Blue Ranger|Knock Off|p2a: Cool it
|-damage|p2a: Cool it|3\/20
|-enditem|p2a: Cool it|Eviolite|[from] move: Knock Off|[of] p1a: Blue Ranger
|move|p2a: Cool it|Scald|p1a: Blue Ranger
|-damage|p1a: Blue Ranger|11\/21
|
|upkeep
|turn|7
|c| Skyman|Named cool it
|c| Skyman|Uses scald
|c| Skyman|Smh
|choice|move stealthrock|move scald
|
|move|p1a: Blue Ranger|Stealth Rock|p2a: Cool it
|-sidestart|p2: dialzza|move: Stealth Rock
|move|p2a: Cool it|Scald|p1a: Blue Ranger
|-damage|p1a: Blue Ranger|2\/21
|
|upkeep
|turn|8
|choice|move knockoff|move rapidspin
|
|move|p1a: Blue Ranger|Knock Off|p2a: Cool it
|-damage|p2a: Cool it|0 fnt
|faint|p2a: Cool it
|
|upkeep
|c| Haunt|deserved to get burned there tbh
|choice||switch 4
|
|switch|p2a: Here comes the sun|Vulpix, L5, F|21\/21
|-damage|p2a: Here comes the sun|16\/21|[from] Stealth Rock
|-weather|SunnyDay|[from] ability: Drought|[of] p2a: Here comes the sun
|turn|9
|choice|move suckerpunch|move willowisp
|
|move|p1a: Blue Ranger|Sucker Punch|p2a: Here comes the sun|[still]
|-fail|p1a: Blue Ranger
|move|p2a: Here comes the sun|Will-O-Wisp|p1a: Blue Ranger
|-status|p1a: Blue Ranger|brn
|
|-weather|SunnyDay|[upkeep]
|-damage|p1a: Blue Ranger|0 fnt|[from] brn
|upkeep
|faint|p1a: Blue Ranger
|choice|switch 4|
|
|switch|p1a: Lol Z-Moves|Eevee, L5, F|22\/22
|turn|10
|choice|move bite|switch 3
|
|switch|p2a: spoopy|Gastly, L5, F|19\/19
|-damage|p2a: spoopy|17\/19|[from] Stealth Rock
|move|p1a: Lol Z-Moves|Bite|p2a: spoopy
|-supereffective|p2a: spoopy
|-damage|p2a: spoopy|0 fnt
|faint|p2a: spoopy
|
|-weather|SunnyDay|[upkeep]
|upkeep
|c| Haunt|pre_dicted
|c| Skyman|Da bait
|choice||switch 2
|
|switch|p2a: The Bell Tolls|Bellsprout, L5, F|21\/21
|-damage|p2a: The Bell Tolls|19\/21|[from] Stealth Rock
|turn|11
|l|Haunt
|choice|switch 5|move growth
|
|switch|p1a: Helldoge|Houndour, L5, M|21\/21
|move|p2a: The Bell Tolls|Growth|p2a: The Bell Tolls
|-boost|p2a: The Bell Tolls|atk|2
|-boost|p2a: The Bell Tolls|spa|2
|
|-weather|SunnyDay|[upkeep]
|upkeep
|turn|12
|j|Haunt
|choice|move destinybond|move sludgebomb
|
|move|p2a: The Bell Tolls|Sludge Bomb|p1a: Helldoge
|-damage|p1a: Helldoge|0 fnt
|faint|p1a: Helldoge
|
|-weather|SunnyDay|[upkeep]
|upkeep
|choice|switch 2|
|
|switch|p1a: My little Poni|Ponyta, L5, F, shiny|21\/21
|turn|13
|c| Skyman|F
|choice|move flareblitz|move sludgebomb
|
|move|p1a: My little Poni|Flare Blitz|p2a: The Bell Tolls
|-supereffective|p2a: The Bell Tolls
|-damage|p2a: The Bell Tolls|0 fnt
|-damage|p1a: My little Poni|15\/21|[from] recoil|[of] p2a: The Bell Tolls
|faint|p2a: The Bell Tolls
|
|-weather|SunnyDay|[upkeep]
|upkeep
|choice||switch 3
|
|switch|p2a: Here comes the sun|Vulpix, L5, F|16\/21
|-damage|p2a: Here comes the sun|11\/21|[from] Stealth Rock
|turn|14
|c|★dialzza|fuck scarf
|c|★dialzza|are you shitting me
|c| Haunt|speed tie too
|choice|move flareblitz|move foulplay
|
|move|p1a: My little Poni|Flare Blitz|p2a: Here comes the sun
|-resisted|p2a: Here comes the sun
|-damage|p2a: Here comes the sun|0 fnt
|-damage|p1a: My little Poni|11\/21|[from] recoil|[of] p2a: Here comes the sun
|faint|p2a: Here comes the sun
|
|-weather|SunnyDay|[upkeep]
|upkeep
|choice||switch 5
|
|switch|p2a: pepper|Hoppip, L5, M|23\/23
|-damage|p2a: pepper|18\/23|[from] Stealth Rock
|turn|15
|choice|move flareblitz|move sleeppowder
|
|move|p1a: My little Poni|Flare Blitz|p2a: pepper
|-supereffective|p2a: pepper
|-damage|p2a: pepper|0 fnt
|-damage|p1a: My little Poni|5\/21|[from] recoil|[of] p2a: pepper
|faint|p2a: pepper
|
|win|Mortagon
|player|p1
|player|p2
|c|★Mortagon|gg
|l|Haunt
|c|★dialzza|i really didn't expect scarf
|c|★dialzza|jeez
|l|Skyman
|l|Mortagon</script>
</div>
<div class="battle-log battle-log-inline"><div class="inner"><div class="battle-options"></div><div class="inner"><div class="chat"><small>Mortagon joined.</small></div><div class="chat"><small>dialzza joined.</small></div><div class=""><small>Format:</small> <br><strong>LC</strong></div><div class=""><small><em>Sleep Clause Mod:</em> Limit one foe put to sleep</small></div><div class=""><small><em>Species Clause:</em> Limit one of each Pokémon</small></div><div class=""><small><em>OHKO Clause:</em> OHKO moves are banned</small></div><div class=""><small><em>Moody Clause:</em> Moody is banned</small></div><div class=""><small><em>Evasion Moves Clause:</em> Evasion moves are banned</small></div><div class=""><small><em>Endless Battle Clause:</em> Forcing endless battles is banned</small></div><div class=""><small><em>HP Percentage Mod:</em> HP is shown in percentages</small></div><div class="chat battle-history"><strong>Mortagon's team:</strong> <em style="color:#445566;display:block;">Houndour / Ponyta / Dratini / Pawniard / Larvitar / Eevee</em></div><div class="chat battle-history"><strong>dialzza's team:</strong> <em style="color:#445566;display:block;">Vulpix / Bellsprout / Gastly / Machop / Hoppip / Tentacool</em></div><div class="chat chatmessage-mortagon"><strong style="color:hsl(82,47%,41%)"><small>★</small><span class="username" data-name="Mortagon">Mortagon</span>:</strong> <em>hi</em></div><div class="chat"><small>EmblemCasual joined.</small></div><div class="chat chatmessage-dialzza"><strong style="color:hsl(85,79%,31%)"><small>★</small><span class="username" data-name="dialzza">dialzza</span>:</strong> <em>yo</em></div><div class="chat"><small>CLG Blacklight joined.</small></div><div class="chat"><small>Haunt joined.</small></div><div class="chat chatmessage-mortagon"><strong style="color:hsl(82,47%,41%)"><small>★</small><span class="username" data-name="Mortagon">Mortagon</span>:</strong> <em>ready?</em></div><div class="chat chatmessage-mortagon"><strong style="color:hsl(82,47%,41%)"><small>★</small><span class="username" data-name="Mortagon">Mortagon</span>:</strong> <em>or should we wait</em></div><div class="chat chatmessage-dialzza"><strong style="color:hsl(85,79%,31%)"><small>★</small><span class="username" data-name="dialzza">dialzza</span>:</strong> <em>im deciding who to start wit</em></div><div class="chat"><small>skurleton joined.</small></div><div class="spacer battle-history"><br></div><div class="battle-history">Battle started between Mortagon and dialzza!<br></div><div class="spacer battle-history"><br></div><div class="battle-history">Go! Babytar (<strong>Larvitar</strong>)!<br></div><div class="spacer battle-history"><br></div><div class="battle-history">dialzza sent out Choppa (<strong>Machop</strong>)!<br></div><div class="spacer battle-history"><br></div><h2 class="battle-history">Turn 1</h2><div class="spacer battle-history"><br></div><div class="battle-history">Babytar used <strong>Stealth Rock</strong>!<br></div><div class="battle-history"><small>Pointed stones float in the air around the opposing team!</small><br></div><div class="spacer battle-history"><br></div><div class="battle-history">The opposing Choppa used <strong>Dynamic Punch</strong>!<br></div><div class="battle-history"><small>It's super effective!</small><br></div><div class="battle-history"><small>Babytar hung on using its Focus Sash!</small><br></div><div class="battle-history"><small>(Babytar lost <abbr title="−20/21">95.2%</abbr> of its health!)</small><br></div><div class="battle-history"><small>Babytar became confused!</small><br></div><div class="spacer battle-history"><br></div><h2 class="battle-history">Turn 2</h2><div class="chat chatmessage-skurleton"><strong style="color:hsl(210,89%,47.218462608588794%)"><small> </small><span class="username" data-name="skurleton">skurleton</span>:</strong> <em>BAB LIVS</em></div><div class="spacer battle-history"><br></div><div class="battle-history"><small>Babytar is confused!</small><br></div><div class="battle-history">Babytar used <strong>Earthquake</strong>!<br></div><div class="battle-history"><small>(The opposing Choppa lost <abbr title="−12/23">52.2%</abbr> of its health!)</small><br></div><div class="spacer battle-history"><br></div><div class="battle-history">The opposing Choppa used <strong>Knock Off</strong>!<br></div><div class="battle-history"><small>(Babytar lost <abbr title="−1/21">4.8%</abbr> of its health!)</small><br></div><div class="spacer battle-history"><br></div><div class="battle-history">Babytar fainted!<br></div><div class="chat chatmessage-haunt"><strong style="color:hsl(322,72%,43.8302968676323%)"><small> </small><span class="username" data-name="Haunt">Haunt</span>:</strong> <em>all according to keikaku</em></div><div class="chat"><small>Skyman joined.</small></div><div class="chat chatmessage-skyman"><strong style="color:hsl(326,66%,46%)"><small> </small><span class="username" data-name="Skyman">Skyman</span>:</strong> <em>I made it</em></div><div class="spacer battle-history"><br></div><div class="battle-history">Go! Gay Worm (<strong>Dratini</strong>)!<br></div><div class="spacer battle-history"><br></div><h2 class="battle-history">Turn 3</h2><div class="spacer battle-history"><br></div><div class="battle-history">Gay Worm used <strong>Extreme Speed</strong>!<br></div><div class="battle-history"><small>(The opposing Choppa lost <abbr title="−9/23">39.1%</abbr> of its health!)</small><br></div><div class="battle-history"><small>Gay Worm lost some of its HP!</small><br></div><div class="spacer battle-history"><br></div><div class="battle-history">The opposing Choppa used <strong>Ice Punch</strong>!<br></div><div class="battle-history"><small>It's super effective!</small><br></div><div class="battle-history"><small>(Gay Worm lost <abbr title="−18/20">90%</abbr> of its health!)</small><br></div><div class="spacer battle-history"><br></div><div class="battle-history">Gay Worm fainted!<br></div><div class="spacer battle-history"><br></div><div class="battle-history">Go! Lol Z-Moves (<strong>Eevee</strong>)!<br></div><div class="spacer battle-history"><br></div><h2 class="battle-history">Turn 4</h2><div class="chat chatmessage-haunt"><strong style="color:hsl(322,72%,43.8302968676323%)"><small> </small><span class="username" data-name="Haunt">Haunt</span>:</strong> <em>not according to keikau</em></div><div class="spacer battle-history"><br></div><div class="battle-history">Lol Z-Moves used <strong>Retaliate</strong>!<br></div><div class="battle-history"><small>(The opposing Choppa lost <abbr title="−2/23">8.7%</abbr> of its health!)</small><br></div><div class="spacer battle-history"><br></div><div class="battle-history">The opposing Choppa fainted!<br></div><div class="chat chatmessage-skyman"><strong style="color:hsl(326,66%,46%)"><small> </small><span class="username" data-name="Skyman">Skyman</span>:</strong> <em>I can't tell if I am hella lagging</em></div><div class="chat chatmessage-mortagon"><strong style="color:hsl(82,47%,41%)"><small>★</small><span class="username" data-name="Mortagon">Mortagon</span>:</strong> <em>lol</em></div><div class="chat chatmessage-clgblacklight"><strong style="color:hsl(243,65%,62.01116908808691%)"><small> </small><span class="username" data-name="CLG Blacklight">CLG Blacklight</span>:</strong> <em>you're not</em></div><div class="spacer battle-history"><br></div><div class="battle-history">dialzza sent out Cool it (<strong>Tentacool</strong>)!<br></div><div class="battle-history"><small>Pointed stones dug into the opposing Cool it!</small><br></div><div class="spacer battle-history"><br></div><h2 class="battle-history">Turn 5</h2><div class="chat chatmessage-clgblacklight"><strong style="color:hsl(243,65%,62.01116908808691%)"><small> </small><span class="username" data-name="CLG Blacklight">CLG Blacklight</span>:</strong> <em>they take their time</em></div><div class="chat chatmessage-skurleton"><strong style="color:hsl(210,89%,47.218462608588794%)"><small> </small><span class="username" data-name="skurleton">skurleton</span>:</strong> <em>o</em></div><div class="spacer battle-history"><br></div><div class="battle-history">Lol Z-Moves, come back!<br></div><div class="battle-history">Go! Blue Ranger (<strong>Pawniard</strong>)!<br></div><div class="spacer battle-history"><br></div><div class="battle-history">The opposing Cool it used <strong>Rapid Spin</strong>!<br></div><div class="battle-history"><small>It's not very effective...</small><br></div><div class="battle-history"><small>(Blue Ranger lost <abbr title="−1/21">4.8%</abbr> of its health!)</small><br></div><div class="battle-history"><small>The pointed stones disappeared from around the opposing team!</small><br></div><div class="spacer battle-history"><br></div><h2 class="battle-history">Turn 6</h2><div class="spacer battle-history"><br></div><div class="battle-history">Blue Ranger used <strong>Knock Off</strong>!<br></div><div class="battle-history"><small>(The opposing Cool it lost <abbr title="−15/20">75%</abbr> of its health!)</small><br></div><div class="battle-history"><small>Blue Ranger knocked off the opposing Cool it's Eviolite!</small><br></div><div class="spacer battle-history"><br></div><div class="battle-history">The opposing Cool it used <strong>Scald</strong>!<br></div><div class="battle-history"><small>(Blue Ranger lost <abbr title="−9/21">42.9%</abbr> of its health!)</small><br></div><div class="spacer battle-history"><br></div><h2 class="battle-history">Turn 7</h2><div class="chat chatmessage-skyman"><strong style="color:hsl(326,66%,46%)"><small> </small><span class="username" data-name="Skyman">Skyman</span>:</strong> <em>Named cool it</em></div><div class="chat chatmessage-skyman"><strong style="color:hsl(326,66%,46%)"><small> </small><span class="username" data-name="Skyman">Skyman</span>:</strong> <em>Uses scald</em></div><div class="chat chatmessage-skyman"><strong style="color:hsl(326,66%,46%)"><small> </small><span class="username" data-name="Skyman">Skyman</span>:</strong> <em>Smh</em></div><div class="spacer battle-history"><br></div><div class="battle-history">Blue Ranger used <strong>Stealth Rock</strong>!<br></div><div class="battle-history"><small>Pointed stones float in the air around the opposing team!</small><br></div><div class="spacer battle-history"><br></div><div class="battle-history">The opposing Cool it used <strong>Scald</strong>!<br></div><div class="battle-history"><small>(Blue Ranger lost <abbr title="−9/21">42.9%</abbr> of its health!)</small><br></div><div class="spacer battle-history"><br></div><h2 class="battle-history">Turn 8</h2><div class="spacer battle-history"><br></div><div class="battle-history">Blue Ranger used <strong>Knock Off</strong>!<br></div><div class="battle-history"><small>(The opposing Cool it lost <abbr title="−3/20">15%</abbr> of its health!)</small><br></div><div class="spacer battle-history"><br></div><div class="battle-history">The opposing Cool it fainted!<br></div><div class="chat chatmessage-haunt"><strong style="color:hsl(322,72%,43.8302968676323%)"><small> </small><span class="username" data-name="Haunt">Haunt</span>:</strong> <em>deserved to get burned there tbh</em></div><div class="spacer battle-history"><br></div><div class="battle-history">dialzza sent out Here comes the sun (<strong>Vulpix</strong>)!<br></div><div class="battle-history"><small>Pointed stones dug into the opposing Here comes the sun!</small><br></div><div class="battle-history"><small>[The opposing Here comes the sun's Drought]</small><br><small>The sunlight turned harsh!</small><br></div><div class="spacer battle-history"><br></div><h2 class="battle-history">Turn 9</h2><div class="spacer battle-history"><br></div><div class="battle-history">Blue Ranger used <strong>Sucker Punch</strong>!<br></div><div class="battle-history"><small>But it failed!</small><br></div><div class="spacer battle-history"><br></div><div class="battle-history">The opposing Here comes the sun used <strong>Will-O-Wisp</strong>!<br></div><div class="battle-history"><small>Blue Ranger was burned!</small><br></div><div class="spacer battle-history"><br></div><div class="battle-history"><small>(The sunlight is strong!)</small><br></div><div class="battle-history"><small>Blue Ranger was hurt by its burn!</small><br></div><div class="spacer battle-history"><br></div><div class="battle-history">Blue Ranger fainted!<br></div><div class="spacer battle-history"><br></div><div class="battle-history">Go! Lol Z-Moves (<strong>Eevee</strong>)!<br></div><div class="spacer battle-history"><br></div><h2 class="battle-history">Turn 10</h2><div class="spacer battle-history"><br></div><div class="battle-history">dialzza withdrew Here comes the sun!<br></div><div class="battle-history">dialzza sent out spoopy (<strong>Gastly</strong>)!<br></div><div class="battle-history"><small>Pointed stones dug into the opposing spoopy!</small><br></div><div class="spacer battle-history"><br></div><div class="battle-history">Lol Z-Moves used <strong>Bite</strong>!<br></div><div class="battle-history"><small>It's super effective!</small><br></div><div class="battle-history"><small>(The opposing spoopy lost <abbr title="−17/19">89.5%</abbr> of its health!)</small><br></div><div class="spacer battle-history"><br></div><div class="battle-history">The opposing spoopy fainted!<br></div><div class="spacer battle-history"><br></div><div class="battle-history"><small>(The sunlight is strong!)</small><br></div><div class="chat chatmessage-haunt"><strong style="color:hsl(322,72%,43.8302968676323%)"><small> </small><span class="username" data-name="Haunt">Haunt</span>:</strong> <em>pre_dicted</em></div><div class="chat chatmessage-skyman"><strong style="color:hsl(326,66%,46%)"><small> </small><span class="username" data-name="Skyman">Skyman</span>:</strong> <em>Da bait</em></div><div class="spacer battle-history"><br></div><div class="battle-history">dialzza sent out The Bell Tolls (<strong>Bellsprout</strong>)!<br></div><div class="battle-history"><small>Pointed stones dug into the opposing The Bell Tolls!</small><br></div><div class="spacer battle-history"><br></div><h2 class="battle-history">Turn 11</h2><div class="chat"><small>Haunt left.</small></div><div class="spacer battle-history"><br></div><div class="battle-history">Lol Z-Moves, come back!<br></div><div class="battle-history">Go! Helldoge (<strong>Houndour</strong>)!<br></div><div class="spacer battle-history"><br></div><div class="battle-history">The opposing The Bell Tolls used <strong>Growth</strong>!<br></div><div class="battle-history"><small>The opposing The Bell Tolls's Attack rose sharply!</small><br></div><div class="battle-history"><small>The opposing The Bell Tolls's Special Attack rose sharply!</small><br></div><div class="spacer battle-history"><br></div><div class="battle-history"><small>(The sunlight is strong!)</small><br></div><div class="spacer battle-history"><br></div><h2 class="battle-history">Turn 12</h2><div class="chat"><small>Haunt joined.</small></div><div class="spacer battle-history"><br></div><div class="battle-history">The opposing The Bell Tolls used <strong>Sludge Bomb</strong>!<br></div><div class="battle-history"><small>(Helldoge lost <abbr title="−21/21">100%</abbr> of its health!)</small><br></div><div class="spacer battle-history"><br></div><div class="battle-history">Helldoge fainted!<br></div><div class="spacer battle-history"><br></div><div class="battle-history"><small>(The sunlight is strong!)</small><br></div><div class="spacer battle-history"><br></div><div class="battle-history">Go! My little Poni (<strong>Ponyta</strong>)!<br></div><div class="spacer battle-history"><br></div><h2 class="battle-history">Turn 13</h2><div class="chat chatmessage-skyman"><strong style="color:hsl(326,66%,46%)"><small> </small><span class="username" data-name="Skyman">Skyman</span>:</strong> <em>F</em></div><div class="spacer battle-history"><br></div><div class="battle-history">My little Poni used <strong>Flare Blitz</strong>!<br></div><div class="battle-history"><small>It's super effective!</small><br></div><div class="battle-history"><small>(The opposing The Bell Tolls lost <abbr title="−19/21">90.5%</abbr> of its health!)</small><br></div><div class="battle-history"><small>My little Poni is damaged by the recoil!</small><br></div><div class="spacer battle-history"><br></div><div class="battle-history">The opposing The Bell Tolls fainted!<br></div><div class="spacer battle-history"><br></div><div class="battle-history"><small>(The sunlight is strong!)</small><br></div><div class="spacer battle-history"><br></div><div class="battle-history">dialzza sent out Here comes the sun (<strong>Vulpix</strong>)!<br></div><div class="battle-history"><small>Pointed stones dug into the opposing Here comes the sun!</small><br></div><div class="spacer battle-history"><br></div><h2 class="battle-history">Turn 14</h2><div class="chat chatmessage-dialzza"><strong style="color:hsl(85,79%,31%)"><small>★</small><span class="username" data-name="dialzza">dialzza</span>:</strong> <em>fuck scarf</em></div><div class="chat chatmessage-dialzza"><strong style="color:hsl(85,79%,31%)"><small>★</small><span class="username" data-name="dialzza">dialzza</span>:</strong> <em>are you shitting me</em></div><div class="chat chatmessage-haunt"><strong style="color:hsl(322,72%,43.8302968676323%)"><small> </small><span class="username" data-name="Haunt">Haunt</span>:</strong> <em>speed tie too</em></div><div class="spacer battle-history"><br></div><div class="battle-history">My little Poni used <strong>Flare Blitz</strong>!<br></div><div class="battle-history"><small>It's not very effective...</small><br></div><div class="battle-history"><small>(The opposing Here comes the sun lost <abbr title="−11/21">52.4%</abbr> of its health!)</small><br></div><div class="battle-history"><small>My little Poni is damaged by the recoil!</small><br></div><div class="spacer battle-history"><br></div><div class="battle-history">The opposing Here comes the sun fainted!<br></div><div class="spacer battle-history"><br></div><div class="battle-history"><small>(The sunlight is strong!)</small><br></div><div class="spacer battle-history"><br></div><div class="battle-history">dialzza sent out pepper (<strong>Hoppip</strong>)!<br></div><div class="battle-history"><small>Pointed stones dug into the opposing pepper!</small><br></div><div class="spacer battle-history"><br></div><h2 class="battle-history">Turn 15</h2><div class="spacer battle-history"><br></div><div class="battle-history">My little Poni used <strong>Flare Blitz</strong>!<br></div><div class="battle-history"><small>It's super effective!</small><br></div><div class="battle-history"><small>(The opposing pepper lost <abbr title="−18/23">78.3%</abbr> of its health!)</small><br></div><div class="battle-history"><small>My little Poni is damaged by the recoil!</small><br></div><div class="spacer battle-history"><br></div><div class="battle-history">The opposing pepper fainted!<br></div><div class="spacer battle-history"><br></div><div class="battle-history"><strong>Mortagon</strong> won the battle!<br></div><div class="chat chatmessage-mortagon"><strong style="color:hsl(82,47%,41%)"><small>★</small><span class="username" data-name="Mortagon">Mortagon</span>:</strong> <em>gg</em></div><div class="chat"><small>Haunt left.</small></div><div class="chat chatmessage-dialzza"><strong style="color:hsl(85,79%,31%)"><small>★</small><span class="username" data-name="dialzza">dialzza</span>:</strong> <em>i really didn't expect scarf</em></div><div class="chat chatmessage-dialzza"><strong style="color:hsl(85,79%,31%)"><small>★</small><span class="username" data-name="dialzza">dialzza</span>:</strong> <em>jeez</em></div><div class="chat"><small>Skyman left.</small></div><div class="chat"><small>Mortagon left.</small></div></div><div class="inner-preempt"></div></div></div>
</div>
<script>
let daily = Math.floor(Date.now()/1000/60/60/24);document.write('<script src="https://play.pokemonshowdown.com/js/replay-embed.js?version'+daily+'"></'+'script>');
</script>
