<!DOCTYPE html>
<meta charset="utf-8" />
<!-- version 1 -->
<title>LC replay: MewtwoS5 vs. visvreak12</title>
<style>
html,body {font-family:Verdana, sans-serif;font-size:10pt;margin:0;padding:0;}body{padding:12px 0;} .battle-log {font-family:Verdana, sans-serif;font-size:10pt;} .battle-log-inline {border:1px solid #AAAAAA;background:#EEF2F5;color:black;max-width:640px;margin:0 auto 80px;padding-bottom:5px;} .battle-log .inner {padding:4px 8px 0px 8px;} .battle-log .inner-preempt {padding:0 8px 4px 8px;} .battle-log .inner-after {margin-top:0.5em;} .battle-log h2 {margin:0.5em -8px;padding:4px 8px;border:1px solid #AAAAAA;background:#E0E7EA;border-left:0;border-right:0;font-family:Verdana, sans-serif;font-size:13pt;} .battle-log .chat {vertical-align:middle;padding:3px 0 3px 0;font-size:8pt;} .battle-log .chat strong {color:#40576A;} .battle-log .chat em {padding:1px 4px 1px 3px;color:#000000;font-style:normal;} .chat.mine {background:rgba(0,0,0,0.05);margin-left:-8px;margin-right:-8px;padding-left:8px;padding-right:8px;} .spoiler {color:#BBBBBB;background:#BBBBBB;padding:0px 3px;} .spoiler:hover, .spoiler:active, .spoiler-shown {color:#000000;background:#E2E2E2;padding:0px 3px;} .spoiler a {color:#BBBBBB;} .spoiler:hover a, .spoiler:active a, .spoiler-shown a {color:#2288CC;} .chat code, .chat .spoiler:hover code, .chat .spoiler:active code, .chat .spoiler-shown code {border:1px solid #C0C0C0;background:#EEEEEE;color:black;padding:0 2px;} .chat .spoiler code {border:1px solid #CCCCCC;background:#CCCCCC;color:#CCCCCC;} .battle-log .rated {padding:3px 4px;} .battle-log .rated strong {color:white;background:#89A;padding:1px 4px;border-radius:4px;} .spacer {margin-top:0.5em;} .message-announce {background:#6688AA;color:white;padding:1px 4px 2px;} .message-announce a, .broadcast-green a, .broadcast-blue a, .broadcast-red a {color:#DDEEFF;} .broadcast-green {background-color:#559955;color:white;padding:2px 4px;} .broadcast-blue {background-color:#6688AA;color:white;padding:2px 4px;} .infobox {border:1px solid #6688AA;padding:2px 4px;} .infobox-limited {max-height:200px;overflow:auto;overflow-x:hidden;} .broadcast-red {background-color:#AA5544;color:white;padding:2px 4px;} .message-learn-canlearn {font-weight:bold;color:#228822;text-decoration:underline;} .message-learn-cannotlearn {font-weight:bold;color:#CC2222;text-decoration:underline;} .message-effect-weak {font-weight:bold;color:#CC2222;} .message-effect-resist {font-weight:bold;color:#6688AA;} .message-effect-immune {font-weight:bold;color:#666666;} .message-learn-list {margin-top:0;margin-bottom:0;} .message-throttle-notice, .message-error {color:#992222;} .message-overflow, .chat small.message-overflow {font-size:0pt;} .message-overflow::before {font-size:9pt;content:'...';} .subtle {color:#3A4A66;}
</style>
<div class="wrapper replay-wrapper" style="max-width:1180px;margin:0 auto">
<input type="hidden" name="replayid" value="lc-501683010" />
<div class="battle"></div><div class="battle-log"></div><div class="replay-controls"></div><div class="replay-controls-2"></div>
<h1 style="font-weight:normal;text-align:center"><strong>LC</strong><br /><a href="http://pokemonshowdown.com/users/mewtwos5" class="subtle" target="_blank">MewtwoS5</a> vs. <a href="http://pokemonshowdown.com/users/visvreak12" class="subtle" target="_blank">visvreak12</a></h1>
<script type="text/plain" class="battle-log-data">|j|MewtwoS5
|j|visvreak12
|player|p1|MewtwoS5|99
|player|p2|visvreak12|170
|gametype|singles
|gen|6
|tier|LC
|rated
|seed|52409,32529,60652,15652
|clearpoke
|poke|p1|Munchlax, L5, F|item
|poke|p1|Larvitar, L5, F|item
|poke|p1|Inkay, L5, F|item
|poke|p1|Croagunk, L5, M|item
|poke|p1|Fletchling, L5, F|
|poke|p1|Spritzee, L5, M|item
|poke|p2|Geodude, L5, F|item
|poke|p2|Drowzee, L5, M|item
|poke|p2|Teddiursa, L5, M|item
|poke|p2|Smoochum, L5, F|item
|poke|p2|Happiny, L5, F|item
|poke|p2|Mankey, L5, M|item
|rule|Sleep Clause Mod: Limit one foe put to sleep
|rule|Species Clause: Limit one of each Pokémon
|rule|OHKO Clause: OHKO moves are banned
|rule|Moody Clause: Moody is banned
|rule|Evasion Moves Clause: Evasion moves are banned
|rule|Endless Battle Clause: Forcing endless battles is banned
|rule|HP Percentage Mod: HP is shown in percentages
|teampreview
|j|GymNMons
|choice|team 2, team 1, team 3, team 4, team 5, team 6|team 1, team 2, team 3, team 4, team 5, team 6
|
|start
|switch|p1a: Drax|Larvitar, L5, F|21\/21
|switch|p2a: Geodude|Geodude, L5, F|20\/20
|turn|1
|l|GymNMons
|choice|move dragondance|move metronome
|
|move|p2a: Geodude|Metronome|p2a: Geodude
|move|p2a: Geodude|Land's Wrath|p1a: Drax|[from]Metronome
|-supereffective|p1a: Drax
|-damage|p1a: Drax|3\/21
|move|p1a: Drax|Dragon Dance|p1a: Drax
|-boost|p1a: Drax|atk|1
|-boost|p1a: Drax|spe|1
|
|upkeep
|turn|2
|choice|move earthquake|move metronome
|
|move|p1a: Drax|Earthquake|p2a: Geodude
|-supereffective|p2a: Geodude
|-ability|p2a: Geodude|Sturdy
|-damage|p2a: Geodude|1\/20
|move|p2a: Geodude|Metronome|p2a: Geodude
|move|p2a: Geodude|Embargo|p1a: Drax|[from]Metronome
|-start|p1a: Drax|Embargo
|
|upkeep
|turn|3
|choice|move rockslide|move metronome
|
|move|p1a: Drax|Rock Slide|p2a: Geodude
|-resisted|p2a: Geodude
|-damage|p2a: Geodude|0 fnt
|faint|p2a: Geodude
|
|upkeep
|choice||switch 2
|
|switch|p2a: Drowzee|Drowzee, L5, M|22\/22
|turn|4
|choice|move earthquake|move metronome
|
|move|p2a: Drowzee|Metronome|p2a: Drowzee
|move|p2a: Drowzee|Super Fang|p1a: Drax|[from]Metronome
|-damage|p1a: Drax|2\/21
|move|p1a: Drax|Earthquake|p2a: Drowzee
|-damage|p2a: Drowzee|0 fnt
|faint|p2a: Drowzee
|
|upkeep
|choice||switch 3
|
|switch|p2a: Teddiursa|Teddiursa, L5, M|22\/22
|turn|5
|choice|move earthquake|move metronome
|
|move|p1a: Drax|Earthquake|p2a: Teddiursa
|-crit|p2a: Teddiursa
|-damage|p2a: Teddiursa|0 fnt
|faint|p2a: Teddiursa
|
|upkeep
|choice||switch 4
|
|switch|p2a: Smoochum|Smoochum, L5, F|21\/21
|turn|6
|choice|move earthquake|move metronome
|
|move|p2a: Smoochum|Metronome|p2a: Smoochum
|move|p2a: Smoochum|Swords Dance|p2a: Smoochum|[from]Metronome
|-boost|p2a: Smoochum|atk|2
|move|p1a: Drax|Earthquake|p2a: Smoochum
|-damage|p2a: Smoochum|0 fnt
|faint|p2a: Smoochum
|
|-end|p1a: Drax|Embargo
|upkeep
|choice||switch 5
|
|switch|p2a: Happiny|Happiny, L5, F|29\/29
|turn|7
|choice|move earthquake|move metronome
|
|move|p1a: Drax|Earthquake|p2a: Happiny
|-damage|p2a: Happiny|0 fnt
|faint|p2a: Happiny
|
|upkeep
|choice||switch 6
|
|switch|p2a: Mankey|Mankey, L5, M|20\/20
|turn|8
|choice|move earthquake|move metronome
|
|move|p2a: Mankey|Metronome|p2a: Mankey
|move|p2a: Mankey|False Swipe|p1a: Drax|[from]Metronome
|-resisted|p1a: Drax
|-damage|p1a: Drax|1\/21
|move|p1a: Drax|Earthquake|p2a: Mankey
|-damage|p2a: Mankey|0 fnt
|faint|p2a: Mankey
|
|win|MewtwoS5
|player|p1
|player|p2
|l|visvreak12</script>
</div>
<div class="battle-log battle-log-inline"><div class="inner"><div class="battle-options"></div><div class="inner"><div class="chat"><small>MewtwoS5 joined.</small></div><div class="chat"><small>visvreak12 joined.</small></div><div class=""><small>Format:</small> <br><strong>LC</strong></div><div class="rated"><strong>Rated battle</strong></div><div class=""><small><em>Sleep Clause Mod:</em> Limit one foe put to sleep</small></div><div class=""><small><em>Species Clause:</em> Limit one of each Pokémon</small></div><div class=""><small><em>OHKO Clause:</em> OHKO moves are banned</small></div><div class=""><small><em>Moody Clause:</em> Moody is banned</small></div><div class=""><small><em>Evasion Moves Clause:</em> Evasion moves are banned</small></div><div class=""><small><em>Endless Battle Clause:</em> Forcing endless battles is banned</small></div><div class=""><small><em>HP Percentage Mod:</em> HP is shown in percentages</small></div><div class="chat battle-history"><strong>MewtwoS5's team:</strong> <em style="color:#445566;display:block;">Munchlax / Larvitar / Inkay / Croagunk / Fletchling / Spritzee</em></div><div class="chat battle-history"><strong>visvreak12's team:</strong> <em style="color:#445566;display:block;">Geodude / Drowzee / Teddiursa / Smoochum / Happiny / Mankey</em></div><div class="chat"><small>GymNMons joined.</small></div><div class="spacer battle-history"><br></div><div class="battle-history">Battle started between MewtwoS5 and visvreak12!<br></div><div class="spacer battle-history"><br></div><div class="battle-history">Go! Drax (<strong>Larvitar</strong>)!<br></div><div class="spacer battle-history"><br></div><div class="battle-history">visvreak12 sent out <strong>Geodude</strong>!<br></div><div class="spacer battle-history"><br></div><h2 class="battle-history">Turn 1</h2><div class="chat"><small>GymNMons left.</small></div><div class="spacer battle-history"><br></div><div class="battle-history">The opposing Geodude used <strong>Metronome</strong>!<br></div><div class="spacer battle-history"><br></div><div class="battle-history">Waggling a finger let it use Land's Wrath!<br></div><div class="battle-history"><small>It's super effective!</small><br></div><div class="battle-history"><small>(Drax lost <abbr title="−18/21">85.7%</abbr> of its health!)</small><br></div><div class="spacer battle-history"><br></div><div class="battle-history">Drax used <strong>Dragon Dance</strong>!<br></div><div class="battle-history"><small>Drax's Attack rose!</small><br></div><div class="battle-history"><small>Drax's Speed rose!</small><br></div><div class="spacer battle-history"><br></div><h2 class="battle-history">Turn 2</h2><div class="spacer battle-history"><br></div><div class="battle-history">Drax used <strong>Earthquake</strong>!<br></div><div class="battle-history"><small>It's super effective!</small><br></div><div class="battle-history"><small>[The opposing Geodude's Sturdy]</small><br><small>The opposing Geodude endured the hit!</small><br></div><div class="battle-history"><small>(The opposing Geodude lost <abbr title="−19/20">95%</abbr> of its health!)</small><br></div><div class="spacer battle-history"><br></div><div class="battle-history">The opposing Geodude used <strong>Metronome</strong>!<br></div><div class="spacer battle-history"><br></div><div class="battle-history">Waggling a finger let it use Embargo!<br></div><div class="battle-history"><small>Drax can't use items anymore!</small><br></div><div class="spacer battle-history"><br></div><h2 class="battle-history">Turn 3</h2><div class="spacer battle-history"><br></div><div class="battle-history">Drax used <strong>Rock Slide</strong>!<br></div><div class="battle-history"><small>It's not very effective...</small><br></div><div class="battle-history"><small>(The opposing Geodude lost <abbr title="−1/20">5%</abbr> of its health!)</small><br></div><div class="spacer battle-history"><br></div><div class="battle-history">The opposing Geodude fainted!<br></div><div class="spacer battle-history"><br></div><div class="battle-history">visvreak12 sent out <strong>Drowzee</strong>!<br></div><div class="spacer battle-history"><br></div><h2 class="battle-history">Turn 4</h2><div class="spacer battle-history"><br></div><div class="battle-history">The opposing Drowzee used <strong>Metronome</strong>!<br></div><div class="spacer battle-history"><br></div><div class="battle-history">Waggling a finger let it use Super Fang!<br></div><div class="battle-history"><small>(Drax lost <abbr title="−1/21">4.8%</abbr> of its health!)</small><br></div><div class="spacer battle-history"><br></div><div class="battle-history">Drax used <strong>Earthquake</strong>!<br></div><div class="battle-history"><small>(The opposing Drowzee lost <abbr title="−22/22">100%</abbr> of its health!)</small><br></div><div class="spacer battle-history"><br></div><div class="battle-history">The opposing Drowzee fainted!<br></div><div class="spacer battle-history"><br></div><div class="battle-history">visvreak12 sent out <strong>Teddiursa</strong>!<br></div><div class="spacer battle-history"><br></div><h2 class="battle-history">Turn 5</h2><div class="spacer battle-history"><br></div><div class="battle-history">Drax used <strong>Earthquake</strong>!<br></div><div class="battle-history"><small>A critical hit!</small><br></div><div class="battle-history"><small>(The opposing Teddiursa lost <abbr title="−22/22">100%</abbr> of its health!)</small><br></div><div class="spacer battle-history"><br></div><div class="battle-history">The opposing Teddiursa fainted!<br></div><div class="spacer battle-history"><br></div><div class="battle-history">visvreak12 sent out <strong>Smoochum</strong>!<br></div><div class="spacer battle-history"><br></div><h2 class="battle-history">Turn 6</h2><div class="spacer battle-history"><br></div><div class="battle-history">The opposing Smoochum used <strong>Metronome</strong>!<br></div><div class="spacer battle-history"><br></div><div class="battle-history">Waggling a finger let it use Swords Dance!<br></div><div class="battle-history"><small>The opposing Smoochum's Attack rose sharply!</small><br></div><div class="spacer battle-history"><br></div><div class="battle-history">Drax used <strong>Earthquake</strong>!<br></div><div class="battle-history"><small>(The opposing Smoochum lost <abbr title="−21/21">100%</abbr> of its health!)</small><br></div><div class="spacer battle-history"><br></div><div class="battle-history">The opposing Smoochum fainted!<br></div><div class="spacer battle-history"><br></div><div class="battle-history"><small>Drax can use items again!</small><br></div><div class="spacer battle-history"><br></div><div class="battle-history">visvreak12 sent out <strong>Happiny</strong>!<br></div><div class="spacer battle-history"><br></div><h2 class="battle-history">Turn 7</h2><div class="spacer battle-history"><br></div><div class="battle-history">Drax used <strong>Earthquake</strong>!<br></div><div class="battle-history"><small>(The opposing Happiny lost <abbr title="−29/29">100%</abbr> of its health!)</small><br></div><div class="spacer battle-history"><br></div><div class="battle-history">The opposing Happiny fainted!<br></div><div class="spacer battle-history"><br></div><div class="battle-history">visvreak12 sent out <strong>Mankey</strong>!<br></div><div class="spacer battle-history"><br></div><h2 class="battle-history">Turn 8</h2><div class="spacer battle-history"><br></div><div class="battle-history">The opposing Mankey used <strong>Metronome</strong>!<br></div><div class="spacer battle-history"><br></div><div class="battle-history">Waggling a finger let it use False Swipe!<br></div><div class="battle-history"><small>It's not very effective...</small><br></div><div class="battle-history"><small>(Drax lost <abbr title="−1/21">4.8%</abbr> of its health!)</small><br></div><div class="spacer battle-history"><br></div><div class="battle-history">Drax used <strong>Earthquake</strong>!<br></div><div class="battle-history"><small>(The opposing Mankey lost <abbr title="−20/20">100%</abbr> of its health!)</small><br></div><div class="spacer battle-history"><br></div><div class="battle-history">The opposing Mankey fainted!<br></div><div class="spacer battle-history"><br></div><div class="battle-history"><strong>MewtwoS5</strong> won the battle!<br></div><div class="chat"><small>visvreak12 left.</small></div></div><div class="inner-preempt"></div></div></div>
</div>
<script>
let daily = Math.floor(Date.now()/1000/60/60/24);document.write('<script src="https://play.pokemonshowdown.com/js/replay-embed.js?version'+daily+'"></'+'script>');
</script>
