<!DOCTYPE html>
<meta charset="utf-8" />
<!-- version 1 -->
<title>LC replay: Mr. Throh vs. Cuenda</title>
<style>
html,body {font-family:Verdana, sans-serif;font-size:10pt;margin:0;padding:0;}body{padding:12px 0;} .battle-log {font-family:Verdana, sans-serif;font-size:10pt;} .battle-log-inline {border:1px solid #AAAAAA;background:#EEF2F5;color:black;max-width:640px;margin:0 auto 80px;padding-bottom:5px;} .battle-log .inner {padding:4px 8px 0px 8px;} .battle-log .inner-preempt {padding:0 8px 4px 8px;} .battle-log .inner-after {margin-top:0.5em;} .battle-log h2 {margin:0.5em -8px;padding:4px 8px;border:1px solid #AAAAAA;background:#E0E7EA;border-left:0;border-right:0;font-family:Verdana, sans-serif;font-size:13pt;} .battle-log .chat {vertical-align:middle;padding:3px 0 3px 0;font-size:8pt;} .battle-log .chat strong {color:#40576A;} .battle-log .chat em {padding:1px 4px 1px 3px;color:#000000;font-style:normal;} .chat.mine {background:rgba(0,0,0,0.05);margin-left:-8px;margin-right:-8px;padding-left:8px;padding-right:8px;} .spoiler {color:#BBBBBB;background:#BBBBBB;padding:0px 3px;} .spoiler:hover, .spoiler:active, .spoiler-shown {color:#000000;background:#E2E2E2;padding:0px 3px;} .spoiler a {color:#BBBBBB;} .spoiler:hover a, .spoiler:active a, .spoiler-shown a {color:#2288CC;} .chat code, .chat .spoiler:hover code, .chat .spoiler:active code, .chat .spoiler-shown code {border:1px solid #C0C0C0;background:#EEEEEE;color:black;padding:0 2px;} .chat .spoiler code {border:1px solid #CCCCCC;background:#CCCCCC;color:#CCCCCC;} .battle-log .rated {padding:3px 4px;} .battle-log .rated strong {color:white;background:#89A;padding:1px 4px;border-radius:4px;} .spacer {margin-top:0.5em;} .message-announce {background:#6688AA;color:white;padding:1px 4px 2px;} .message-announce a, .broadcast-green a, .broadcast-blue a, .broadcast-red a {color:#DDEEFF;} .broadcast-green {background-color:#559955;color:white;padding:2px 4px;} .broadcast-blue {background-color:#6688AA;color:white;padding:2px 4px;} .infobox {border:1px solid #6688AA;padding:2px 4px;} .infobox-limited {max-height:200px;overflow:auto;overflow-x:hidden;} .broadcast-red {background-color:#AA5544;color:white;padding:2px 4px;} .message-learn-canlearn {font-weight:bold;color:#228822;text-decoration:underline;} .message-learn-cannotlearn {font-weight:bold;color:#CC2222;text-decoration:underline;} .message-effect-weak {font-weight:bold;color:#CC2222;} .message-effect-resist {font-weight:bold;color:#6688AA;} .message-effect-immune {font-weight:bold;color:#666666;} .message-learn-list {margin-top:0;margin-bottom:0;} .message-throttle-notice, .message-error {color:#992222;} .message-overflow, .chat small.message-overflow {font-size:0pt;} .message-overflow::before {font-size:9pt;content:'...';} .subtle {color:#3A4A66;}
</style>
<div class="wrapper replay-wrapper" style="max-width:1180px;margin:0 auto">
<input type="hidden" name="replayid" value="lc-508538039" />
<div class="battle"></div><div class="battle-log"></div><div class="replay-controls"></div><div class="replay-controls-2"></div>
<h1 style="font-weight:normal;text-align:center"><strong>LC</strong><br /><a href="http://pokemonshowdown.com/users/mrthroh" class="subtle" target="_blank">Mr. Throh</a> vs. <a href="http://pokemonshowdown.com/users/cuenda" class="subtle" target="_blank">Cuenda</a></h1>
<script type="text/plain" class="battle-log-data">|j|Mr. Throh
|j|Cuenda
|player|p1|Mr. Throh|266
|player|p2|Cuenda|238
|gametype|singles
|gen|6
|tier|LC
|seed|49936,7281,14880,17033
|clearpoke
|poke|p1|Tyrunt, L5, F|item
|poke|p1|Tirtouga, L5, F|item
|poke|p1|Archen, L5, M|item
|poke|p1|Aron, L5, M|item
|poke|p1|Anorith, L5, M|item
|poke|p1|Lileep, L5, F|item
|poke|p2|Taillow, L5, M|item
|poke|p2|Wingull, L5, F|item
|poke|p2|Archen, L5, F|item
|poke|p2|Natu, L5, M|item
|poke|p2|Vullaby, L5, F|item
|poke|p2|Noibat, L5, M|item
|rule|Sleep Clause Mod: Limit one foe put to sleep
|rule|Species Clause: Limit one of each Pokémon
|rule|OHKO Clause: OHKO moves are banned
|rule|Moody Clause: Moody is banned
|rule|Evasion Moves Clause: Evasion moves are banned
|rule|Endless Battle Clause: Forcing endless battles is banned
|rule|HP Percentage Mod: HP is shown in percentages
|teampreview
|j|The Lord Monotyke
|choice|team 1, team 2, team 3, team 4, team 5, team 6|team 3, team 2, team 1, team 4, team 5, team 6
|
|start
|switch|p1a: Parma|Tyrunt, L5, F|21\/21
|switch|p2a: Archen|Archen, L5, F|23\/23
|turn|1
|choice|move dragondance|move stealthrock
|
|move|p2a: Archen|Stealth Rock|p1a: Parma
|-sidestart|p1: Mr. Throh|move: Stealth Rock
|move|p1a: Parma|Dragon Dance|p1a: Parma
|-boost|p1a: Parma|atk|1
|-boost|p1a: Parma|spe|1
|
|upkeep
|turn|2
|j|axcqi
|choice|move rockslide|move earthquake
|
|move|p1a: Parma|Rock Slide|p2a: Archen
|-supereffective|p2a: Archen
|-damage|p2a: Archen|0 fnt
|faint|p2a: Archen
|
|upkeep
|c|★Mr. Throh|I HATE ROCKS!
|j|Blame Stone
|j|K-Mac Desu
|choice||switch 2
|
|switch|p2a: Wingull|Wingull, L5, F|19\/19
|turn|3
|choice|move rockslide|move scald
|
|move|p1a: Parma|Rock Slide|p2a: Wingull
|-supereffective|p2a: Wingull
|-damage|p2a: Wingull|0 fnt
|faint|p2a: Wingull
|
|upkeep
|choice||switch 4
|
|switch|p2a: Natu|Natu, L5, M|19\/19
|turn|4
|choice|move rockslide|move suckerpunch
|
|move|p2a: Natu|Sucker Punch|p1a: Parma
|-damage|p1a: Parma|13\/21
|-damage|p2a: Natu|18\/19|[from] item: Life Orb
|move|p1a: Parma|Rock Slide|p2a: Natu
|-supereffective|p2a: Natu
|-damage|p2a: Natu|0 fnt
|faint|p2a: Natu
|
|upkeep
|j|YukimuraH
|choice||switch 6
|
|switch|p2a: Noibat|Noibat, L5, M|20\/20
|turn|5
|choice|move rockslide|move dracometeor
|
|move|p2a: Noibat|Draco Meteor|p1a: Parma
|-supereffective|p1a: Parma
|-damage|p1a: Parma|0 fnt
|-unboost|p2a: Noibat|spa|2
|faint|p1a: Parma
|
|upkeep
|c|★Mr. Throh|nice.
|j|colorcodedd
|c|★Mr. Throh|so I know it must have a Scarf.
|j|Clarets Breeze
|choice|switch 5|
|
|switch|p1a: Pinehurst|Anorith, L5, M|21\/21
|-damage|p1a: Pinehurst|16\/21|[from] Stealth Rock
|turn|6
|choice|move rockblast|switch 5
|
|switch|p2a: Vullaby|Vullaby, L5, F|26\/26
|move|p1a: Pinehurst|Rock Blast|p2a: Vullaby
|-supereffective|p2a: Vullaby
|-damage|p2a: Vullaby|20\/26
|-supereffective|p2a: Vullaby
|-damage|p2a: Vullaby|14\/26
|-hitcount|p2a: Vullaby|2
|
|upkeep
|turn|7
|choice|move rapidspin|move roost
|
|move|p1a: Pinehurst|Rapid Spin|p2a: Vullaby
|-damage|p2a: Vullaby|12\/26
|-sideend|p1: Mr. Throh|Stealth Rock|[from] move: Rapid Spin|[of] p1a: Pinehurst
|move|p2a: Vullaby|Roost|p2a: Vullaby
|-heal|p2a: Vullaby|25\/26
|
|upkeep
|turn|8
|choice|move knockoff|move knockoff
|
|move|p1a: Pinehurst|Knock Off|p2a: Vullaby
|-resisted|p2a: Vullaby
|-damage|p2a: Vullaby|22\/26
|-enditem|p2a: Vullaby|Eviolite|[from] move: Knock Off|[of] p1a: Pinehurst
|move|p2a: Vullaby|Knock Off|p1a: Pinehurst
|-damage|p1a: Pinehurst|9\/21
|-enditem|p1a: Pinehurst|Eviolite|[from] move: Knock Off|[of] p2a: Vullaby
|
|upkeep
|turn|9
|j|NinaHawthorne97
|c|★Mr. Throh|nice.
|l|Clarets Breeze
|choice|move rockblast|move roost
|
|move|p1a: Pinehurst|Rock Blast|p2a: Vullaby
|-supereffective|p2a: Vullaby
|-damage|p2a: Vullaby|14\/26
|-supereffective|p2a: Vullaby
|-damage|p2a: Vullaby|6\/26
|-hitcount|p2a: Vullaby|2
|move|p2a: Vullaby|Roost|p2a: Vullaby
|-heal|p2a: Vullaby|19\/26
|
|upkeep
|turn|10
|choice|move rockblast|move knockoff
|
|move|p1a: Pinehurst|Rock Blast|p2a: Vullaby|[miss]
|-miss|p1a: Pinehurst|p2a: Vullaby
|move|p2a: Vullaby|Knock Off|p1a: Pinehurst
|-damage|p1a: Pinehurst|0 fnt
|faint|p1a: Pinehurst
|
|upkeep
|choice|switch 4|
|
|switch|p1a: Teton|Aron, L5, M|22\/22
|turn|11
|choice|move rockpolish|move knockoff
|
|move|p2a: Vullaby|Knock Off|p1a: Teton
|-damage|p1a: Teton|16\/22
|-enditem|p1a: Teton|Eviolite|[from] move: Knock Off|[of] p2a: Vullaby
|move|p1a: Teton|Rock Polish|p1a: Teton
|-boost|p1a: Teton|spe|2
|
|upkeep
|turn|12
|choice|move ironhead|move uturn
|
|move|p1a: Teton|Iron Head|p2a: Vullaby
|-damage|p2a: Vullaby|9\/26
|move|p2a: Vullaby|U-turn|p1a: Teton
|-resisted|p1a: Teton
|-damage|p1a: Teton|14\/22
|choice||switch 5
|
|switch|p2a: Noibat|Noibat, L5, M|20\/20
|
|upkeep
|turn|13
|choice|move headsmash|move heatwave
|
|move|p2a: Noibat|Heat Wave|p1a: Teton
|-damage|p1a: Teton|6\/22
|move|p1a: Teton|Head Smash|p2a: Noibat
|-supereffective|p2a: Noibat
|-damage|p2a: Noibat|0 fnt
|faint|p2a: Noibat
|
|upkeep
|c|★Mr. Throh|lmao
|choice||switch 3
|
|switch|p2a: Taillow|Taillow, L5, M|19\/19
|turn|14
|choice|move headsmash|move boomburst
|
|move|p1a: Teton|Head Smash|p2a: Taillow
|-supereffective|p2a: Taillow
|-damage|p2a: Taillow|0 fnt
|faint|p2a: Taillow
|
|upkeep
|-message|Cuenda forfeited.
|
|win|Mr. Throh
|player|p1
|player|p2
|l|The Lord Monotyke
|l|Cuenda
|l|NinaHawthorne97</script>
</div>
<div class="battle-log battle-log-inline"><div class="inner"><div class="battle-options"></div><div class="inner"><div class="chat"><small>Mr. Throh joined.</small></div><div class="chat"><small>Cuenda joined.</small></div><div class=""><small>Format:</small> <br><strong>LC</strong></div><div class=""><small><em>Sleep Clause Mod:</em> Limit one foe put to sleep</small></div><div class=""><small><em>Species Clause:</em> Limit one of each Pokémon</small></div><div class=""><small><em>OHKO Clause:</em> OHKO moves are banned</small></div><div class=""><small><em>Moody Clause:</em> Moody is banned</small></div><div class=""><small><em>Evasion Moves Clause:</em> Evasion moves are banned</small></div><div class=""><small><em>Endless Battle Clause:</em> Forcing endless battles is banned</small></div><div class=""><small><em>HP Percentage Mod:</em> HP is shown in percentages</small></div><div class="chat battle-history"><strong>Mr. Throh's team:</strong> <em style="color:#445566;display:block;">Tyrunt / Tirtouga / Archen / Aron / Anorith / Lileep</em></div><div class="chat battle-history"><strong>Cuenda's team:</strong> <em style="color:#445566;display:block;">Taillow / Wingull / Archen / Natu / Vullaby / Noibat</em></div><div class="chat"><small>The Lord Monotyke joined.</small></div><div class="spacer battle-history"><br></div><div class="battle-history">Battle started between Mr. Throh and Cuenda!<br></div><div class="spacer battle-history"><br></div><div class="battle-history">Go! Parma (<strong>Tyrunt</strong>)!<br></div><div class="spacer battle-history"><br></div><div class="battle-history">Cuenda sent out <strong>Archen</strong>!<br></div><div class="spacer battle-history"><br></div><h2 class="battle-history">Turn 1</h2><div class="spacer battle-history"><br></div><div class="battle-history">The opposing Archen used <strong>Stealth Rock</strong>!<br></div><div class="battle-history"><small>Pointed stones float in the air around your team!</small><br></div><div class="spacer battle-history"><br></div><div class="battle-history">Parma used <strong>Dragon Dance</strong>!<br></div><div class="battle-history"><small>Parma's Attack rose!</small><br></div><div class="battle-history"><small>Parma's Speed rose!</small><br></div><div class="spacer battle-history"><br></div><h2 class="battle-history">Turn 2</h2><div class="chat"><small>axcqi joined.</small></div><div class="spacer battle-history"><br></div><div class="battle-history">Parma used <strong>Rock Slide</strong>!<br></div><div class="battle-history"><small>It's super effective!</small><br></div><div class="battle-history"><small>(The opposing Archen lost <abbr title="−23/23">100%</abbr> of its health!)</small><br></div><div class="spacer battle-history"><br></div><div class="battle-history">The opposing Archen fainted!<br></div><div class="chat chatmessage-mrthroh"><strong style="color:hsl(165,70%,30%)"><small>★</small><span class="username" data-name="Mr. Throh">Mr. Throh</span>:</strong> <em>I HATE ROCKS!</em></div><div class="chat"><small>Blame Stone joined.</small></div><div class="chat"><small>K-Mac Desu joined.</small></div><div class="spacer battle-history"><br></div><div class="battle-history">Cuenda sent out <strong>Wingull</strong>!<br></div><div class="spacer battle-history"><br></div><h2 class="battle-history">Turn 3</h2><div class="spacer battle-history"><br></div><div class="battle-history">Parma used <strong>Rock Slide</strong>!<br></div><div class="battle-history"><small>It's super effective!</small><br></div><div class="battle-history"><small>(The opposing Wingull lost <abbr title="−19/19">100%</abbr> of its health!)</small><br></div><div class="spacer battle-history"><br></div><div class="battle-history">The opposing Wingull fainted!<br></div><div class="spacer battle-history"><br></div><div class="battle-history">Cuenda sent out <strong>Natu</strong>!<br></div><div class="spacer battle-history"><br></div><h2 class="battle-history">Turn 4</h2><div class="spacer battle-history"><br></div><div class="battle-history">The opposing Natu used <strong>Sucker Punch</strong>!<br></div><div class="battle-history"><small>(Parma lost <abbr title="−8/21">38.1%</abbr> of its health!)</small><br></div><div class="battle-history"><small>The opposing Natu lost some of its HP!</small><br></div><div class="spacer battle-history"><br></div><div class="battle-history">Parma used <strong>Rock Slide</strong>!<br></div><div class="battle-history"><small>It's super effective!</small><br></div><div class="battle-history"><small>(The opposing Natu lost <abbr title="−18/19">94.7%</abbr> of its health!)</small><br></div><div class="spacer battle-history"><br></div><div class="battle-history">The opposing Natu fainted!<br></div><div class="chat"><small>YukimuraH joined.</small></div><div class="spacer battle-history"><br></div><div class="battle-history">Cuenda sent out <strong>Noibat</strong>!<br></div><div class="spacer battle-history"><br></div><h2 class="battle-history">Turn 5</h2><div class="spacer battle-history"><br></div><div class="battle-history">The opposing Noibat used <strong>Draco Meteor</strong>!<br></div><div class="battle-history"><small>It's super effective!</small><br></div><div class="battle-history"><small>(Parma lost <abbr title="−13/21">61.9%</abbr> of its health!)</small><br></div><div class="battle-history"><small>The opposing Noibat's Special Attack fell harshly!</small><br></div><div class="spacer battle-history"><br></div><div class="battle-history">Parma fainted!<br></div><div class="chat chatmessage-mrthroh"><strong style="color:hsl(165,70%,30%)"><small>★</small><span class="username" data-name="Mr. Throh">Mr. Throh</span>:</strong> <em>nice.</em></div><div class="chat"><small>colorcodedd joined.</small></div><div class="chat chatmessage-mrthroh"><strong style="color:hsl(165,70%,30%)"><small>★</small><span class="username" data-name="Mr. Throh">Mr. Throh</span>:</strong> <em>so I know it must have a Scarf.</em></div><div class="chat"><small>Clarets Breeze joined.</small></div><div class="spacer battle-history"><br></div><div class="battle-history">Go! Pinehurst (<strong>Anorith</strong>)!<br></div><div class="battle-history"><small>Pointed stones dug into Pinehurst!</small><br></div><div class="spacer battle-history"><br></div><h2 class="battle-history">Turn 6</h2><div class="spacer battle-history"><br></div><div class="battle-history">Cuenda withdrew Noibat!<br></div><div class="battle-history">Cuenda sent out <strong>Vullaby</strong>!<br></div><div class="spacer battle-history"><br></div><div class="battle-history">Pinehurst used <strong>Rock Blast</strong>!<br></div><div class="battle-history"><small>It's super effective!</small><br></div><div class="battle-history"><small>(The opposing Vullaby lost <abbr title="−6/26">23.1%</abbr> of its health!)</small><br></div><div class="battle-history"><small>It's super effective!</small><br></div><div class="battle-history"><small>(The opposing Vullaby lost <abbr title="−6/26">23.1%</abbr> of its health!)</small><br></div><div class="battle-history"><small>Hit 2 times!</small><br></div><div class="spacer battle-history"><br></div><h2 class="battle-history">Turn 7</h2><div class="spacer battle-history"><br></div><div class="battle-history">Pinehurst used <strong>Rapid Spin</strong>!<br></div><div class="battle-history"><small>(The opposing Vullaby lost <abbr title="−2/26">7.7%</abbr> of its health!)</small><br></div><div class="battle-history"><small>The pointed stones disappeared from around your team!</small><br></div><div class="spacer battle-history"><br></div><div class="battle-history">The opposing Vullaby used <strong>Roost</strong>!<br></div><div class="battle-history"><small>The opposing Vullaby restored its HP.</small><br></div><div class="spacer battle-history"><br></div><h2 class="battle-history">Turn 8</h2><div class="spacer battle-history"><br></div><div class="battle-history">Pinehurst used <strong>Knock Off</strong>!<br></div><div class="battle-history"><small>It's not very effective...</small><br></div><div class="battle-history"><small>(The opposing Vullaby lost <abbr title="−3/26">11.5%</abbr> of its health!)</small><br></div><div class="battle-history"><small>Pinehurst knocked off the opposing Vullaby's Eviolite!</small><br></div><div class="spacer battle-history"><br></div><div class="battle-history">The opposing Vullaby used <strong>Knock Off</strong>!<br></div><div class="battle-history"><small>(Pinehurst lost <abbr title="−7/21">33.3%</abbr> of its health!)</small><br></div><div class="battle-history"><small>The opposing Vullaby knocked off Pinehurst's Eviolite!</small><br></div><div class="spacer battle-history"><br></div><h2 class="battle-history">Turn 9</h2><div class="chat"><small>NinaHawthorne97 joined.</small></div><div class="chat chatmessage-mrthroh"><strong style="color:hsl(165,70%,30%)"><small>★</small><span class="username" data-name="Mr. Throh">Mr. Throh</span>:</strong> <em>nice.</em></div><div class="chat"><small>Clarets Breeze left.</small></div><div class="spacer battle-history"><br></div><div class="battle-history">Pinehurst used <strong>Rock Blast</strong>!<br></div><div class="battle-history"><small>It's super effective!</small><br></div><div class="battle-history"><small>(The opposing Vullaby lost <abbr title="−8/26">30.8%</abbr> of its health!)</small><br></div><div class="battle-history"><small>It's super effective!</small><br></div><div class="battle-history"><small>(The opposing Vullaby lost <abbr title="−8/26">30.8%</abbr> of its health!)</small><br></div><div class="battle-history"><small>Hit 2 times!</small><br></div><div class="spacer battle-history"><br></div><div class="battle-history">The opposing Vullaby used <strong>Roost</strong>!<br></div><div class="battle-history"><small>The opposing Vullaby restored its HP.</small><br></div><div class="spacer battle-history"><br></div><h2 class="battle-history">Turn 10</h2><div class="spacer battle-history"><br></div><div class="battle-history">Pinehurst used <strong>Rock Blast</strong>!<br></div><div class="battle-history"><small>The opposing Vullaby avoided the attack!</small><br></div><div class="spacer battle-history"><br></div><div class="battle-history">The opposing Vullaby used <strong>Knock Off</strong>!<br></div><div class="battle-history"><small>(Pinehurst lost <abbr title="−9/21">42.9%</abbr> of its health!)</small><br></div><div class="spacer battle-history"><br></div><div class="battle-history">Pinehurst fainted!<br></div><div class="spacer battle-history"><br></div><div class="battle-history">Go! Teton (<strong>Aron</strong>)!<br></div><div class="spacer battle-history"><br></div><h2 class="battle-history">Turn 11</h2><div class="spacer battle-history"><br></div><div class="battle-history">The opposing Vullaby used <strong>Knock Off</strong>!<br></div><div class="battle-history"><small>(Teton lost <abbr title="−6/22">27.3%</abbr> of its health!)</small><br></div><div class="battle-history"><small>The opposing Vullaby knocked off Teton's Eviolite!</small><br></div><div class="spacer battle-history"><br></div><div class="battle-history">Teton used <strong>Rock Polish</strong>!<br></div><div class="battle-history"><small>Teton's Speed rose sharply!</small><br></div><div class="spacer battle-history"><br></div><h2 class="battle-history">Turn 12</h2><div class="spacer battle-history"><br></div><div class="battle-history">Teton used <strong>Iron Head</strong>!<br></div><div class="battle-history"><small>(The opposing Vullaby lost <abbr title="−10/26">38.5%</abbr> of its health!)</small><br></div><div class="spacer battle-history"><br></div><div class="battle-history">The opposing Vullaby used <strong>U-turn</strong>!<br></div><div class="battle-history"><small>It's not very effective...</small><br></div><div class="battle-history"><small>(Teton lost <abbr title="−2/22">9.1%</abbr> of its health!)</small><br></div><div class="spacer battle-history"><br></div><div class="battle-history">The opposing Vullaby went back to Cuenda!<br></div><div class="battle-history">Cuenda sent out <strong>Noibat</strong>!<br></div><div class="spacer battle-history"><br></div><h2 class="battle-history">Turn 13</h2><div class="spacer battle-history"><br></div><div class="battle-history">The opposing Noibat used <strong>Heat Wave</strong>!<br></div><div class="battle-history"><small>(Teton lost <abbr title="−8/22">36.4%</abbr> of its health!)</small><br></div><div class="spacer battle-history"><br></div><div class="battle-history">Teton used <strong>Head Smash</strong>!<br></div><div class="battle-history"><small>It's super effective!</small><br></div><div class="battle-history"><small>(The opposing Noibat lost <abbr title="−20/20">100%</abbr> of its health!)</small><br></div><div class="spacer battle-history"><br></div><div class="battle-history">The opposing Noibat fainted!<br></div><div class="chat chatmessage-mrthroh"><strong style="color:hsl(165,70%,30%)"><small>★</small><span class="username" data-name="Mr. Throh">Mr. Throh</span>:</strong> <em>lmao</em></div><div class="spacer battle-history"><br></div><div class="battle-history">Cuenda sent out <strong>Taillow</strong>!<br></div><div class="spacer battle-history"><br></div><h2 class="battle-history">Turn 14</h2><div class="spacer battle-history"><br></div><div class="battle-history">Teton used <strong>Head Smash</strong>!<br></div><div class="battle-history"><small>It's super effective!</small><br></div><div class="battle-history"><small>(The opposing Taillow lost <abbr title="−19/19">100%</abbr> of its health!)</small><br></div><div class="spacer battle-history"><br></div><div class="battle-history">The opposing Taillow fainted!<br></div><div class="spacer battle-history"><br></div><div class="battle-history"><small>Cuenda forfeited.</small><br></div><div class="spacer battle-history"><br></div><div class="battle-history"><strong>Mr. Throh</strong> won the battle!<br></div><div class="chat"><small>The Lord Monotyke left.</small></div><div class="chat"><small>Cuenda left.</small></div><div class="chat"><small>NinaHawthorne97 left.</small></div></div><div class="inner-preempt"></div></div></div>
</div>
<script>
let daily = Math.floor(Date.now()/1000/60/60/24);document.write('<script src="https://play.pokemonshowdown.com/js/replay-embed.js?version'+daily+'"></'+'script>');
</script>
