<!DOCTYPE html>
<meta charset="utf-8" />
<!-- version 1 -->
<title>LC replay: heine_borel vs. Kranky Krookodile</title>
<style>
html,body {font-family:Verdana, sans-serif;font-size:10pt;margin:0;padding:0;}body{padding:12px 0;} .battle-log {font-family:Verdana, sans-serif;font-size:10pt;} .battle-log-inline {border:1px solid #AAAAAA;background:#EEF2F5;color:black;max-width:640px;margin:0 auto 80px;padding-bottom:5px;} .battle-log .inner {padding:4px 8px 0px 8px;} .battle-log .inner-preempt {padding:0 8px 4px 8px;} .battle-log .inner-after {margin-top:0.5em;} .battle-log h2 {margin:0.5em -8px;padding:4px 8px;border:1px solid #AAAAAA;background:#E0E7EA;border-left:0;border-right:0;font-family:Verdana, sans-serif;font-size:13pt;} .battle-log .chat {vertical-align:middle;padding:3px 0 3px 0;font-size:8pt;} .battle-log .chat strong {color:#40576A;} .battle-log .chat em {padding:1px 4px 1px 3px;color:#000000;font-style:normal;} .chat.mine {background:rgba(0,0,0,0.05);margin-left:-8px;margin-right:-8px;padding-left:8px;padding-right:8px;} .spoiler {color:#BBBBBB;background:#BBBBBB;padding:0px 3px;} .spoiler:hover, .spoiler:active, .spoiler-shown {color:#000000;background:#E2E2E2;padding:0px 3px;} .spoiler a {color:#BBBBBB;} .spoiler:hover a, .spoiler:active a, .spoiler-shown a {color:#2288CC;} .chat code, .chat .spoiler:hover code, .chat .spoiler:active code, .chat .spoiler-shown code {border:1px solid #C0C0C0;background:#EEEEEE;color:black;padding:0 2px;} .chat .spoiler code {border:1px solid #CCCCCC;background:#CCCCCC;color:#CCCCCC;} .battle-log .rated {padding:3px 4px;} .battle-log .rated strong {color:white;background:#89A;padding:1px 4px;border-radius:4px;} .spacer {margin-top:0.5em;} .message-announce {background:#6688AA;color:white;padding:1px 4px 2px;} .message-announce a, .broadcast-green a, .broadcast-blue a, .broadcast-red a {color:#DDEEFF;} .broadcast-green {background-color:#559955;color:white;padding:2px 4px;} .broadcast-blue {background-color:#6688AA;color:white;padding:2px 4px;} .infobox {border:1px solid #6688AA;padding:2px 4px;} .infobox-limited {max-height:200px;overflow:auto;overflow-x:hidden;} .broadcast-red {background-color:#AA5544;color:white;padding:2px 4px;} .message-learn-canlearn {font-weight:bold;color:#228822;text-decoration:underline;} .message-learn-cannotlearn {font-weight:bold;color:#CC2222;text-decoration:underline;} .message-effect-weak {font-weight:bold;color:#CC2222;} .message-effect-resist {font-weight:bold;color:#6688AA;} .message-effect-immune {font-weight:bold;color:#666666;} .message-learn-list {margin-top:0;margin-bottom:0;} .message-throttle-notice, .message-error {color:#992222;} .message-overflow, .chat small.message-overflow {font-size:0pt;} .message-overflow::before {font-size:9pt;content:'...';} .subtle {color:#3A4A66;}
</style>
<div class="wrapper replay-wrapper" style="max-width:1180px;margin:0 auto">
<input type="hidden" name="replayid" value="lc-479566850" />
<div class="battle"></div><div class="battle-log"></div><div class="replay-controls"></div><div class="replay-controls-2"></div>
<h1 style="font-weight:normal;text-align:center"><strong>LC</strong><br /><a href="http://pokemonshowdown.com/users/heineborel" class="subtle" target="_blank">heine_borel</a> vs. <a href="http://pokemonshowdown.com/users/krankykrookodile" class="subtle" target="_blank">Kranky Krookodile</a></h1>
<script type="text/plain" class="battle-log-data">|j|heine_borel
|j|Kranky Krookodile
|player|p1|heine_borel|266
|player|p2|Kranky Krookodile|163
|gametype|singles
|gen|6
|tier|LC
|rated
|seed|46409,3441,52753,48220
|clearpoke
|poke|p1|Taillow, L5, M|item
|poke|p1|Froakie, L5, M|item
|poke|p1|Diglett, L5, M|item
|poke|p1|Frillish, L5, M|item
|poke|p1|Bulbasaur, L5, M|item
|poke|p1|Scraggy, L5, M|item
|poke|p2|Abra, L5, M|item
|poke|p2|Charmander, L5, F, shiny|item
|poke|p2|Fletchling, L5, M, shiny|
|poke|p2|Aron, L5, M|item
|poke|p2|Dratini, L5, M, shiny|item
|poke|p2|Trapinch, L5, M, shiny|item
|rule|Sleep Clause Mod: Limit one foe put to sleep
|rule|Species Clause: Limit one of each Pokémon
|rule|OHKO Clause: OHKO moves are banned
|rule|Moody Clause: Moody is banned
|rule|Evasion Moves Clause: Evasion moves are banned
|rule|Endless Battle Clause: Forcing endless battles is banned
|rule|HP Percentage Mod: HP is shown in percentages
|teampreview
|choice|team 4, team 2, team 3, team 1, team 5, team 6|team 6, team 2, team 3, team 4, team 5, team 1
|
|start
|switch|p1a: Frillish|Frillish, L5, M|25\/25
|switch|p2a: Why am I here?|Trapinch, L5, M, shiny|21\/21
|turn|1
|choice|move scald|move crunch
|
|move|p1a: Frillish|Scald|p2a: Why am I here?
|-supereffective|p2a: Why am I here?
|-damage|p2a: Why am I here?|3\/21
|move|p2a: Why am I here?|Crunch|p1a: Frillish
|-supereffective|p1a: Frillish
|-damage|p1a: Frillish|0 fnt
|faint|p1a: Frillish
|
|choice|switch 3|
|
|switch|p1a: Diglett|Diglett, L5, M|17\/17
|turn|2
|c|★Kranky Krookodile|Choice band op
|choice|move rockslide|move crunch
|
|move|p1a: Diglett|Rock Slide|p2a: Why am I here?
|-resisted|p2a: Why am I here?
|-damage|p2a: Why am I here?|0 fnt
|faint|p2a: Why am I here?
|
|choice||switch 5
|
|switch|p2a: Dratini|Dratini, L5, M, shiny|21\/21
|turn|3
|choice|move earthquake|move surf
|
|move|p1a: Diglett|Earthquake|p2a: Dratini
|-damage|p2a: Dratini|12\/21
|move|p2a: Dratini|Surf|p1a: Diglett
|-supereffective|p1a: Diglett
|-enditem|p1a: Diglett|Focus Sash
|-damage|p1a: Diglett|1\/17
|
|turn|4
|choice|switch 4|move dragonpulse
|
|switch|p1a: Taillow|Taillow, L5, M|20\/20
|move|p2a: Dratini|Dragon Pulse|p1a: Taillow
|-damage|p1a: Taillow|4\/20
|
|-status|p1a: Taillow|tox|[from] item: Toxic Orb
|turn|5
|choice|move facade|move dragonpulse
|
|move|p1a: Taillow|Facade|p2a: Dratini
|-damage|p2a: Dratini|0 fnt
|faint|p2a: Dratini
|
|-damage|p1a: Taillow|3\/20 tox|[from] psn
|choice||switch 3
|
|switch|p2a: Fletchling|Fletchling, L5, M, shiny|21\/21
|turn|6
|choice|move uturn|move acrobatics
|
|move|p2a: Fletchling|Acrobatics|p1a: Taillow
|-damage|p1a: Taillow|0 fnt
|faint|p1a: Taillow
|
|choice|switch 2|
|
|switch|p1a: Froakie|Froakie, L5, M|20\/20
|turn|7
|choice|move waterfall|switch 2
|
|switch|p2a: Charmander|Charmander, L5, F, shiny|20\/20
|move|p1a: Froakie|Waterfall|p2a: Charmander
|-supereffective|p2a: Charmander
|-damage|p2a: Charmander|0 fnt
|faint|p2a: Charmander
|
|choice||switch 6
|
|switch|p2a: Abra|Abra, L5, M|19\/19
|turn|8
|choice|move uturn|move energyball
|
|move|p2a: Abra|Energy Ball|p1a: Froakie
|-supereffective|p1a: Froakie
|-enditem|p1a: Froakie|Focus Sash
|-damage|p1a: Froakie|1\/20
|move|p1a: Froakie|U-turn|p2a: Abra
|-start|p1a: Froakie|typechange|Bug|[from] Protean
|-supereffective|p2a: Abra
|-damage|p2a: Abra|0 fnt
|faint|p2a: Abra
|choice|switch 6|
|
|switch|p1a: Scraggy|Scraggy, L5, M|21\/21
|
|choice||switch 2
|
|switch|p2a: Fletchling|Fletchling, L5, M, shiny|21\/21
|turn|9
|choice|move icepunch|move acrobatics
|
|move|p2a: Fletchling|Acrobatics|p1a: Scraggy
|-supereffective|p1a: Scraggy
|-damage|p1a: Scraggy|1\/21
|move|p1a: Scraggy|Ice Punch|p2a: Fletchling
|-supereffective|p2a: Fletchling
|-damage|p2a: Fletchling|1\/21
|
|turn|10
|choice|move icepunch|move acrobatics
|
|move|p2a: Fletchling|Acrobatics|p1a: Scraggy
|-supereffective|p1a: Scraggy
|-damage|p1a: Scraggy|0 fnt
|faint|p1a: Scraggy
|
|c|★Kranky Krookodile|Ldldldldddl.dlx
|choice|switch 5|
|
|switch|p1a: Bulbasaur|Bulbasaur, L5, M|21\/21
|turn|11
|choice|move gigadrain|move uturn
|
|move|p2a: Fletchling|U-turn|p1a: Bulbasaur
|-damage|p1a: Bulbasaur|16\/21
|choice||switch 4
|
|switch|p2a: Aron|Aron, L5, M|22\/22
|move|p1a: Bulbasaur|Giga Drain|p2a: Aron
|-damage|p2a: Aron|13\/22
|-heal|p1a: Bulbasaur|21\/21|[from] drain|[of] p2a: Aron
|
|turn|12
|choice|move substitute|move ironhead
|
|move|p2a: Aron|Iron Head|p1a: Bulbasaur
|-crit|p1a: Bulbasaur
|-damage|p1a: Bulbasaur|5\/21
|move|p1a: Bulbasaur|Substitute|p1a: Bulbasaur
|-fail|p1a: Bulbasaur|move: Substitute|[weak]
|
|turn|13
|choice|move gigadrain|move ironhead
|
|move|p2a: Aron|Iron Head|p1a: Bulbasaur
|-crit|p1a: Bulbasaur
|-damage|p1a: Bulbasaur|0 fnt
|faint|p1a: Bulbasaur
|
|choice|switch 4|
|
|switch|p1a: Diglett|Diglett, L5, M|1\/17
|turn|14
|choice|move reversal|move ironhead
|
|move|p1a: Diglett|Reversal|p2a: Aron
|-supereffective|p2a: Aron
|-damage|p2a: Aron|0 fnt
|faint|p2a: Aron
|
|choice||switch 4
|
|switch|p2a: Fletchling|Fletchling, L5, M, shiny|1\/21
|turn|15
|choice|move suckerpunch|move acrobatics
|
|move|p2a: Fletchling|Acrobatics|p1a: Diglett
|-crit|p1a: Diglett
|-damage|p1a: Diglett|0 fnt
|faint|p1a: Diglett
|
|choice|switch 6|
|
|switch|p1a: Froakie|Froakie, L5, M|1\/20
|turn|16
|choice|move waterfall|move acrobatics
|
|move|p2a: Fletchling|Acrobatics|p1a: Froakie
|-damage|p1a: Froakie|0 fnt
|faint|p1a: Froakie
|
|win|Kranky Krookodile
|player|p1
|player|p2
|raw|heine_borel's rating: 1040 &rarr; <strong>1023<\/strong><br \/>(-17 for losing)
|raw|Kranky Krookodile's rating: 1015 &rarr; <strong>1055<\/strong><br \/>(+40 for winning)
|c|★Kranky Krookodile|Gg
|l|heine_borel</script>
</div>
<div class="battle-log battle-log-inline"><div class="inner"><div class="battle-options"></div><div class="inner"><div class="chat"><small>heine_borel joined.</small></div><div class="chat"><small>Kranky Krookodile joined.</small></div><div class=""><small>Format:</small> <br><strong>LC</strong></div><div class="rated"><strong>Rated battle</strong></div><div class=""><small><em>Sleep Clause Mod:</em> Limit one foe put to sleep</small></div><div class=""><small><em>Species Clause:</em> Limit one of each Pokémon</small></div><div class=""><small><em>OHKO Clause:</em> OHKO moves are banned</small></div><div class=""><small><em>Moody Clause:</em> Moody is banned</small></div><div class=""><small><em>Evasion Moves Clause:</em> Evasion moves are banned</small></div><div class=""><small><em>Endless Battle Clause:</em> Forcing endless battles is banned</small></div><div class=""><small><em>HP Percentage Mod:</em> HP is shown in percentages</small></div><div class="chat battle-history"><strong>heine_borel's team:</strong> <em style="color:#445566;display:block;">Taillow / Froakie / Diglett / Frillish / Bulbasaur / Scraggy</em></div><div class="chat battle-history"><strong>Kranky Krookodile's team:</strong> <em style="color:#445566;display:block;">Abra / Charmander / Fletchling / Aron / Dratini / Trapinch</em></div><div class="spacer battle-history"><br></div><div class="battle-history">Battle started between heine_borel and Kranky Krookodile!<br></div><div class="spacer battle-history"><br></div><div class="battle-history">Go! <strong>Frillish</strong>!<br></div><div class="spacer battle-history"><br></div><div class="battle-history">Kranky Krookodile sent out Why am I here? (<strong>Trapinch</strong>)!<br></div><div class="spacer battle-history"><br></div><h2 class="battle-history">Turn 1</h2><div class="spacer battle-history"><br></div><div class="battle-history">Frillish used <strong>Scald</strong>!<br></div><div class="battle-history"><small>It's super effective!</small><br></div><div class="battle-history"><small>(The opposing Why am I here? lost <abbr title="−18/21">85.7%</abbr> of its health!)</small><br></div><div class="spacer battle-history"><br></div><div class="battle-history">The opposing Why am I here? used <strong>Crunch</strong>!<br></div><div class="battle-history"><small>It's super effective!</small><br></div><div class="battle-history"><small>(Frillish lost <abbr title="−25/25">100%</abbr> of its health!)</small><br></div><div class="spacer battle-history"><br></div><div class="battle-history">Frillish fainted!<br></div><div class="spacer battle-history"><br></div><div class="battle-history">Go! <strong>Diglett</strong>!<br></div><div class="spacer battle-history"><br></div><h2 class="battle-history">Turn 2</h2><div class="chat chatmessage-krankykrookodile"><strong style="color:hsl(185,63%,44.738892189074065%)"><small>★</small><span class="username" data-name="Kranky Krookodile">Kranky Krookodile</span>:</strong> <em>Choice band op</em></div><div class="spacer battle-history"><br></div><div class="battle-history">Diglett used <strong>Rock Slide</strong>!<br></div><div class="battle-history"><small>It's not very effective...</small><br></div><div class="battle-history"><small>(The opposing Why am I here? lost <abbr title="−3/21">14.3%</abbr> of its health!)</small><br></div><div class="spacer battle-history"><br></div><div class="battle-history">The opposing Why am I here? fainted!<br></div><div class="spacer battle-history"><br></div><div class="battle-history">Kranky Krookodile sent out <strong>Dratini</strong>!<br></div><div class="spacer battle-history"><br></div><h2 class="battle-history">Turn 3</h2><div class="spacer battle-history"><br></div><div class="battle-history">Diglett used <strong>Earthquake</strong>!<br></div><div class="battle-history"><small>(The opposing Dratini lost <abbr title="−9/21">42.9%</abbr> of its health!)</small><br></div><div class="spacer battle-history"><br></div><div class="battle-history">The opposing Dratini used <strong>Surf</strong>!<br></div><div class="battle-history"><small>It's super effective!</small><br></div><div class="battle-history"><small>Diglett hung on using its Focus Sash!</small><br></div><div class="battle-history"><small>(Diglett lost <abbr title="−16/17">94.1%</abbr> of its health!)</small><br></div><div class="spacer battle-history"><br></div><h2 class="battle-history">Turn 4</h2><div class="spacer battle-history"><br></div><div class="battle-history">Diglett, come back!<br></div><div class="battle-history">Go! <strong>Taillow</strong>!<br></div><div class="spacer battle-history"><br></div><div class="battle-history">The opposing Dratini used <strong>Dragon Pulse</strong>!<br></div><div class="battle-history"><small>(Taillow lost <abbr title="−16/20">80%</abbr> of its health!)</small><br></div><div class="spacer battle-history"><br></div><div class="battle-history"><small>Taillow was badly poisoned!</small><br></div><div class="spacer battle-history"><br></div><h2 class="battle-history">Turn 5</h2><div class="spacer battle-history"><br></div><div class="battle-history">Taillow used <strong>Facade</strong>!<br></div><div class="battle-history"><small>(The opposing Dratini lost <abbr title="−12/21">57.1%</abbr> of its health!)</small><br></div><div class="spacer battle-history"><br></div><div class="battle-history">The opposing Dratini fainted!<br></div><div class="spacer battle-history"><br></div><div class="battle-history"><small>Taillow was hurt by poison!</small><br></div><div class="spacer battle-history"><br></div><div class="battle-history">Kranky Krookodile sent out <strong>Fletchling</strong>!<br></div><div class="spacer battle-history"><br></div><h2 class="battle-history">Turn 6</h2><div class="spacer battle-history"><br></div><div class="battle-history">The opposing Fletchling used <strong>Acrobatics</strong>!<br></div><div class="battle-history"><small>(Taillow lost <abbr title="−3/20">15%</abbr> of its health!)</small><br></div><div class="spacer battle-history"><br></div><div class="battle-history">Taillow fainted!<br></div><div class="spacer battle-history"><br></div><div class="battle-history">Go! <strong>Froakie</strong>!<br></div><div class="spacer battle-history"><br></div><h2 class="battle-history">Turn 7</h2><div class="spacer battle-history"><br></div><div class="battle-history">Kranky Krookodile withdrew Fletchling!<br></div><div class="battle-history">Kranky Krookodile sent out <strong>Charmander</strong>!<br></div><div class="spacer battle-history"><br></div><div class="battle-history">Froakie used <strong>Waterfall</strong>!<br></div><div class="battle-history"><small>It's super effective!</small><br></div><div class="battle-history"><small>(The opposing Charmander lost <abbr title="−20/20">100%</abbr> of its health!)</small><br></div><div class="spacer battle-history"><br></div><div class="battle-history">The opposing Charmander fainted!<br></div><div class="spacer battle-history"><br></div><div class="battle-history">Kranky Krookodile sent out <strong>Abra</strong>!<br></div><div class="spacer battle-history"><br></div><h2 class="battle-history">Turn 8</h2><div class="spacer battle-history"><br></div><div class="battle-history">The opposing Abra used <strong>Energy Ball</strong>!<br></div><div class="battle-history"><small>It's super effective!</small><br></div><div class="battle-history"><small>Froakie hung on using its Focus Sash!</small><br></div><div class="battle-history"><small>(Froakie lost <abbr title="−19/20">95%</abbr> of its health!)</small><br></div><div class="spacer battle-history"><br></div><div class="battle-history">Froakie used <strong>U-turn</strong>!<br></div><div class="spacer battle-history"><br></div><div class="battle-history"><small>[Froakie's Protean]</small><br><small>Froakie transformed into the Bug type!</small><br></div><div class="battle-history"><small>It's super effective!</small><br></div><div class="battle-history"><small>(The opposing Abra lost <abbr title="−19/19">100%</abbr> of its health!)</small><br></div><div class="spacer battle-history"><br></div><div class="battle-history">The opposing Abra fainted!<br></div><div class="spacer battle-history"><br></div><div class="battle-history">Froakie went back to heine_borel!<br></div><div class="battle-history">Go! <strong>Scraggy</strong>!<br></div><div class="spacer battle-history"><br></div><div class="battle-history">Kranky Krookodile sent out <strong>Fletchling</strong>!<br></div><div class="spacer battle-history"><br></div><h2 class="battle-history">Turn 9</h2><div class="spacer battle-history"><br></div><div class="battle-history">The opposing Fletchling used <strong>Acrobatics</strong>!<br></div><div class="battle-history"><small>It's super effective!</small><br></div><div class="battle-history"><small>(Scraggy lost <abbr title="−20/21">95.2%</abbr> of its health!)</small><br></div><div class="spacer battle-history"><br></div><div class="battle-history">Scraggy used <strong>Ice Punch</strong>!<br></div><div class="battle-history"><small>It's super effective!</small><br></div><div class="battle-history"><small>(The opposing Fletchling lost <abbr title="−20/21">95.2%</abbr> of its health!)</small><br></div><div class="spacer battle-history"><br></div><h2 class="battle-history">Turn 10</h2><div class="spacer battle-history"><br></div><div class="battle-history">The opposing Fletchling used <strong>Acrobatics</strong>!<br></div><div class="battle-history"><small>It's super effective!</small><br></div><div class="battle-history"><small>(Scraggy lost <abbr title="−1/21">4.8%</abbr> of its health!)</small><br></div><div class="spacer battle-history"><br></div><div class="battle-history">Scraggy fainted!<br></div><div class="chat chatmessage-krankykrookodile"><strong style="color:hsl(185,63%,44.738892189074065%)"><small>★</small><span class="username" data-name="Kranky Krookodile">Kranky Krookodile</span>:</strong> <em>Ldldldldddl.dlx</em></div><div class="spacer battle-history"><br></div><div class="battle-history">Go! <strong>Bulbasaur</strong>!<br></div><div class="spacer battle-history"><br></div><h2 class="battle-history">Turn 11</h2><div class="spacer battle-history"><br></div><div class="battle-history">The opposing Fletchling used <strong>U-turn</strong>!<br></div><div class="battle-history"><small>(Bulbasaur lost <abbr title="−5/21">23.8%</abbr> of its health!)</small><br></div><div class="spacer battle-history"><br></div><div class="battle-history">The opposing Fletchling went back to Kranky Krookodile!<br></div><div class="battle-history">Kranky Krookodile sent out <strong>Aron</strong>!<br></div><div class="spacer battle-history"><br></div><div class="battle-history">Bulbasaur used <strong>Giga Drain</strong>!<br></div><div class="battle-history"><small>(The opposing Aron lost <abbr title="−9/22">40.9%</abbr> of its health!)</small><br></div><div class="battle-history"><small>The opposing Aron had its energy drained!</small><br></div><div class="spacer battle-history"><br></div><h2 class="battle-history">Turn 12</h2><div class="spacer battle-history"><br></div><div class="battle-history">The opposing Aron used <strong>Iron Head</strong>!<br></div><div class="battle-history"><small>A critical hit!</small><br></div><div class="battle-history"><small>(Bulbasaur lost <abbr title="−16/21">76.2%</abbr> of its health!)</small><br></div><div class="spacer battle-history"><br></div><div class="battle-history">Bulbasaur used <strong>Substitute</strong>!<br></div><div class="battle-history"><small>But it does not have enough HP left to make a substitute!</small><br></div><div class="spacer battle-history"><br></div><h2 class="battle-history">Turn 13</h2><div class="spacer battle-history"><br></div><div class="battle-history">The opposing Aron used <strong>Iron Head</strong>!<br></div><div class="battle-history"><small>A critical hit!</small><br></div><div class="battle-history"><small>(Bulbasaur lost <abbr title="−5/21">23.8%</abbr> of its health!)</small><br></div><div class="spacer battle-history"><br></div><div class="battle-history">Bulbasaur fainted!<br></div><div class="spacer battle-history"><br></div><div class="battle-history">Go! <strong>Diglett</strong>!<br></div><div class="spacer battle-history"><br></div><h2 class="battle-history">Turn 14</h2><div class="spacer battle-history"><br></div><div class="battle-history">Diglett used <strong>Reversal</strong>!<br></div><div class="battle-history"><small>It's super effective!</small><br></div><div class="battle-history"><small>(The opposing Aron lost <abbr title="−13/22">59.1%</abbr> of its health!)</small><br></div><div class="spacer battle-history"><br></div><div class="battle-history">The opposing Aron fainted!<br></div><div class="spacer battle-history"><br></div><div class="battle-history">Kranky Krookodile sent out <strong>Fletchling</strong>!<br></div><div class="spacer battle-history"><br></div><h2 class="battle-history">Turn 15</h2><div class="spacer battle-history"><br></div><div class="battle-history">The opposing Fletchling used <strong>Acrobatics</strong>!<br></div><div class="battle-history"><small>A critical hit!</small><br></div><div class="battle-history"><small>(Diglett lost <abbr title="−1/17">5.9%</abbr> of its health!)</small><br></div><div class="spacer battle-history"><br></div><div class="battle-history">Diglett fainted!<br></div><div class="spacer battle-history"><br></div><div class="battle-history">Go! <strong>Froakie</strong>!<br></div><div class="spacer battle-history"><br></div><h2 class="battle-history">Turn 16</h2><div class="spacer battle-history"><br></div><div class="battle-history">The opposing Fletchling used <strong>Acrobatics</strong>!<br></div><div class="battle-history"><small>(Froakie lost <abbr title="−1/20">5%</abbr> of its health!)</small><br></div><div class="spacer battle-history"><br></div><div class="battle-history">Froakie fainted!<br></div><div class="spacer battle-history"><br></div><div class="battle-history"><strong>Kranky Krookodile</strong> won the battle!<br></div><div class="chat">heine_borel's rating: 1040 → <strong>1023</strong><br>(-17 for losing)</div><div class="chat">Kranky Krookodile's rating: 1015 → <strong>1055</strong><br>(+40 for winning)</div><div class="chat chatmessage-krankykrookodile"><strong style="color:hsl(185,63%,44.738892189074065%)"><small>★</small><span class="username" data-name="Kranky Krookodile">Kranky Krookodile</span>:</strong> <em>Gg</em></div><div class="chat"><small>heine_borel left.</small></div></div><div class="inner-preempt"></div></div></div>
</div>
<script>
let daily = Math.floor(Date.now()/1000/60/60/24);document.write('<script src="https://play.pokemonshowdown.com/js/replay-embed.js?version'+daily+'"></'+'script>');
</script>
