<!DOCTYPE html>
<meta charset="utf-8" />
<!-- version 1 -->
<title>LC replay: chemcoop vs. DannyTF</title>
<style>
html,body {font-family:Verdana, sans-serif;font-size:10pt;margin:0;padding:0;}body{padding:12px 0;} .battle-log {font-family:Verdana, sans-serif;font-size:10pt;} .battle-log-inline {border:1px solid #AAAAAA;background:#EEF2F5;color:black;max-width:640px;margin:0 auto 80px;padding-bottom:5px;} .battle-log .inner {padding:4px 8px 0px 8px;} .battle-log .inner-preempt {padding:0 8px 4px 8px;} .battle-log .inner-after {margin-top:0.5em;} .battle-log h2 {margin:0.5em -8px;padding:4px 8px;border:1px solid #AAAAAA;background:#E0E7EA;border-left:0;border-right:0;font-family:Verdana, sans-serif;font-size:13pt;} .battle-log .chat {vertical-align:middle;padding:3px 0 3px 0;font-size:8pt;} .battle-log .chat strong {color:#40576A;} .battle-log .chat em {padding:1px 4px 1px 3px;color:#000000;font-style:normal;} .chat.mine {background:rgba(0,0,0,0.05);margin-left:-8px;margin-right:-8px;padding-left:8px;padding-right:8px;} .spoiler {color:#BBBBBB;background:#BBBBBB;padding:0px 3px;} .spoiler:hover, .spoiler:active, .spoiler-shown {color:#000000;background:#E2E2E2;padding:0px 3px;} .spoiler a {color:#BBBBBB;} .spoiler:hover a, .spoiler:active a, .spoiler-shown a {color:#2288CC;} .chat code, .chat .spoiler:hover code, .chat .spoiler:active code, .chat .spoiler-shown code {border:1px solid #C0C0C0;background:#EEEEEE;color:black;padding:0 2px;} .chat .spoiler code {border:1px solid #CCCCCC;background:#CCCCCC;color:#CCCCCC;} .battle-log .rated {padding:3px 4px;} .battle-log .rated strong {color:white;background:#89A;padding:1px 4px;border-radius:4px;} .spacer {margin-top:0.5em;} .message-announce {background:#6688AA;color:white;padding:1px 4px 2px;} .message-announce a, .broadcast-green a, .broadcast-blue a, .broadcast-red a {color:#DDEEFF;} .broadcast-green {background-color:#559955;color:white;padding:2px 4px;} .broadcast-blue {background-color:#6688AA;color:white;padding:2px 4px;} .infobox {border:1px solid #6688AA;padding:2px 4px;} .infobox-limited {max-height:200px;overflow:auto;overflow-x:hidden;} .broadcast-red {background-color:#AA5544;color:white;padding:2px 4px;} .message-learn-canlearn {font-weight:bold;color:#228822;text-decoration:underline;} .message-learn-cannotlearn {font-weight:bold;color:#CC2222;text-decoration:underline;} .message-effect-weak {font-weight:bold;color:#CC2222;} .message-effect-resist {font-weight:bold;color:#6688AA;} .message-effect-immune {font-weight:bold;color:#666666;} .message-learn-list {margin-top:0;margin-bottom:0;} .message-throttle-notice, .message-error {color:#992222;} .message-overflow, .chat small.message-overflow {font-size:0pt;} .message-overflow::before {font-size:9pt;content:'...';} .subtle {color:#3A4A66;}
</style>
<div class="wrapper replay-wrapper" style="max-width:1180px;margin:0 auto">
<input type="hidden" name="replayid" value="lc-480836966" />
<div class="battle"></div><div class="battle-log"></div><div class="replay-controls"></div><div class="replay-controls-2"></div>
<h1 style="font-weight:normal;text-align:center"><strong>LC</strong><br /><a href="http://pokemonshowdown.com/users/chemcoop" class="subtle" target="_blank">chemcoop</a> vs. <a href="http://pokemonshowdown.com/users/dannytf" class="subtle" target="_blank">DannyTF</a></h1>
<script type="text/plain" class="battle-log-data">|j|chemcoop
|j|DannyTF
|player|p1|chemcoop|294
|player|p2|DannyTF|147
|gametype|singles
|gen|6
|tier|LC
|seed|17930,55530,65066,31733
|clearpoke
|poke|p1|Foongus, L5, M|item
|poke|p1|Gastly, L5, M|item
|poke|p1|Larvitar, L5, M|item
|poke|p1|Taillow, L5, F|item
|poke|p1|Lickitung, L5, M, shiny|item
|poke|p1|Clamperl, L5, M, shiny|item
|poke|p2|Gothita, L5, M|item
|poke|p2|Pawniard, L5, M|item
|poke|p2|Budew, L5, M|item
|poke|p2|Yamask, L5, M|item
|poke|p2|Honedge, L5, F|item
|poke|p2|Slugma, L5, F|item
|rule|Sleep Clause Mod: Limit one foe put to sleep
|rule|Species Clause: Limit one of each Pokémon
|rule|OHKO Clause: OHKO moves are banned
|rule|Moody Clause: Moody is banned
|rule|Evasion Moves Clause: Evasion moves are banned
|rule|Endless Battle Clause: Forcing endless battles is banned
|rule|HP Percentage Mod: HP is shown in percentages
|teampreview
|c|★chemcoop|gl hf
|c|★DannyTF|Same man =)
|choice|team 4, team 2, team 3, team 1, team 5, team 6|team 4, team 2, team 3, team 1, team 5, team 6
|
|start
|switch|p1a: Taillow Swift|Taillow, L5, F|21\/21
|switch|p2a: Yamask|Yamask, L5, M|21\/21
|turn|1
|choice|move uturn|move knockoff
|
|move|p1a: Taillow Swift|U-turn|p2a: Yamask
|-resisted|p2a: Yamask
|-damage|p2a: Yamask|20\/21
|-activate|p2a: Yamask|ability: Mummy|Scrappy|[of] p1a: Taillow Swift
|choice|switch 6|
|
|switch|p1a: GET THIS MONEY|Clamperl, L5, M, shiny|21\/21
|move|p2a: Yamask|Knock Off|p1a: GET THIS MONEY
|-damage|p1a: GET THIS MONEY|16\/21
|-enditem|p1a: GET THIS MONEY|DeepSeaTooth|[from] move: Knock Off|[of] p2a: Yamask
|
|turn|2
|choice|move surf|move energyball
|
|move|p1a: GET THIS MONEY|Surf|p2a: Yamask
|-damage|p2a: Yamask|11\/21
|move|p2a: Yamask|Energy Ball|p1a: GET THIS MONEY
|-supereffective|p1a: GET THIS MONEY
|-damage|p1a: GET THIS MONEY|0 fnt
|faint|p1a: GET THIS MONEY
|
|choice|switch 2|
|
|switch|p1a: 3spooky5me|Gastly, L5, M|19\/19
|turn|3
|choice|move shadowball|switch 3
|
|switch|p2a: Budew|Budew, L5, M|21\/21
|move|p1a: 3spooky5me|Shadow Ball|p2a: Budew
|-damage|p2a: Budew|14\/21
|
|turn|4
|choice|switch 4|move synthesis
|
|switch|p1a: Yung Shroom|Foongus, L5, M|25\/25
|move|p2a: Budew|Synthesis|p2a: Budew
|-heal|p2a: Budew|21\/21
|
|turn|5
|choice|switch 3|move spikes
|
|switch|p1a: mini Godzilla|Larvitar, L5, M|22\/22
|move|p2a: Budew|Spikes|p1a: mini Godzilla
|-sidestart|p1: chemcoop|Spikes
|
|turn|6
|choice|switch 3|move gigadrain
|
|switch|p1a: Yung Shroom|Foongus, L5, M|25\/25
|-damage|p1a: Yung Shroom|22\/25|[from] Spikes
|move|p2a: Budew|Giga Drain|p1a: Yung Shroom
|-resisted|p1a: Yung Shroom
|-damage|p1a: Yung Shroom|21\/25
|
|turn|7
|choice|move spore|move spikes
|
|move|p2a: Budew|Spikes|p1a: Yung Shroom
|-sidestart|p1: chemcoop|Spikes
|move|p1a: Yung Shroom|Spore|p2a: Budew
|-immune|p2a: Budew|[msg]
|
|turn|8
|c|★DannyTF|Doessnt work on grass types.
|choice|move sludgebomb|move extrasensory
|
|move|p2a: Budew|Extrasensory|p1a: Yung Shroom
|-supereffective|p1a: Yung Shroom
|-damage|p1a: Yung Shroom|13\/25
|move|p1a: Yung Shroom|Sludge Bomb|p2a: Budew
|-damage|p2a: Budew|15\/21
|
|turn|9
|c|★chemcoop|lol i know
|choice|move sludgebomb|move extrasensory
|
|move|p2a: Budew|Extrasensory|p1a: Yung Shroom
|-supereffective|p1a: Yung Shroom
|-damage|p1a: Yung Shroom|5\/25
|cant|p1a: Yung Shroom|flinch
|
|turn|10
|choice|switch 5|move extrasensory
|
|switch|p1a: creepy af|Lickitung, L5, M, shiny|28\/28
|-damage|p1a: creepy af|24\/28|[from] Spikes
|move|p2a: Budew|Extrasensory|p1a: creepy af
|-damage|p1a: creepy af|19\/28
|
|turn|11
|choice|move knockoff|switch 6
|
|switch|p2a: Slugma|Slugma, L5, F|23\/23
|move|p1a: creepy af|Knock Off|p2a: Slugma
|-damage|p2a: Slugma|18\/23
|-enditem|p2a: Slugma|Eviolite|[from] move: Knock Off|[of] p1a: creepy af
|
|turn|12
|choice|switch 3|move lavaplume
|
|switch|p1a: mini Godzilla|Larvitar, L5, M|22\/22
|-damage|p1a: mini Godzilla|19\/22|[from] Spikes
|move|p2a: Slugma|Lava Plume|p1a: mini Godzilla
|-resisted|p1a: mini Godzilla
|-damage|p1a: mini Godzilla|14\/22
|
|turn|13
|choice|move earthquake|switch 5
|
|switch|p2a: Honedge|Honedge, L5, F|21\/21
|move|p1a: mini Godzilla|Earthquake|p2a: Honedge
|-supereffective|p2a: Honedge
|-damage|p2a: Honedge|7\/21
|
|turn|14
|choice|move earthquake|switch 6
|
|switch|p2a: Budew|Budew, L5, M|15\/21
|move|p1a: mini Godzilla|Earthquake|p2a: Budew
|-damage|p2a: Budew|5\/21
|
|turn|15
|choice|move earthquake|move gigadrain
|
|move|p1a: mini Godzilla|Earthquake|p2a: Budew
|-damage|p2a: Budew|0 fnt
|faint|p2a: Budew
|
|choice||switch 4
|
|switch|p2a: Gothita|Gothita, L5, M|21\/21
|turn|16
|choice|move earthquake|move energyball
|
|move|p2a: Gothita|Energy Ball|p1a: mini Godzilla
|-supereffective|p1a: mini Godzilla
|-damage|p1a: mini Godzilla|0 fnt
|faint|p1a: mini Godzilla
|
|choice|switch 4|
|
|switch|p1a: 3spooky5me|Gastly, L5, M|19\/19
|turn|17
|choice|move hiddenpower|switch 2
|
|switch|p2a: Pawniard|Pawniard, L5, M|21\/21
|move|p1a: 3spooky5me|Hidden Power|p2a: Pawniard
|-supereffective|p2a: Pawniard
|-damage|p2a: Pawniard|0 fnt
|faint|p2a: Pawniard
|
|c|★DannyTF|Good lay man
|c|★chemcoop|thanks
|choice||switch 6
|
|switch|p2a: Honedge|Honedge, L5, F|7\/21
|turn|18
|choice|switch 5|move shadowsneak
|
|switch|p1a: Yung Shroom|Foongus, L5, M|13\/25
|-damage|p1a: Yung Shroom|9\/25|[from] Spikes
|move|p2a: Honedge|Shadow Sneak|p1a: Yung Shroom
|-damage|p1a: Yung Shroom|5\/25
|
|turn|19
|choice|move spore|move ironhead
|
|move|p2a: Honedge|Iron Head|p1a: Yung Shroom
|-damage|p1a: Yung Shroom|0 fnt
|faint|p1a: Yung Shroom
|
|choice|switch 3|
|
|switch|p1a: creepy af|Lickitung, L5, M, shiny|19\/28
|-damage|p1a: creepy af|15\/28|[from] Spikes
|turn|20
|choice|move knockoff|switch 5
|
|switch|p2a: Slugma|Slugma, L5, F|18\/23
|move|p1a: creepy af|Knock Off|p2a: Slugma
|-damage|p2a: Slugma|13\/23
|
|turn|21
|choice|move bodyslam|move recover
|
|move|p1a: creepy af|Body Slam|p2a: Slugma
|-damage|p2a: Slugma|4\/23
|move|p2a: Slugma|Recover|p2a: Slugma
|-heal|p2a: Slugma|16\/23
|
|turn|22
|choice|move bodyslam|move recover
|
|move|p1a: creepy af|Body Slam|p2a: Slugma
|-damage|p2a: Slugma|7\/23
|-status|p1a: creepy af|brn|[from] ability: Flame Body|[of] p2a: Slugma
|-status|p2a: Slugma|par
|move|p2a: Slugma|Recover|p2a: Slugma
|-heal|p2a: Slugma|19\/23 par
|
|-damage|p1a: creepy af|12\/28 brn|[from] brn
|turn|23
|choice|move bodyslam|move recover
|
|move|p1a: creepy af|Body Slam|p2a: Slugma
|-damage|p2a: Slugma|15\/23 par
|move|p2a: Slugma|Recover|p2a: Slugma
|-heal|p2a: Slugma|23\/23 par
|
|-damage|p1a: creepy af|9\/28 brn|[from] brn
|turn|24
|choice|switch 6|move rockslide
|
|switch|p1a: Taillow Swift|Taillow, L5, F|21\/21
|move|p2a: Slugma|Rock Slide|p1a: Taillow Swift
|-supereffective|p1a: Taillow Swift
|-damage|p1a: Taillow Swift|7\/21
|
|turn|25
|choice|move bravebird|move lavaplume
|
|move|p1a: Taillow Swift|Brave Bird|p2a: Slugma
|-damage|p2a: Slugma|10\/23 par
|-damage|p1a: Taillow Swift|3\/21|[from] recoil|[of] p2a: Slugma
|move|p2a: Slugma|Lava Plume|p1a: Taillow Swift
|-damage|p1a: Taillow Swift|0 fnt
|faint|p1a: Taillow Swift
|
|choice|switch 5|
|
|switch|p1a: 3spooky5me|Gastly, L5, M|19\/19
|turn|26
|choice|move shadowball|move recover
|
|move|p1a: 3spooky5me|Shadow Ball|p2a: Slugma
|-damage|p2a: Slugma|0 fnt
|faint|p2a: Slugma
|
|choice||switch 5
|
|switch|p2a: Honedge|Honedge, L5, F|7\/21
|turn|27
|choice|move shadowball|move shadowsneak
|
|move|p2a: Honedge|Shadow Sneak|p1a: 3spooky5me
|-supereffective|p1a: 3spooky5me
|-enditem|p1a: 3spooky5me|Focus Sash
|-damage|p1a: 3spooky5me|1\/19
|move|p1a: 3spooky5me|Shadow Ball|p2a: Honedge
|-supereffective|p2a: Honedge
|-damage|p2a: Honedge|0 fnt
|faint|p2a: Honedge
|
|choice||switch 2
|
|switch|p2a: Gothita|Gothita, L5, M|21\/21
|turn|28
|c|★chemcoop|gg
|choice|move destinybond|move psychic
|
|move|p2a: Gothita|Psychic|p1a: 3spooky5me
|-supereffective|p1a: 3spooky5me
|-damage|p1a: 3spooky5me|0 fnt
|faint|p1a: 3spooky5me
|
|choice|switch 6|
|
|switch|p1a: creepy af|Lickitung, L5, M, shiny|9\/28 brn
|-damage|p1a: creepy af|5\/28 brn|[from] Spikes
|turn|29
|c|★DannyTF|Good game man
|choice|move knockoff|move psychic
|
|move|p2a: Gothita|Psychic|p1a: creepy af
|-damage|p1a: creepy af|0 fnt
|faint|p1a: creepy af
|
|win|DannyTF
|player|p1
|player|p2
|c|★chemcoop|gl against chesvy</script>
</div>
<div class="battle-log battle-log-inline"><div class="inner"><div class="battle-options"></div><div class="inner"><div class="chat"><small>chemcoop joined.</small></div><div class="chat"><small>DannyTF joined.</small></div><div class=""><small>Format:</small> <br><strong>LC</strong></div><div class=""><small><em>Sleep Clause Mod:</em> Limit one foe put to sleep</small></div><div class=""><small><em>Species Clause:</em> Limit one of each Pokémon</small></div><div class=""><small><em>OHKO Clause:</em> OHKO moves are banned</small></div><div class=""><small><em>Moody Clause:</em> Moody is banned</small></div><div class=""><small><em>Evasion Moves Clause:</em> Evasion moves are banned</small></div><div class=""><small><em>Endless Battle Clause:</em> Forcing endless battles is banned</small></div><div class=""><small><em>HP Percentage Mod:</em> HP is shown in percentages</small></div><div class="chat battle-history"><strong>chemcoop's team:</strong> <em style="color:#445566;display:block;">Foongus / Gastly / Larvitar / Taillow / Lickitung / Clamperl</em></div><div class="chat battle-history"><strong>DannyTF's team:</strong> <em style="color:#445566;display:block;">Gothita / Pawniard / Budew / Yamask / Honedge / Slugma</em></div><div class="chat chatmessage-chemcoop"><strong style="color:hsl(297,75%,45%)"><small>★</small><span class="username" data-name="chemcoop">chemcoop</span>:</strong> <em>gl hf</em></div><div class="chat chatmessage-dannytf"><strong style="color:hsl(1,49%,51.726563338090216%)"><small>★</small><span class="username" data-name="DannyTF">DannyTF</span>:</strong> <em>Same man =)</em></div><div class="spacer battle-history"><br></div><div class="battle-history">Battle started between chemcoop and DannyTF!<br></div><div class="spacer battle-history"><br></div><div class="battle-history">Go! Taillow Swift (<strong>Taillow</strong>)!<br></div><div class="spacer battle-history"><br></div><div class="battle-history">DannyTF sent out <strong>Yamask</strong>!<br></div><div class="spacer battle-history"><br></div><h2 class="battle-history">Turn 1</h2><div class="spacer battle-history"><br></div><div class="battle-history">Taillow Swift used <strong>U-turn</strong>!<br></div><div class="battle-history"><small>It's not very effective...</small><br></div><div class="battle-history"><small>(The opposing Yamask lost <abbr title="−1/21">4.8%</abbr> of its health!)</small><br></div><div class="battle-history"><small>[The opposing Yamask's Mummy]</small><br><small>[Taillow Swift's Scrappy]</small><br><small>[Taillow Swift's Mummy]</small><br><small>Taillow Swift's Ability became Mummy!</small><br></div><div class="spacer battle-history"><br></div><div class="battle-history">Taillow Swift went back to chemcoop!<br></div><div class="battle-history">Go! GET THIS MONEY (<strong>Clamperl</strong>)!<br></div><div class="spacer battle-history"><br></div><div class="battle-history">The opposing Yamask used <strong>Knock Off</strong>!<br></div><div class="battle-history"><small>(GET THIS MONEY lost <abbr title="−5/21">23.8%</abbr> of its health!)</small><br></div><div class="battle-history"><small>The opposing Yamask knocked off GET THIS MONEY's DeepSeaTooth!</small><br></div><div class="spacer battle-history"><br></div><h2 class="battle-history">Turn 2</h2><div class="spacer battle-history"><br></div><div class="battle-history">GET THIS MONEY used <strong>Surf</strong>!<br></div><div class="battle-history"><small>(The opposing Yamask lost <abbr title="−9/21">42.9%</abbr> of its health!)</small><br></div><div class="spacer battle-history"><br></div><div class="battle-history">The opposing Yamask used <strong>Energy Ball</strong>!<br></div><div class="battle-history"><small>It's super effective!</small><br></div><div class="battle-history"><small>(GET THIS MONEY lost <abbr title="−16/21">76.2%</abbr> of its health!)</small><br></div><div class="spacer battle-history"><br></div><div class="battle-history">GET THIS MONEY fainted!<br></div><div class="spacer battle-history"><br></div><div class="battle-history">Go! 3spooky5me (<strong>Gastly</strong>)!<br></div><div class="spacer battle-history"><br></div><h2 class="battle-history">Turn 3</h2><div class="spacer battle-history"><br></div><div class="battle-history">DannyTF withdrew Yamask!<br></div><div class="battle-history">DannyTF sent out <strong>Budew</strong>!<br></div><div class="spacer battle-history"><br></div><div class="battle-history">3spooky5me used <strong>Shadow Ball</strong>!<br></div><div class="battle-history"><small>(The opposing Budew lost <abbr title="−7/21">33.3%</abbr> of its health!)</small><br></div><div class="spacer battle-history"><br></div><h2 class="battle-history">Turn 4</h2><div class="spacer battle-history"><br></div><div class="battle-history">3spooky5me, come back!<br></div><div class="battle-history">Go! Yung Shroom (<strong>Foongus</strong>)!<br></div><div class="spacer battle-history"><br></div><div class="battle-history">The opposing Budew used <strong>Synthesis</strong>!<br></div><div class="battle-history"><small>The opposing Budew restored its HP.</small><br></div><div class="spacer battle-history"><br></div><h2 class="battle-history">Turn 5</h2><div class="spacer battle-history"><br></div><div class="battle-history">Yung Shroom, come back!<br></div><div class="battle-history">Go! mini Godzilla (<strong>Larvitar</strong>)!<br></div><div class="spacer battle-history"><br></div><div class="battle-history">The opposing Budew used <strong>Spikes</strong>!<br></div><div class="battle-history"><small>Spikes were scattered on the ground all around your team!</small><br></div><div class="spacer battle-history"><br></div><h2 class="battle-history">Turn 6</h2><div class="spacer battle-history"><br></div><div class="battle-history">mini Godzilla, come back!<br></div><div class="battle-history">Go! Yung Shroom (<strong>Foongus</strong>)!<br></div><div class="battle-history"><small>Yung Shroom is hurt by the spikes!</small><br></div><div class="spacer battle-history"><br></div><div class="battle-history">The opposing Budew used <strong>Giga Drain</strong>!<br></div><div class="battle-history"><small>It's not very effective...</small><br></div><div class="battle-history"><small>(Yung Shroom lost <abbr title="−1/25">4%</abbr> of its health!)</small><br></div><div class="spacer battle-history"><br></div><h2 class="battle-history">Turn 7</h2><div class="spacer battle-history"><br></div><div class="battle-history">The opposing Budew used <strong>Spikes</strong>!<br></div><div class="battle-history"><small>Spikes were scattered on the ground all around your team!</small><br></div><div class="spacer battle-history"><br></div><div class="battle-history">Yung Shroom used <strong>Spore</strong>!<br></div><div class="battle-history"><small>It doesn't affect the opposing Budew...</small><br></div><div class="spacer battle-history"><br></div><h2 class="battle-history">Turn 8</h2><div class="chat chatmessage-dannytf"><strong style="color:hsl(1,49%,51.726563338090216%)"><small>★</small><span class="username" data-name="DannyTF">DannyTF</span>:</strong> <em>Doessnt work on grass types.</em></div><div class="spacer battle-history"><br></div><div class="battle-history">The opposing Budew used <strong>Extrasensory</strong>!<br></div><div class="battle-history"><small>It's super effective!</small><br></div><div class="battle-history"><small>(Yung Shroom lost <abbr title="−8/25">32%</abbr> of its health!)</small><br></div><div class="spacer battle-history"><br></div><div class="battle-history">Yung Shroom used <strong>Sludge Bomb</strong>!<br></div><div class="battle-history"><small>(The opposing Budew lost <abbr title="−6/21">28.6%</abbr> of its health!)</small><br></div><div class="spacer battle-history"><br></div><h2 class="battle-history">Turn 9</h2><div class="chat chatmessage-chemcoop"><strong style="color:hsl(297,75%,45%)"><small>★</small><span class="username" data-name="chemcoop">chemcoop</span>:</strong> <em>lol i know</em></div><div class="spacer battle-history"><br></div><div class="battle-history">The opposing Budew used <strong>Extrasensory</strong>!<br></div><div class="battle-history"><small>It's super effective!</small><br></div><div class="battle-history"><small>(Yung Shroom lost <abbr title="−8/25">32%</abbr> of its health!)</small><br></div><div class="spacer battle-history"><br></div><div class="battle-history">Yung Shroom flinched and couldn't move!<br></div><div class="spacer battle-history"><br></div><h2 class="battle-history">Turn 10</h2><div class="spacer battle-history"><br></div><div class="battle-history">Yung Shroom, come back!<br></div><div class="battle-history">Go! creepy af (<strong>Lickitung</strong>)!<br></div><div class="battle-history"><small>creepy af is hurt by the spikes!</small><br></div><div class="spacer battle-history"><br></div><div class="battle-history">The opposing Budew used <strong>Extrasensory</strong>!<br></div><div class="battle-history"><small>(creepy af lost <abbr title="−5/28">17.9%</abbr> of its health!)</small><br></div><div class="spacer battle-history"><br></div><h2 class="battle-history">Turn 11</h2><div class="spacer battle-history"><br></div><div class="battle-history">DannyTF withdrew Budew!<br></div><div class="battle-history">DannyTF sent out <strong>Slugma</strong>!<br></div><div class="spacer battle-history"><br></div><div class="battle-history">creepy af used <strong>Knock Off</strong>!<br></div><div class="battle-history"><small>(The opposing Slugma lost <abbr title="−5/23">21.7%</abbr> of its health!)</small><br></div><div class="battle-history"><small>creepy af knocked off the opposing Slugma's Eviolite!</small><br></div><div class="spacer battle-history"><br></div><h2 class="battle-history">Turn 12</h2><div class="spacer battle-history"><br></div><div class="battle-history">creepy af, come back!<br></div><div class="battle-history">Go! mini Godzilla (<strong>Larvitar</strong>)!<br></div><div class="battle-history"><small>mini Godzilla is hurt by the spikes!</small><br></div><div class="spacer battle-history"><br></div><div class="battle-history">The opposing Slugma used <strong>Lava Plume</strong>!<br></div><div class="battle-history"><small>It's not very effective...</small><br></div><div class="battle-history"><small>(mini Godzilla lost <abbr title="−5/22">22.7%</abbr> of its health!)</small><br></div><div class="spacer battle-history"><br></div><h2 class="battle-history">Turn 13</h2><div class="spacer battle-history"><br></div><div class="battle-history">DannyTF withdrew Slugma!<br></div><div class="battle-history">DannyTF sent out <strong>Honedge</strong>!<br></div><div class="spacer battle-history"><br></div><div class="battle-history">mini Godzilla used <strong>Earthquake</strong>!<br></div><div class="battle-history"><small>It's super effective!</small><br></div><div class="battle-history"><small>(The opposing Honedge lost <abbr title="−14/21">66.7%</abbr> of its health!)</small><br></div><div class="spacer battle-history"><br></div><h2 class="battle-history">Turn 14</h2><div class="spacer battle-history"><br></div><div class="battle-history">DannyTF withdrew Honedge!<br></div><div class="battle-history">DannyTF sent out <strong>Budew</strong>!<br></div><div class="spacer battle-history"><br></div><div class="battle-history">mini Godzilla used <strong>Earthquake</strong>!<br></div><div class="battle-history"><small>(The opposing Budew lost <abbr title="−10/21">47.6%</abbr> of its health!)</small><br></div><div class="spacer battle-history"><br></div><h2 class="battle-history">Turn 15</h2><div class="spacer battle-history"><br></div><div class="battle-history">mini Godzilla used <strong>Earthquake</strong>!<br></div><div class="battle-history"><small>(The opposing Budew lost <abbr title="−5/21">23.8%</abbr> of its health!)</small><br></div><div class="spacer battle-history"><br></div><div class="battle-history">The opposing Budew fainted!<br></div><div class="spacer battle-history"><br></div><div class="battle-history">DannyTF sent out <strong>Gothita</strong>!<br></div><div class="spacer battle-history"><br></div><h2 class="battle-history">Turn 16</h2><div class="spacer battle-history"><br></div><div class="battle-history">The opposing Gothita used <strong>Energy Ball</strong>!<br></div><div class="battle-history"><small>It's super effective!</small><br></div><div class="battle-history"><small>(mini Godzilla lost <abbr title="−14/22">63.6%</abbr> of its health!)</small><br></div><div class="spacer battle-history"><br></div><div class="battle-history">mini Godzilla fainted!<br></div><div class="spacer battle-history"><br></div><div class="battle-history">Go! 3spooky5me (<strong>Gastly</strong>)!<br></div><div class="spacer battle-history"><br></div><h2 class="battle-history">Turn 17</h2><div class="spacer battle-history"><br></div><div class="battle-history">DannyTF withdrew Gothita!<br></div><div class="battle-history">DannyTF sent out <strong>Pawniard</strong>!<br></div><div class="spacer battle-history"><br></div><div class="battle-history">3spooky5me used <strong>Hidden Power</strong>!<br></div><div class="battle-history"><small>It's super effective!</small><br></div><div class="battle-history"><small>(The opposing Pawniard lost <abbr title="−21/21">100%</abbr> of its health!)</small><br></div><div class="spacer battle-history"><br></div><div class="battle-history">The opposing Pawniard fainted!<br></div><div class="chat chatmessage-dannytf"><strong style="color:hsl(1,49%,51.726563338090216%)"><small>★</small><span class="username" data-name="DannyTF">DannyTF</span>:</strong> <em>Good lay man</em></div><div class="chat chatmessage-chemcoop"><strong style="color:hsl(297,75%,45%)"><small>★</small><span class="username" data-name="chemcoop">chemcoop</span>:</strong> <em>thanks</em></div><div class="spacer battle-history"><br></div><div class="battle-history">DannyTF sent out <strong>Honedge</strong>!<br></div><div class="spacer battle-history"><br></div><h2 class="battle-history">Turn 18</h2><div class="spacer battle-history"><br></div><div class="battle-history">3spooky5me, come back!<br></div><div class="battle-history">Go! Yung Shroom (<strong>Foongus</strong>)!<br></div><div class="battle-history"><small>Yung Shroom is hurt by the spikes!</small><br></div><div class="spacer battle-history"><br></div><div class="battle-history">The opposing Honedge used <strong>Shadow Sneak</strong>!<br></div><div class="battle-history"><small>(Yung Shroom lost <abbr title="−4/25">16%</abbr> of its health!)</small><br></div><div class="spacer battle-history"><br></div><h2 class="battle-history">Turn 19</h2><div class="spacer battle-history"><br></div><div class="battle-history">The opposing Honedge used <strong>Iron Head</strong>!<br></div><div class="battle-history"><small>(Yung Shroom lost <abbr title="−5/25">20%</abbr> of its health!)</small><br></div><div class="spacer battle-history"><br></div><div class="battle-history">Yung Shroom fainted!<br></div><div class="spacer battle-history"><br></div><div class="battle-history">Go! creepy af (<strong>Lickitung</strong>)!<br></div><div class="battle-history"><small>creepy af is hurt by the spikes!</small><br></div><div class="spacer battle-history"><br></div><h2 class="battle-history">Turn 20</h2><div class="spacer battle-history"><br></div><div class="battle-history">DannyTF withdrew Honedge!<br></div><div class="battle-history">DannyTF sent out <strong>Slugma</strong>!<br></div><div class="spacer battle-history"><br></div><div class="battle-history">creepy af used <strong>Knock Off</strong>!<br></div><div class="battle-history"><small>(The opposing Slugma lost <abbr title="−5/23">21.7%</abbr> of its health!)</small><br></div><div class="spacer battle-history"><br></div><h2 class="battle-history">Turn 21</h2><div class="spacer battle-history"><br></div><div class="battle-history">creepy af used <strong>Body Slam</strong>!<br></div><div class="battle-history"><small>(The opposing Slugma lost <abbr title="−9/23">39.1%</abbr> of its health!)</small><br></div><div class="spacer battle-history"><br></div><div class="battle-history">The opposing Slugma used <strong>Recover</strong>!<br></div><div class="battle-history"><small>The opposing Slugma restored its HP.</small><br></div><div class="spacer battle-history"><br></div><h2 class="battle-history">Turn 22</h2><div class="spacer battle-history"><br></div><div class="battle-history">creepy af used <strong>Body Slam</strong>!<br></div><div class="battle-history"><small>(The opposing Slugma lost <abbr title="−9/23">39.1%</abbr> of its health!)</small><br></div><div class="battle-history"><small>[The opposing Slugma's Flame Body]</small><br><small>creepy af was burned!</small><br></div><div class="battle-history"><small>The opposing Slugma is paralyzed! It may be unable to move!</small><br></div><div class="spacer battle-history"><br></div><div class="battle-history">The opposing Slugma used <strong>Recover</strong>!<br></div><div class="battle-history"><small>The opposing Slugma restored its HP.</small><br></div><div class="spacer battle-history"><br></div><div class="battle-history"><small>creepy af was hurt by its burn!</small><br></div><div class="spacer battle-history"><br></div><h2 class="battle-history">Turn 23</h2><div class="spacer battle-history"><br></div><div class="battle-history">creepy af used <strong>Body Slam</strong>!<br></div><div class="battle-history"><small>(The opposing Slugma lost <abbr title="−4/23">17.4%</abbr> of its health!)</small><br></div><div class="spacer battle-history"><br></div><div class="battle-history">The opposing Slugma used <strong>Recover</strong>!<br></div><div class="battle-history"><small>The opposing Slugma restored its HP.</small><br></div><div class="spacer battle-history"><br></div><div class="battle-history"><small>creepy af was hurt by its burn!</small><br></div><div class="spacer battle-history"><br></div><h2 class="battle-history">Turn 24</h2><div class="spacer battle-history"><br></div><div class="battle-history">creepy af, come back!<br></div><div class="battle-history">Go! Taillow Swift (<strong>Taillow</strong>)!<br></div><div class="spacer battle-history"><br></div><div class="battle-history">The opposing Slugma used <strong>Rock Slide</strong>!<br></div><div class="battle-history"><small>It's super effective!</small><br></div><div class="battle-history"><small>(Taillow Swift lost <abbr title="−14/21">66.7%</abbr> of its health!)</small><br></div><div class="spacer battle-history"><br></div><h2 class="battle-history">Turn 25</h2><div class="spacer battle-history"><br></div><div class="battle-history">Taillow Swift used <strong>Brave Bird</strong>!<br></div><div class="battle-history"><small>(The opposing Slugma lost <abbr title="−13/23">56.5%</abbr> of its health!)</small><br></div><div class="battle-history"><small>Taillow Swift is damaged by the recoil!</small><br></div><div class="spacer battle-history"><br></div><div class="battle-history">The opposing Slugma used <strong>Lava Plume</strong>!<br></div><div class="battle-history"><small>(Taillow Swift lost <abbr title="−3/21">14.3%</abbr> of its health!)</small><br></div><div class="spacer battle-history"><br></div><div class="battle-history">Taillow Swift fainted!<br></div><div class="spacer battle-history"><br></div><div class="battle-history">Go! 3spooky5me (<strong>Gastly</strong>)!<br></div><div class="spacer battle-history"><br></div><h2 class="battle-history">Turn 26</h2><div class="spacer battle-history"><br></div><div class="battle-history">3spooky5me used <strong>Shadow Ball</strong>!<br></div><div class="battle-history"><small>(The opposing Slugma lost <abbr title="−10/23">43.5%</abbr> of its health!)</small><br></div><div class="spacer battle-history"><br></div><div class="battle-history">The opposing Slugma fainted!<br></div><div class="spacer battle-history"><br></div><div class="battle-history">DannyTF sent out <strong>Honedge</strong>!<br></div><div class="spacer battle-history"><br></div><h2 class="battle-history">Turn 27</h2><div class="spacer battle-history"><br></div><div class="battle-history">The opposing Honedge used <strong>Shadow Sneak</strong>!<br></div><div class="battle-history"><small>It's super effective!</small><br></div><div class="battle-history"><small>3spooky5me hung on using its Focus Sash!</small><br></div><div class="battle-history"><small>(3spooky5me lost <abbr title="−18/19">94.7%</abbr> of its health!)</small><br></div><div class="spacer battle-history"><br></div><div class="battle-history">3spooky5me used <strong>Shadow Ball</strong>!<br></div><div class="battle-history"><small>It's super effective!</small><br></div><div class="battle-history"><small>(The opposing Honedge lost <abbr title="−7/21">33.3%</abbr> of its health!)</small><br></div><div class="spacer battle-history"><br></div><div class="battle-history">The opposing Honedge fainted!<br></div><div class="spacer battle-history"><br></div><div class="battle-history">DannyTF sent out <strong>Gothita</strong>!<br></div><div class="spacer battle-history"><br></div><h2 class="battle-history">Turn 28</h2><div class="chat chatmessage-chemcoop"><strong style="color:hsl(297,75%,45%)"><small>★</small><span class="username" data-name="chemcoop">chemcoop</span>:</strong> <em>gg</em></div><div class="spacer battle-history"><br></div><div class="battle-history">The opposing Gothita used <strong>Psychic</strong>!<br></div><div class="battle-history"><small>It's super effective!</small><br></div><div class="battle-history"><small>(3spooky5me lost <abbr title="−1/19">5.3%</abbr> of its health!)</small><br></div><div class="spacer battle-history"><br></div><div class="battle-history">3spooky5me fainted!<br></div><div class="spacer battle-history"><br></div><div class="battle-history">Go! creepy af (<strong>Lickitung</strong>)!<br></div><div class="battle-history"><small>creepy af is hurt by the spikes!</small><br></div><div class="spacer battle-history"><br></div><h2 class="battle-history">Turn 29</h2><div class="chat chatmessage-dannytf"><strong style="color:hsl(1,49%,51.726563338090216%)"><small>★</small><span class="username" data-name="DannyTF">DannyTF</span>:</strong> <em>Good game man</em></div><div class="spacer battle-history"><br></div><div class="battle-history">The opposing Gothita used <strong>Psychic</strong>!<br></div><div class="battle-history"><small>(creepy af lost <abbr title="−5/28">17.9%</abbr> of its health!)</small><br></div><div class="spacer battle-history"><br></div><div class="battle-history">creepy af fainted!<br></div><div class="spacer battle-history"><br></div><div class="battle-history"><strong>DannyTF</strong> won the battle!<br></div><div class="chat chatmessage-chemcoop"><strong style="color:hsl(297,75%,45%)"><small>★</small><span class="username" data-name="chemcoop">chemcoop</span>:</strong> <em>gl against chesvy</em></div></div><div class="inner-preempt"></div></div></div>
</div>
<script>
let daily = Math.floor(Date.now()/1000/60/60/24);document.write('<script src="https://play.pokemonshowdown.com/js/replay-embed.js?version'+daily+'"></'+'script>');
</script>
