<!DOCTYPE html>
<meta charset="utf-8" />
<!-- version 1 -->
<title>LC replay: fizzlenuke vs. Chicagowhitesawk5</title>
<style>
html,body {font-family:Verdana, sans-serif;font-size:10pt;margin:0;padding:0;}body{padding:12px 0;} .battle-log {font-family:Verdana, sans-serif;font-size:10pt;} .battle-log-inline {border:1px solid #AAAAAA;background:#EEF2F5;color:black;max-width:640px;margin:0 auto 80px;padding-bottom:5px;} .battle-log .inner {padding:4px 8px 0px 8px;} .battle-log .inner-preempt {padding:0 8px 4px 8px;} .battle-log .inner-after {margin-top:0.5em;} .battle-log h2 {margin:0.5em -8px;padding:4px 8px;border:1px solid #AAAAAA;background:#E0E7EA;border-left:0;border-right:0;font-family:Verdana, sans-serif;font-size:13pt;} .battle-log .chat {vertical-align:middle;padding:3px 0 3px 0;font-size:8pt;} .battle-log .chat strong {color:#40576A;} .battle-log .chat em {padding:1px 4px 1px 3px;color:#000000;font-style:normal;} .chat.mine {background:rgba(0,0,0,0.05);margin-left:-8px;margin-right:-8px;padding-left:8px;padding-right:8px;} .spoiler {color:#BBBBBB;background:#BBBBBB;padding:0px 3px;} .spoiler:hover, .spoiler:active, .spoiler-shown {color:#000000;background:#E2E2E2;padding:0px 3px;} .spoiler a {color:#BBBBBB;} .spoiler:hover a, .spoiler:active a, .spoiler-shown a {color:#2288CC;} .chat code, .chat .spoiler:hover code, .chat .spoiler:active code, .chat .spoiler-shown code {border:1px solid #C0C0C0;background:#EEEEEE;color:black;padding:0 2px;} .chat .spoiler code {border:1px solid #CCCCCC;background:#CCCCCC;color:#CCCCCC;} .battle-log .rated {padding:3px 4px;} .battle-log .rated strong {color:white;background:#89A;padding:1px 4px;border-radius:4px;} .spacer {margin-top:0.5em;} .message-announce {background:#6688AA;color:white;padding:1px 4px 2px;} .message-announce a, .broadcast-green a, .broadcast-blue a, .broadcast-red a {color:#DDEEFF;} .broadcast-green {background-color:#559955;color:white;padding:2px 4px;} .broadcast-blue {background-color:#6688AA;color:white;padding:2px 4px;} .infobox {border:1px solid #6688AA;padding:2px 4px;} .infobox-limited {max-height:200px;overflow:auto;overflow-x:hidden;} .broadcast-red {background-color:#AA5544;color:white;padding:2px 4px;} .message-learn-canlearn {font-weight:bold;color:#228822;text-decoration:underline;} .message-learn-cannotlearn {font-weight:bold;color:#CC2222;text-decoration:underline;} .message-effect-weak {font-weight:bold;color:#CC2222;} .message-effect-resist {font-weight:bold;color:#6688AA;} .message-effect-immune {font-weight:bold;color:#666666;} .message-learn-list {margin-top:0;margin-bottom:0;} .message-throttle-notice, .message-error {color:#992222;} .message-overflow, .chat small.message-overflow {font-size:0pt;} .message-overflow::before {font-size:9pt;content:'...';} .subtle {color:#3A4A66;}
</style>
<div class="wrapper replay-wrapper" style="max-width:1180px;margin:0 auto">
<input type="hidden" name="replayid" value="lc-518842126" />
<div class="battle"></div><div class="battle-log"></div><div class="replay-controls"></div><div class="replay-controls-2"></div>
<h1 style="font-weight:normal;text-align:center"><strong>LC</strong><br /><a href="http://pokemonshowdown.com/users/fizzlenuke" class="subtle" target="_blank">fizzlenuke</a> vs. <a href="http://pokemonshowdown.com/users/chicagowhitesawk5" class="subtle" target="_blank">Chicagowhitesawk5</a></h1>
<script type="text/plain" class="battle-log-data">|j|fizzlenuke
|j|Chicagowhitesawk5
|player|p1|fizzlenuke|266
|player|p2|Chicagowhitesawk5|260
|gametype|singles
|gen|6
|tier|LC
|seed|34989,4321,62315,54778
|clearpoke
|poke|p1|Munchlax, L5, M|item
|poke|p1|Carvanha, L5, M|item
|poke|p1|Tyrunt, L5, M, shiny|item
|poke|p1|Duskull, L5, M, shiny|item
|poke|p1|Amaura, L5, F, shiny|item
|poke|p1|Staryu, L5, shiny|item
|poke|p2|Elekid, L5, M|item
|poke|p2|Cottonee, L5, M, shiny|item
|poke|p2|Bulbasaur, L5, M|item
|poke|p2|Houndour, L5, M|item
|poke|p2|Slowpoke, L5, M|item
|poke|p2|Nosepass, L5, M, shiny|item
|rule|Sleep Clause Mod: Limit one foe put to sleep
|rule|Species Clause: Limit one of each Pokémon
|rule|OHKO Clause: OHKO moves are banned
|rule|Moody Clause: Moody is banned
|rule|Evasion Moves Clause: Evasion moves are banned
|rule|Endless Battle Clause: Forcing endless battles is banned
|rule|HP Percentage Mod: HP is shown in percentages
|teampreview
|c|★fizzlenuke|THY MOTHER IS A DUNSPARCE!
|c|★Chicagowhitesawk5|good lol
|c|★Chicagowhitesawk5|getting things for fb set up
|c|★Chicagowhitesawk5|gl hf
|choice|team 3, team 2, team 1, team 4, team 5, team 6|team 6, team 2, team 3, team 4, team 5, team 1
|
|start
|switch|p1a: Jawsus|Tyrunt, L5, M, shiny|20\/20
|switch|p2a: Pony Boy|Nosepass, L5, M, shiny|21\/21
|turn|1
|choice|move dragondance|move lockon
|
|move|p1a: Jawsus|Dragon Dance|p1a: Jawsus
|-boost|p1a: Jawsus|atk|1
|-boost|p1a: Jawsus|spe|1
|move|p2a: Pony Boy|Lock-On|p1a: Jawsus
|-activate|p2a: Pony Boy|move: Lock-On|[of] p1a: Jawsus
|
|upkeep
|turn|2
|choice|move dragondance|move dynamicpunch
|
|move|p1a: Jawsus|Dragon Dance|p1a: Jawsus
|-boost|p1a: Jawsus|atk|1
|-boost|p1a: Jawsus|spe|1
|move|p2a: Pony Boy|Dynamic Punch|p1a: Jawsus
|-supereffective|p1a: Jawsus
|-ability|p1a: Jawsus|Sturdy
|-damage|p1a: Jawsus|1\/20
|-start|p1a: Jawsus|confusion
|-enditem|p1a: Jawsus|Berry Juice
|-heal|p1a: Jawsus|20\/20|[from] item: Berry Juice
|
|upkeep
|turn|3
|choice|move outrage|move lockon
|
|-activate|p1a: Jawsus|confusion
|move|p1a: Jawsus|Outrage|p2a: Pony Boy
|-ability|p2a: Pony Boy|Sturdy
|-damage|p2a: Pony Boy|1\/21
|-enditem|p2a: Pony Boy|Berry Juice
|-heal|p2a: Pony Boy|21\/21|[from] item: Berry Juice
|move|p2a: Pony Boy|Lock-On|p1a: Jawsus
|-activate|p2a: Pony Boy|move: Lock-On|[of] p1a: Jawsus
|
|upkeep
|turn|4
|choice|move outrage|move dynamicpunch
|
|-activate|p1a: Jawsus|confusion
|move|p1a: Jawsus|Outrage|p2a: Pony Boy|[from]lockedmove
|-ability|p2a: Pony Boy|Sturdy
|-damage|p2a: Pony Boy|1\/21
|move|p2a: Pony Boy|Dynamic Punch|p1a: Jawsus
|-supereffective|p1a: Jawsus
|-damage|p1a: Jawsus|2\/20
|
|upkeep
|turn|5
|choice|move outrage|switch 2
|
|switch|p2a: Autumn|Cottonee, L5, M, shiny|23\/23
|-activate|p1a: Jawsus|confusion
|move|p1a: Jawsus|Outrage|p2a: Autumn|[from]lockedmove
|-immune|p2a: Autumn|[msg]
|
|upkeep
|turn|6
|c|★Chicagowhitesawk5|quit breaking out
|c|★fizzlenuke|;)
|choice|move firefang|move cottonguard
|
|move|p2a: Autumn|Cotton Guard|p2a: Autumn
|-boost|p2a: Autumn|def|3
|-end|p1a: Jawsus|confusion
|move|p1a: Jawsus|Fire Fang|p2a: Autumn
|-supereffective|p2a: Autumn
|-damage|p2a: Autumn|15\/23
|
|upkeep
|turn|7
|c|★fizzlenuke|That's not the only thing breaking out
|choice|switch 4|move gigadrain
|
|switch|p1a: Shyguy|Duskull, L5, M, shiny|21\/21
|move|p2a: Autumn|Giga Drain|p1a: Shyguy
|-damage|p1a: Shyguy|15\/21
|-heal|p2a: Autumn|18\/23|[from] drain|[of] p1a: Shyguy
|
|-heal|p1a: Shyguy|16\/21|[from] item: Leftovers
|upkeep
|turn|8
|c|★Chicagowhitesawk5|your face
|c|★Chicagowhitesawk5|with acne
|c|★Chicagowhitesawk5|got em
|c|★fizzlenuke|no
|c|★fizzlenuke|my dick
|c|★fizzlenuke|with acne
|choice|move willowisp|switch 4
|
|switch|p2a: Hades|Houndour, L5, M|21\/21
|move|p1a: Shyguy|Will-O-Wisp|p2a: Hades
|-start|p2a: Hades|ability: Flash Fire
|
|-heal|p1a: Shyguy|17\/21|[from] item: Leftovers
|upkeep
|turn|9
|c|★Chicagowhitesawk5|xD
|choice|switch 6|move darkpulse
|
|switch|p1a: SUPERSTAR|Staryu, L5, shiny|19\/19
|move|p2a: Hades|Dark Pulse|p1a: SUPERSTAR
|-damage|p1a: SUPERSTAR|10\/19
|
|upkeep
|turn|10
|choice|move recover|switch 3
|
|-end|p2a: Hades|ability: Flash Fire|[silent]
|switch|p2a: Thickums|Bulbasaur, L5, M|21\/21
|move|p1a: SUPERSTAR|Recover|p1a: SUPERSTAR
|-heal|p1a: SUPERSTAR|19\/19
|
|upkeep
|turn|11
|choice|move icebeam|move bulletseed
|
|move|p1a: SUPERSTAR|Ice Beam|p2a: Thickums
|-supereffective|p2a: Thickums
|-crit|p2a: Thickums
|-damage|p2a: Thickums|1\/21
|-enditem|p2a: Thickums|Salac Berry|[eat]
|-boost|p2a: Thickums|spe|1
|move|p2a: Thickums|Bullet Seed|p1a: SUPERSTAR
|-supereffective|p1a: SUPERSTAR
|-damage|p1a: SUPERSTAR|11\/19
|-supereffective|p1a: SUPERSTAR
|-damage|p1a: SUPERSTAR|5\/19
|-supereffective|p1a: SUPERSTAR
|-damage|p1a: SUPERSTAR|0 fnt
|-hitcount|p1a: SUPERSTAR|3
|faint|p1a: SUPERSTAR
|
|upkeep
|c|★Chicagowhitesawk5|damn
|choice|switch 2|
|
|switch|p1a: Sanic|Carvanha, L5, M|21\/21
|turn|12
|choice|move aquajet|move bulletseed
|
|move|p1a: Sanic|Aqua Jet|p2a: Thickums
|-resisted|p2a: Thickums
|-damage|p2a: Thickums|0 fnt
|-damage|p1a: Sanic|19\/21|[from] item: Life Orb
|faint|p2a: Thickums
|
|-ability|p1a: Sanic|Speed Boost|boost
|-boost|p1a: Sanic|spe|1
|upkeep
|choice||switch 4
|
|switch|p2a: Autumn|Cottonee, L5, M, shiny|18\/23
|turn|13
|choice|switch 5|move cottonguard
|
|switch|p1a: All cannons fire|Amaura, L5, F, shiny|25\/25
|move|p2a: Autumn|Cotton Guard|p2a: Autumn
|-boost|p2a: Autumn|def|3
|
|upkeep
|turn|14
|choice|move hypervoice|switch 2
|
|switch|p2a: Pony Boy|Nosepass, L5, M, shiny|1\/21
|move|p1a: All cannons fire|Hyper Voice|p2a: Pony Boy
|-damage|p2a: Pony Boy|0 fnt
|faint|p2a: Pony Boy
|
|upkeep
|choice||switch 3
|
|switch|p2a: Hades|Houndour, L5, M|21\/21
|turn|15
|choice|switch 3|move hiddenpower
|
|switch|p1a: Ma boi|Munchlax, L5, M|32\/32
|move|p2a: Hades|Hidden Power|p1a: Ma boi
|-supereffective|p1a: Ma boi
|-damage|p1a: Ma boi|24\/32
|
|upkeep
|turn|16
|choice|move curse|switch 2
|
|switch|p2a: Autumn|Cottonee, L5, M, shiny|18\/23
|move|p1a: Ma boi|Curse|p1a: Ma boi
|-unboost|p1a: Ma boi|spe|1
|-boost|p1a: Ma boi|atk|1
|-boost|p1a: Ma boi|def|1
|
|upkeep
|turn|17
|choice|move bodyslam|move cottonguard
|
|move|p2a: Autumn|Cotton Guard|p2a: Autumn
|-boost|p2a: Autumn|def|3
|move|p1a: Ma boi|Body Slam|p2a: Autumn
|-damage|p2a: Autumn|12\/23
|
|upkeep
|turn|18
|choice|move bodyslam|move cottonguard
|
|move|p2a: Autumn|Cotton Guard|p2a: Autumn
|-boost|p2a: Autumn|def|3
|move|p1a: Ma boi|Body Slam|p2a: Autumn
|-damage|p2a: Autumn|8\/23
|
|upkeep
|turn|19
|j|Gymlead11b
|l|Gymlead11b
|choice|move bodyslam|move gigadrain
|
|move|p2a: Autumn|Giga Drain|p1a: Ma boi
|-damage|p1a: Ma boi|20\/32
|-heal|p2a: Autumn|10\/23|[from] drain|[of] p1a: Ma boi
|move|p1a: Ma boi|Body Slam|p2a: Autumn
|-damage|p2a: Autumn|7\/23
|
|upkeep
|turn|20
|choice|move curse|move gigadrain
|
|move|p2a: Autumn|Giga Drain|p1a: Ma boi
|-damage|p1a: Ma boi|16\/32
|-heal|p2a: Autumn|9\/23|[from] drain|[of] p1a: Ma boi
|move|p1a: Ma boi|Curse|p1a: Ma boi
|-unboost|p1a: Ma boi|spe|1
|-boost|p1a: Ma boi|atk|1
|-boost|p1a: Ma boi|def|1
|
|upkeep
|turn|21
|choice|move curse|move taunt
|
|move|p2a: Autumn|Taunt|p1a: Ma boi
|-start|p1a: Ma boi|move: Taunt
|cant|p1a: Ma boi|move: Taunt|Curse
|
|upkeep
|turn|22
|choice|move bodyslam|move gigadrain
|
|move|p2a: Autumn|Giga Drain|p1a: Ma boi
|-crit|p1a: Ma boi
|-damage|p1a: Ma boi|9\/32
|-heal|p2a: Autumn|13\/23|[from] drain|[of] p1a: Ma boi
|move|p1a: Ma boi|Body Slam|p2a: Autumn
|-damage|p2a: Autumn|9\/23
|
|upkeep
|turn|23
|choice|switch 5|move gigadrain
|
|switch|p1a: Sanic|Carvanha, L5, M|19\/21
|move|p2a: Autumn|Giga Drain|p1a: Sanic
|-supereffective|p1a: Sanic
|-damage|p1a: Sanic|0 fnt
|-heal|p2a: Autumn|19\/23|[from] drain|[of] p1a: Sanic
|faint|p1a: Sanic
|
|upkeep
|c|★fizzlenuke|shity
|c|★fizzlenuke|i miss clickede
|choice|switch 6|
|
|switch|p1a: Shyguy|Duskull, L5, M, shiny|17\/21
|turn|24
|c|★Chicagowhitesawk5|damn sorry
|c|★fizzlenuke|fck me
|choice|move substitute|switch 2
|
|switch|p2a: Hades|Houndour, L5, M|21\/21
|move|p1a: Shyguy|Substitute|p1a: Shyguy
|-start|p1a: Shyguy|Substitute
|-damage|p1a: Shyguy|12\/21
|
|-heal|p1a: Shyguy|13\/21|[from] item: Leftovers
|upkeep
|turn|25
|choice|move painsplit|move darkpulse
|
|move|p2a: Hades|Dark Pulse|p1a: Shyguy
|-supereffective|p1a: Shyguy
|-end|p1a: Shyguy|Substitute
|move|p1a: Shyguy|Pain Split|p2a: Hades
|-sethp|p2a: Hades|17\/21|p1a: Shyguy|17\/21|[from] move: Pain Split
|
|-heal|p1a: Shyguy|18\/21|[from] item: Leftovers
|upkeep
|turn|26
|choice|move painsplit|move darkpulse
|
|move|p2a: Hades|Dark Pulse|p1a: Shyguy
|-supereffective|p1a: Shyguy
|-damage|p1a: Shyguy|0 fnt
|faint|p1a: Shyguy
|
|upkeep
|choice|switch 3|
|
|switch|p1a: All cannons fire|Amaura, L5, F, shiny|25\/25
|turn|27
|choice|move earthpower|move darkpulse
|
|move|p2a: Hades|Dark Pulse|p1a: All cannons fire
|-damage|p1a: All cannons fire|10\/25
|move|p1a: All cannons fire|Earth Power|p2a: Hades
|-supereffective|p2a: Hades
|-damage|p2a: Hades|0 fnt
|faint|p2a: Hades
|
|upkeep
|c|★Chicagowhitesawk5|really wish I knew your item lol
|choice||switch 5
|
|switch|p2a: Harambe|Slowpoke, L5, M|25\/25
|turn|28
|c|★fizzlenuke|It's uh
|c|★fizzlenuke|aids
|c|★Chicagowhitesawk5|the gay aids
|c|★Chicagowhitesawk5|?
|choice|switch 5|move aquatail
|
|switch|p1a: Ma boi|Munchlax, L5, M|9\/32
|move|p2a: Harambe|Aqua Tail|p1a: Ma boi
|-damage|p1a: Ma boi|0 fnt
|faint|p1a: Ma boi
|
|upkeep
|choice|switch 5|
|
|switch|p1a: All cannons fire|Amaura, L5, F, shiny|10\/25
|turn|29
|choice|move thunderbolt|move aquatail
|
|move|p1a: All cannons fire|Thunderbolt|p2a: Harambe
|-supereffective|p2a: Harambe
|-damage|p2a: Harambe|11\/25
|move|p2a: Harambe|Aqua Tail|p1a: All cannons fire
|-supereffective|p1a: All cannons fire
|-damage|p1a: All cannons fire|0 fnt
|faint|p1a: All cannons fire
|
|upkeep
|choice|switch 4|
|
|switch|p1a: Jawsus|Tyrunt, L5, M, shiny|2\/20
|turn|30
|choice|move outrage|move aquatail
|
|move|p1a: Jawsus|Outrage|p2a: Harambe
|-damage|p2a: Harambe|1\/25
|move|p2a: Harambe|Aqua Tail|p1a: Jawsus
|-damage|p1a: Jawsus|0 fnt
|faint|p1a: Jawsus
|
|win|Chicagowhitesawk5
|player|p1
|player|p2
|c|★Chicagowhitesawk5|gg
|c|★fizzlenuke|stupid miss click
|l|fizzlenuke</script>
</div>
<div class="battle-log battle-log-inline"><div class="inner"><div class="battle-options"></div><div class="inner"><div class="chat"><small>fizzlenuke joined.</small></div><div class="chat"><small>Chicagowhitesawk5 joined.</small></div><div class=""><small>Format:</small> <br><strong>LC</strong></div><div class=""><small><em>Sleep Clause Mod:</em> Limit one foe put to sleep</small></div><div class=""><small><em>Species Clause:</em> Limit one of each Pokémon</small></div><div class=""><small><em>OHKO Clause:</em> OHKO moves are banned</small></div><div class=""><small><em>Moody Clause:</em> Moody is banned</small></div><div class=""><small><em>Evasion Moves Clause:</em> Evasion moves are banned</small></div><div class=""><small><em>Endless Battle Clause:</em> Forcing endless battles is banned</small></div><div class=""><small><em>HP Percentage Mod:</em> HP is shown in percentages</small></div><div class="chat battle-history"><strong>fizzlenuke's team:</strong> <em style="color:#445566;display:block;">Munchlax / Carvanha / Tyrunt / Duskull / Amaura / Staryu</em></div><div class="chat battle-history"><strong>Chicagowhitesawk5's team:</strong> <em style="color:#445566;display:block;">Elekid / Cottonee / Bulbasaur / Houndour / Slowpoke / Nosepass</em></div><div class="chat chatmessage-fizzlenuke"><strong style="color:hsl(226,60%,57.449823860027735%)"><small>★</small><span class="username" data-name="fizzlenuke">fizzlenuke</span>:</strong> <em>THY MOTHER IS A DUNSPARCE!</em></div><div class="chat chatmessage-chicagowhitesawk5"><strong style="color:hsl(267,74%,55.96841988823829%)"><small>★</small><span class="username" data-name="Chicagowhitesawk5">Chicagowhitesawk5</span>:</strong> <em>good lol</em></div><div class="chat chatmessage-chicagowhitesawk5"><strong style="color:hsl(267,74%,55.96841988823829%)"><small>★</small><span class="username" data-name="Chicagowhitesawk5">Chicagowhitesawk5</span>:</strong> <em>getting things for fb set up</em></div><div class="chat chatmessage-chicagowhitesawk5"><strong style="color:hsl(267,74%,55.96841988823829%)"><small>★</small><span class="username" data-name="Chicagowhitesawk5">Chicagowhitesawk5</span>:</strong> <em>gl hf</em></div><div class="spacer battle-history"><br></div><div class="battle-history">Battle started between fizzlenuke and Chicagowhitesawk5!<br></div><div class="spacer battle-history"><br></div><div class="battle-history">Go! Jawsus (<strong>Tyrunt</strong>)!<br></div><div class="spacer battle-history"><br></div><div class="battle-history">Chicagowhitesawk5 sent out Pony Boy (<strong>Nosepass</strong>)!<br></div><div class="spacer battle-history"><br></div><h2 class="battle-history">Turn 1</h2><div class="spacer battle-history"><br></div><div class="battle-history">Jawsus used <strong>Dragon Dance</strong>!<br></div><div class="battle-history"><small>Jawsus's Attack rose!</small><br></div><div class="battle-history"><small>Jawsus's Speed rose!</small><br></div><div class="spacer battle-history"><br></div><div class="battle-history">The opposing Pony Boy used <strong>Lock-On</strong>!<br></div><div class="battle-history"><small>The opposing Pony Boy took aim at Jawsus!</small><br></div><div class="spacer battle-history"><br></div><h2 class="battle-history">Turn 2</h2><div class="spacer battle-history"><br></div><div class="battle-history">Jawsus used <strong>Dragon Dance</strong>!<br></div><div class="battle-history"><small>Jawsus's Attack rose!</small><br></div><div class="battle-history"><small>Jawsus's Speed rose!</small><br></div><div class="spacer battle-history"><br></div><div class="battle-history">The opposing Pony Boy used <strong>Dynamic Punch</strong>!<br></div><div class="battle-history"><small>It's super effective!</small><br></div><div class="battle-history"><small>[Jawsus's Sturdy]</small><br><small>Jawsus endured the hit!</small><br></div><div class="battle-history"><small>(Jawsus lost <abbr title="−19/20">95%</abbr> of its health!)</small><br></div><div class="battle-history"><small>Jawsus became confused!</small><br></div><div class="battle-history"><small>(Jawsus used its Berry Juice!)</small><br></div><div class="battle-history"><small>Jawsus restored HP using its Berry Juice!</small><br></div><div class="spacer battle-history"><br></div><h2 class="battle-history">Turn 3</h2><div class="spacer battle-history"><br></div><div class="battle-history"><small>Jawsus is confused!</small><br></div><div class="battle-history">Jawsus used <strong>Outrage</strong>!<br></div><div class="battle-history"><small>[The opposing Pony Boy's Sturdy]</small><br><small>The opposing Pony Boy endured the hit!</small><br></div><div class="battle-history"><small>(The opposing Pony Boy lost <abbr title="−20/21">95.2%</abbr> of its health!)</small><br></div><div class="battle-history"><small>(The opposing Pony Boy used its Berry Juice!)</small><br></div><div class="battle-history"><small>The opposing Pony Boy restored HP using its Berry Juice!</small><br></div><div class="spacer battle-history"><br></div><div class="battle-history">The opposing Pony Boy used <strong>Lock-On</strong>!<br></div><div class="battle-history"><small>The opposing Pony Boy took aim at Jawsus!</small><br></div><div class="spacer battle-history"><br></div><h2 class="battle-history">Turn 4</h2><div class="spacer battle-history"><br></div><div class="battle-history"><small>Jawsus is confused!</small><br></div><div class="battle-history">Jawsus used <strong>Outrage</strong>!<br></div><div class="battle-history"><small>[The opposing Pony Boy's Sturdy]</small><br><small>The opposing Pony Boy endured the hit!</small><br></div><div class="battle-history"><small>(The opposing Pony Boy lost <abbr title="−20/21">95.2%</abbr> of its health!)</small><br></div><div class="spacer battle-history"><br></div><div class="battle-history">The opposing Pony Boy used <strong>Dynamic Punch</strong>!<br></div><div class="battle-history"><small>It's super effective!</small><br></div><div class="battle-history"><small>(Jawsus lost <abbr title="−18/20">90%</abbr> of its health!)</small><br></div><div class="spacer battle-history"><br></div><h2 class="battle-history">Turn 5</h2><div class="spacer battle-history"><br></div><div class="battle-history">Chicagowhitesawk5 withdrew Pony Boy!<br></div><div class="battle-history">Chicagowhitesawk5 sent out Autumn (<strong>Cottonee</strong>)!<br></div><div class="spacer battle-history"><br></div><div class="battle-history"><small>Jawsus is confused!</small><br></div><div class="battle-history">Jawsus used <strong>Outrage</strong>!<br></div><div class="battle-history"><small>It doesn't affect the opposing Autumn...</small><br></div><div class="spacer battle-history"><br></div><h2 class="battle-history">Turn 6</h2><div class="chat chatmessage-chicagowhitesawk5"><strong style="color:hsl(267,74%,55.96841988823829%)"><small>★</small><span class="username" data-name="Chicagowhitesawk5">Chicagowhitesawk5</span>:</strong> <em>quit breaking out</em></div><div class="chat chatmessage-fizzlenuke"><strong style="color:hsl(226,60%,57.449823860027735%)"><small>★</small><span class="username" data-name="fizzlenuke">fizzlenuke</span>:</strong> <em>;)</em></div><div class="spacer battle-history"><br></div><div class="battle-history">The opposing Autumn used <strong>Cotton Guard</strong>!<br></div><div class="battle-history"><small>The opposing Autumn's Defense rose drastically!</small><br></div><div class="battle-history"><small>Jawsus snapped out of its confusion!</small><br></div><div class="spacer battle-history"><br></div><div class="battle-history">Jawsus used <strong>Fire Fang</strong>!<br></div><div class="battle-history"><small>It's super effective!</small><br></div><div class="battle-history"><small>(The opposing Autumn lost <abbr title="−8/23">34.8%</abbr> of its health!)</small><br></div><div class="spacer battle-history"><br></div><h2 class="battle-history">Turn 7</h2><div class="chat chatmessage-fizzlenuke"><strong style="color:hsl(226,60%,57.449823860027735%)"><small>★</small><span class="username" data-name="fizzlenuke">fizzlenuke</span>:</strong> <em>That's not the only thing breaking out</em></div><div class="spacer battle-history"><br></div><div class="battle-history">Jawsus, come back!<br></div><div class="battle-history">Go! Shyguy (<strong>Duskull</strong>)!<br></div><div class="spacer battle-history"><br></div><div class="battle-history">The opposing Autumn used <strong>Giga Drain</strong>!<br></div><div class="battle-history"><small>(Shyguy lost <abbr title="−6/21">28.6%</abbr> of its health!)</small><br></div><div class="battle-history"><small>Shyguy had its energy drained!</small><br></div><div class="spacer battle-history"><br></div><div class="battle-history"><small>Shyguy restored a little HP using its Leftovers!</small><br></div><div class="spacer battle-history"><br></div><h2 class="battle-history">Turn 8</h2><div class="chat chatmessage-chicagowhitesawk5"><strong style="color:hsl(267,74%,55.96841988823829%)"><small>★</small><span class="username" data-name="Chicagowhitesawk5">Chicagowhitesawk5</span>:</strong> <em>your face</em></div><div class="chat chatmessage-chicagowhitesawk5"><strong style="color:hsl(267,74%,55.96841988823829%)"><small>★</small><span class="username" data-name="Chicagowhitesawk5">Chicagowhitesawk5</span>:</strong> <em>with acne</em></div><div class="chat chatmessage-chicagowhitesawk5"><strong style="color:hsl(267,74%,55.96841988823829%)"><small>★</small><span class="username" data-name="Chicagowhitesawk5">Chicagowhitesawk5</span>:</strong> <em>got em</em></div><div class="chat chatmessage-fizzlenuke"><strong style="color:hsl(226,60%,57.449823860027735%)"><small>★</small><span class="username" data-name="fizzlenuke">fizzlenuke</span>:</strong> <em>no</em></div><div class="chat chatmessage-fizzlenuke"><strong style="color:hsl(226,60%,57.449823860027735%)"><small>★</small><span class="username" data-name="fizzlenuke">fizzlenuke</span>:</strong> <em>my dick</em></div><div class="chat chatmessage-fizzlenuke"><strong style="color:hsl(226,60%,57.449823860027735%)"><small>★</small><span class="username" data-name="fizzlenuke">fizzlenuke</span>:</strong> <em>with acne</em></div><div class="spacer battle-history"><br></div><div class="battle-history">Chicagowhitesawk5 withdrew Autumn!<br></div><div class="battle-history">Chicagowhitesawk5 sent out Hades (<strong>Houndour</strong>)!<br></div><div class="spacer battle-history"><br></div><div class="battle-history">Shyguy used <strong>Will-O-Wisp</strong>!<br></div><div class="battle-history"><small>[The opposing Hades's Flash Fire]</small><br><small>The power of the opposing Hades's Fire-type moves rose!</small><br></div><div class="spacer battle-history"><br></div><div class="battle-history"><small>Shyguy restored a little HP using its Leftovers!</small><br></div><div class="spacer battle-history"><br></div><h2 class="battle-history">Turn 9</h2><div class="chat chatmessage-chicagowhitesawk5"><strong style="color:hsl(267,74%,55.96841988823829%)"><small>★</small><span class="username" data-name="Chicagowhitesawk5">Chicagowhitesawk5</span>:</strong> <em>xD</em></div><div class="spacer battle-history"><br></div><div class="battle-history">Shyguy, come back!<br></div><div class="battle-history">Go! SUPERSTAR (<strong>Staryu</strong>)!<br></div><div class="spacer battle-history"><br></div><div class="battle-history">The opposing Hades used <strong>Dark Pulse</strong>!<br></div><div class="battle-history"><small>(SUPERSTAR lost <abbr title="−9/19">47.4%</abbr> of its health!)</small><br></div><div class="spacer battle-history"><br></div><h2 class="battle-history">Turn 10</h2><div class="spacer battle-history"><br></div><div class="battle-history">Chicagowhitesawk5 withdrew Hades!<br></div><div class="battle-history">Chicagowhitesawk5 sent out Thickums (<strong>Bulbasaur</strong>)!<br></div><div class="spacer battle-history"><br></div><div class="battle-history">SUPERSTAR used <strong>Recover</strong>!<br></div><div class="battle-history"><small>SUPERSTAR restored its HP.</small><br></div><div class="spacer battle-history"><br></div><h2 class="battle-history">Turn 11</h2><div class="spacer battle-history"><br></div><div class="battle-history">SUPERSTAR used <strong>Ice Beam</strong>!<br></div><div class="battle-history"><small>It's super effective!</small><br></div><div class="battle-history"><small>A critical hit!</small><br></div><div class="battle-history"><small>(The opposing Thickums lost <abbr title="−20/21">95.2%</abbr> of its health!)</small><br></div><div class="battle-history"><small>The opposing Thickums ate its Salac Berry!</small><br></div><div class="battle-history"><small>The opposing Thickums's Speed rose!</small><br></div><div class="spacer battle-history"><br></div><div class="battle-history">The opposing Thickums used <strong>Bullet Seed</strong>!<br></div><div class="battle-history"><small>It's super effective!</small><br></div><div class="battle-history"><small>(SUPERSTAR lost <abbr title="−8/19">42.1%</abbr> of its health!)</small><br></div><div class="battle-history"><small>It's super effective!</small><br></div><div class="battle-history"><small>(SUPERSTAR lost <abbr title="−6/19">31.6%</abbr> of its health!)</small><br></div><div class="battle-history"><small>It's super effective!</small><br></div><div class="battle-history"><small>(SUPERSTAR lost <abbr title="−5/19">26.3%</abbr> of its health!)</small><br></div><div class="battle-history"><small>Hit 3 times!</small><br></div><div class="spacer battle-history"><br></div><div class="battle-history">SUPERSTAR fainted!<br></div><div class="chat chatmessage-chicagowhitesawk5"><strong style="color:hsl(267,74%,55.96841988823829%)"><small>★</small><span class="username" data-name="Chicagowhitesawk5">Chicagowhitesawk5</span>:</strong> <em>damn</em></div><div class="spacer battle-history"><br></div><div class="battle-history">Go! Sanic (<strong>Carvanha</strong>)!<br></div><div class="spacer battle-history"><br></div><h2 class="battle-history">Turn 12</h2><div class="spacer battle-history"><br></div><div class="battle-history">Sanic used <strong>Aqua Jet</strong>!<br></div><div class="battle-history"><small>It's not very effective...</small><br></div><div class="battle-history"><small>(The opposing Thickums lost <abbr title="−1/21">4.8%</abbr> of its health!)</small><br></div><div class="battle-history"><small>Sanic lost some of its HP!</small><br></div><div class="spacer battle-history"><br></div><div class="battle-history">The opposing Thickums fainted!<br></div><div class="spacer battle-history"><br></div><div class="battle-history"><small>[Sanic's Speed Boost]</small><br></div><div class="battle-history"><small>Sanic's Speed rose!</small><br></div><div class="spacer battle-history"><br></div><div class="battle-history">Chicagowhitesawk5 sent out Autumn (<strong>Cottonee</strong>)!<br></div><div class="spacer battle-history"><br></div><h2 class="battle-history">Turn 13</h2><div class="spacer battle-history"><br></div><div class="battle-history">Sanic, come back!<br></div><div class="battle-history">Go! All cannons fire (<strong>Amaura</strong>)!<br></div><div class="spacer battle-history"><br></div><div class="battle-history">The opposing Autumn used <strong>Cotton Guard</strong>!<br></div><div class="battle-history"><small>The opposing Autumn's Defense rose drastically!</small><br></div><div class="spacer battle-history"><br></div><h2 class="battle-history">Turn 14</h2><div class="spacer battle-history"><br></div><div class="battle-history">Chicagowhitesawk5 withdrew Autumn!<br></div><div class="battle-history">Chicagowhitesawk5 sent out Pony Boy (<strong>Nosepass</strong>)!<br></div><div class="spacer battle-history"><br></div><div class="battle-history">All cannons fire used <strong>Hyper Voice</strong>!<br></div><div class="battle-history"><small>(The opposing Pony Boy lost <abbr title="−1/21">4.8%</abbr> of its health!)</small><br></div><div class="spacer battle-history"><br></div><div class="battle-history">The opposing Pony Boy fainted!<br></div><div class="spacer battle-history"><br></div><div class="battle-history">Chicagowhitesawk5 sent out Hades (<strong>Houndour</strong>)!<br></div><div class="spacer battle-history"><br></div><h2 class="battle-history">Turn 15</h2><div class="spacer battle-history"><br></div><div class="battle-history">All cannons fire, come back!<br></div><div class="battle-history">Go! Ma boi (<strong>Munchlax</strong>)!<br></div><div class="spacer battle-history"><br></div><div class="battle-history">The opposing Hades used <strong>Hidden Power</strong>!<br></div><div class="battle-history"><small>It's super effective!</small><br></div><div class="battle-history"><small>(Ma boi lost <abbr title="−8/32">25%</abbr> of its health!)</small><br></div><div class="spacer battle-history"><br></div><h2 class="battle-history">Turn 16</h2><div class="spacer battle-history"><br></div><div class="battle-history">Chicagowhitesawk5 withdrew Hades!<br></div><div class="battle-history">Chicagowhitesawk5 sent out Autumn (<strong>Cottonee</strong>)!<br></div><div class="spacer battle-history"><br></div><div class="battle-history">Ma boi used <strong>Curse</strong>!<br></div><div class="battle-history"><small>Ma boi's Speed fell!</small><br></div><div class="battle-history"><small>Ma boi's Attack rose!</small><br></div><div class="battle-history"><small>Ma boi's Defense rose!</small><br></div><div class="spacer battle-history"><br></div><h2 class="battle-history">Turn 17</h2><div class="spacer battle-history"><br></div><div class="battle-history">The opposing Autumn used <strong>Cotton Guard</strong>!<br></div><div class="battle-history"><small>The opposing Autumn's Defense rose drastically!</small><br></div><div class="spacer battle-history"><br></div><div class="battle-history">Ma boi used <strong>Body Slam</strong>!<br></div><div class="battle-history"><small>(The opposing Autumn lost <abbr title="−6/23">26.1%</abbr> of its health!)</small><br></div><div class="spacer battle-history"><br></div><h2 class="battle-history">Turn 18</h2><div class="spacer battle-history"><br></div><div class="battle-history">The opposing Autumn used <strong>Cotton Guard</strong>!<br></div><div class="battle-history"><small>The opposing Autumn's Defense rose drastically!</small><br></div><div class="spacer battle-history"><br></div><div class="battle-history">Ma boi used <strong>Body Slam</strong>!<br></div><div class="battle-history"><small>(The opposing Autumn lost <abbr title="−4/23">17.4%</abbr> of its health!)</small><br></div><div class="spacer battle-history"><br></div><h2 class="battle-history">Turn 19</h2><div class="chat"><small>Gymlead11b joined.</small></div><div class="chat"><small>Gymlead11b left.</small></div><div class="spacer battle-history"><br></div><div class="battle-history">The opposing Autumn used <strong>Giga Drain</strong>!<br></div><div class="battle-history"><small>(Ma boi lost <abbr title="−4/32">12.5%</abbr> of its health!)</small><br></div><div class="battle-history"><small>Ma boi had its energy drained!</small><br></div><div class="spacer battle-history"><br></div><div class="battle-history">Ma boi used <strong>Body Slam</strong>!<br></div><div class="battle-history"><small>(The opposing Autumn lost <abbr title="−3/23">13.0%</abbr> of its health!)</small><br></div><div class="spacer battle-history"><br></div><h2 class="battle-history">Turn 20</h2><div class="spacer battle-history"><br></div><div class="battle-history">The opposing Autumn used <strong>Giga Drain</strong>!<br></div><div class="battle-history"><small>(Ma boi lost <abbr title="−4/32">12.5%</abbr> of its health!)</small><br></div><div class="battle-history"><small>Ma boi had its energy drained!</small><br></div><div class="spacer battle-history"><br></div><div class="battle-history">Ma boi used <strong>Curse</strong>!<br></div><div class="battle-history"><small>Ma boi's Speed fell!</small><br></div><div class="battle-history"><small>Ma boi's Attack rose!</small><br></div><div class="battle-history"><small>Ma boi's Defense rose!</small><br></div><div class="spacer battle-history"><br></div><h2 class="battle-history">Turn 21</h2><div class="spacer battle-history"><br></div><div class="battle-history">The opposing Autumn used <strong>Taunt</strong>!<br></div><div class="battle-history"><small>Ma boi fell for the taunt!</small><br></div><div class="spacer battle-history"><br></div><div class="battle-history">Ma boi can't use Curse after the taunt!<br></div><div class="spacer battle-history"><br></div><h2 class="battle-history">Turn 22</h2><div class="spacer battle-history"><br></div><div class="battle-history">The opposing Autumn used <strong>Giga Drain</strong>!<br></div><div class="battle-history"><small>A critical hit!</small><br></div><div class="battle-history"><small>(Ma boi lost <abbr title="−7/32">21.9%</abbr> of its health!)</small><br></div><div class="battle-history"><small>Ma boi had its energy drained!</small><br></div><div class="spacer battle-history"><br></div><div class="battle-history">Ma boi used <strong>Body Slam</strong>!<br></div><div class="battle-history"><small>(The opposing Autumn lost <abbr title="−4/23">17.4%</abbr> of its health!)</small><br></div><div class="spacer battle-history"><br></div><h2 class="battle-history">Turn 23</h2><div class="spacer battle-history"><br></div><div class="battle-history">Ma boi, come back!<br></div><div class="battle-history">Go! Sanic (<strong>Carvanha</strong>)!<br></div><div class="spacer battle-history"><br></div><div class="battle-history">The opposing Autumn used <strong>Giga Drain</strong>!<br></div><div class="battle-history"><small>It's super effective!</small><br></div><div class="battle-history"><small>(Sanic lost <abbr title="−19/21">90.5%</abbr> of its health!)</small><br></div><div class="battle-history"><small>Sanic had its energy drained!</small><br></div><div class="spacer battle-history"><br></div><div class="battle-history">Sanic fainted!<br></div><div class="chat chatmessage-fizzlenuke"><strong style="color:hsl(226,60%,57.449823860027735%)"><small>★</small><span class="username" data-name="fizzlenuke">fizzlenuke</span>:</strong> <em>shity</em></div><div class="chat chatmessage-fizzlenuke"><strong style="color:hsl(226,60%,57.449823860027735%)"><small>★</small><span class="username" data-name="fizzlenuke">fizzlenuke</span>:</strong> <em>i miss clickede</em></div><div class="spacer battle-history"><br></div><div class="battle-history">Go! Shyguy (<strong>Duskull</strong>)!<br></div><div class="spacer battle-history"><br></div><h2 class="battle-history">Turn 24</h2><div class="chat chatmessage-chicagowhitesawk5"><strong style="color:hsl(267,74%,55.96841988823829%)"><small>★</small><span class="username" data-name="Chicagowhitesawk5">Chicagowhitesawk5</span>:</strong> <em>damn sorry</em></div><div class="chat chatmessage-fizzlenuke"><strong style="color:hsl(226,60%,57.449823860027735%)"><small>★</small><span class="username" data-name="fizzlenuke">fizzlenuke</span>:</strong> <em>fck me</em></div><div class="spacer battle-history"><br></div><div class="battle-history">Chicagowhitesawk5 withdrew Autumn!<br></div><div class="battle-history">Chicagowhitesawk5 sent out Hades (<strong>Houndour</strong>)!<br></div><div class="spacer battle-history"><br></div><div class="battle-history">Shyguy used <strong>Substitute</strong>!<br></div><div class="battle-history"><small>Shyguy put in a substitute!</small><br></div><div class="battle-history"><small>(Shyguy lost <abbr title="−5/21">23.8%</abbr> of its health!)</small><br></div><div class="spacer battle-history"><br></div><div class="battle-history"><small>Shyguy restored a little HP using its Leftovers!</small><br></div><div class="spacer battle-history"><br></div><h2 class="battle-history">Turn 25</h2><div class="spacer battle-history"><br></div><div class="battle-history">The opposing Hades used <strong>Dark Pulse</strong>!<br></div><div class="battle-history"><small>It's super effective!</small><br></div><div class="battle-history"><small>Shyguy's substitute faded!</small><br></div><div class="spacer battle-history"><br></div><div class="battle-history">Shyguy used <strong>Pain Split</strong>!<br></div><div class="battle-history"><small>The battlers shared their pain!</small><br></div><div class="spacer battle-history"><br></div><div class="battle-history"><small>Shyguy restored a little HP using its Leftovers!</small><br></div><div class="spacer battle-history"><br></div><h2 class="battle-history">Turn 26</h2><div class="spacer battle-history"><br></div><div class="battle-history">The opposing Hades used <strong>Dark Pulse</strong>!<br></div><div class="battle-history"><small>It's super effective!</small><br></div><div class="battle-history"><small>(Shyguy lost <abbr title="−18/21">85.7%</abbr> of its health!)</small><br></div><div class="spacer battle-history"><br></div><div class="battle-history">Shyguy fainted!<br></div><div class="spacer battle-history"><br></div><div class="battle-history">Go! All cannons fire (<strong>Amaura</strong>)!<br></div><div class="spacer battle-history"><br></div><h2 class="battle-history">Turn 27</h2><div class="spacer battle-history"><br></div><div class="battle-history">The opposing Hades used <strong>Dark Pulse</strong>!<br></div><div class="battle-history"><small>(All cannons fire lost <abbr title="−15/25">60%</abbr> of its health!)</small><br></div><div class="spacer battle-history"><br></div><div class="battle-history">All cannons fire used <strong>Earth Power</strong>!<br></div><div class="battle-history"><small>It's super effective!</small><br></div><div class="battle-history"><small>(The opposing Hades lost <abbr title="−17/21">81.0%</abbr> of its health!)</small><br></div><div class="spacer battle-history"><br></div><div class="battle-history">The opposing Hades fainted!<br></div><div class="chat chatmessage-chicagowhitesawk5"><strong style="color:hsl(267,74%,55.96841988823829%)"><small>★</small><span class="username" data-name="Chicagowhitesawk5">Chicagowhitesawk5</span>:</strong> <em>really wish I knew your item lol</em></div><div class="spacer battle-history"><br></div><div class="battle-history">Chicagowhitesawk5 sent out Harambe (<strong>Slowpoke</strong>)!<br></div><div class="spacer battle-history"><br></div><h2 class="battle-history">Turn 28</h2><div class="chat chatmessage-fizzlenuke"><strong style="color:hsl(226,60%,57.449823860027735%)"><small>★</small><span class="username" data-name="fizzlenuke">fizzlenuke</span>:</strong> <em>It's uh</em></div><div class="chat chatmessage-fizzlenuke"><strong style="color:hsl(226,60%,57.449823860027735%)"><small>★</small><span class="username" data-name="fizzlenuke">fizzlenuke</span>:</strong> <em>aids</em></div><div class="chat chatmessage-chicagowhitesawk5"><strong style="color:hsl(267,74%,55.96841988823829%)"><small>★</small><span class="username" data-name="Chicagowhitesawk5">Chicagowhitesawk5</span>:</strong> <em>the gay aids</em></div><div class="chat chatmessage-chicagowhitesawk5"><strong style="color:hsl(267,74%,55.96841988823829%)"><small>★</small><span class="username" data-name="Chicagowhitesawk5">Chicagowhitesawk5</span>:</strong> <em>?</em></div><div class="spacer battle-history"><br></div><div class="battle-history">All cannons fire, come back!<br></div><div class="battle-history">Go! Ma boi (<strong>Munchlax</strong>)!<br></div><div class="spacer battle-history"><br></div><div class="battle-history">The opposing Harambe used <strong>Aqua Tail</strong>!<br></div><div class="battle-history"><small>(Ma boi lost <abbr title="−9/32">28.1%</abbr> of its health!)</small><br></div><div class="spacer battle-history"><br></div><div class="battle-history">Ma boi fainted!<br></div><div class="spacer battle-history"><br></div><div class="battle-history">Go! All cannons fire (<strong>Amaura</strong>)!<br></div><div class="spacer battle-history"><br></div><h2 class="battle-history">Turn 29</h2><div class="spacer battle-history"><br></div><div class="battle-history">All cannons fire used <strong>Thunderbolt</strong>!<br></div><div class="battle-history"><small>It's super effective!</small><br></div><div class="battle-history"><small>(The opposing Harambe lost <abbr title="−14/25">56.0%</abbr> of its health!)</small><br></div><div class="spacer battle-history"><br></div><div class="battle-history">The opposing Harambe used <strong>Aqua Tail</strong>!<br></div><div class="battle-history"><small>It's super effective!</small><br></div><div class="battle-history"><small>(All cannons fire lost <abbr title="−10/25">40%</abbr> of its health!)</small><br></div><div class="spacer battle-history"><br></div><div class="battle-history">All cannons fire fainted!<br></div><div class="spacer battle-history"><br></div><div class="battle-history">Go! Jawsus (<strong>Tyrunt</strong>)!<br></div><div class="spacer battle-history"><br></div><h2 class="battle-history">Turn 30</h2><div class="spacer battle-history"><br></div><div class="battle-history">Jawsus used <strong>Outrage</strong>!<br></div><div class="battle-history"><small>(The opposing Harambe lost <abbr title="−10/25">40%</abbr> of its health!)</small><br></div><div class="spacer battle-history"><br></div><div class="battle-history">The opposing Harambe used <strong>Aqua Tail</strong>!<br></div><div class="battle-history"><small>(Jawsus lost <abbr title="−2/20">10%</abbr> of its health!)</small><br></div><div class="spacer battle-history"><br></div><div class="battle-history">Jawsus fainted!<br></div><div class="spacer battle-history"><br></div><div class="battle-history"><strong>Chicagowhitesawk5</strong> won the battle!<br></div><div class="chat chatmessage-chicagowhitesawk5"><strong style="color:hsl(267,74%,55.96841988823829%)"><small>★</small><span class="username" data-name="Chicagowhitesawk5">Chicagowhitesawk5</span>:</strong> <em>gg</em></div><div class="chat chatmessage-fizzlenuke"><strong style="color:hsl(226,60%,57.449823860027735%)"><small>★</small><span class="username" data-name="fizzlenuke">fizzlenuke</span>:</strong> <em>stupid miss click</em></div><div class="chat"><small>fizzlenuke left.</small></div></div><div class="inner-preempt"></div></div></div>
</div>
<script>
let daily = Math.floor(Date.now()/1000/60/60/24);document.write('<script src="https://play.pokemonshowdown.com/js/replay-embed.js?version'+daily+'"></'+'script>');
</script>
