<!DOCTYPE html>
<meta charset="utf-8" />
<!-- version 1 -->
<title>LC replay: herptile vs. o idiota(sqn)</title>
<style>
html,body {font-family:Verdana, sans-serif;font-size:10pt;margin:0;padding:0;}body{padding:12px 0;} .battle-log {font-family:Verdana, sans-serif;font-size:10pt;} .battle-log-inline {border:1px solid #AAAAAA;background:#EEF2F5;color:black;max-width:640px;margin:0 auto 80px;padding-bottom:5px;} .battle-log .inner {padding:4px 8px 0px 8px;} .battle-log .inner-preempt {padding:0 8px 4px 8px;} .battle-log .inner-after {margin-top:0.5em;} .battle-log h2 {margin:0.5em -8px;padding:4px 8px;border:1px solid #AAAAAA;background:#E0E7EA;border-left:0;border-right:0;font-family:Verdana, sans-serif;font-size:13pt;} .battle-log .chat {vertical-align:middle;padding:3px 0 3px 0;font-size:8pt;} .battle-log .chat strong {color:#40576A;} .battle-log .chat em {padding:1px 4px 1px 3px;color:#000000;font-style:normal;} .chat.mine {background:rgba(0,0,0,0.05);margin-left:-8px;margin-right:-8px;padding-left:8px;padding-right:8px;} .spoiler {color:#BBBBBB;background:#BBBBBB;padding:0px 3px;} .spoiler:hover, .spoiler:active, .spoiler-shown {color:#000000;background:#E2E2E2;padding:0px 3px;} .spoiler a {color:#BBBBBB;} .spoiler:hover a, .spoiler:active a, .spoiler-shown a {color:#2288CC;} .chat code, .chat .spoiler:hover code, .chat .spoiler:active code, .chat .spoiler-shown code {border:1px solid #C0C0C0;background:#EEEEEE;color:black;padding:0 2px;} .chat .spoiler code {border:1px solid #CCCCCC;background:#CCCCCC;color:#CCCCCC;} .battle-log .rated {padding:3px 4px;} .battle-log .rated strong {color:white;background:#89A;padding:1px 4px;border-radius:4px;} .spacer {margin-top:0.5em;} .message-announce {background:#6688AA;color:white;padding:1px 4px 2px;} .message-announce a, .broadcast-green a, .broadcast-blue a, .broadcast-red a {color:#DDEEFF;} .broadcast-green {background-color:#559955;color:white;padding:2px 4px;} .broadcast-blue {background-color:#6688AA;color:white;padding:2px 4px;} .infobox {border:1px solid #6688AA;padding:2px 4px;} .infobox-limited {max-height:200px;overflow:auto;overflow-x:hidden;} .broadcast-red {background-color:#AA5544;color:white;padding:2px 4px;} .message-learn-canlearn {font-weight:bold;color:#228822;text-decoration:underline;} .message-learn-cannotlearn {font-weight:bold;color:#CC2222;text-decoration:underline;} .message-effect-weak {font-weight:bold;color:#CC2222;} .message-effect-resist {font-weight:bold;color:#6688AA;} .message-effect-immune {font-weight:bold;color:#666666;} .message-learn-list {margin-top:0;margin-bottom:0;} .message-throttle-notice, .message-error {color:#992222;} .message-overflow, .chat small.message-overflow {font-size:0pt;} .message-overflow::before {font-size:9pt;content:'...';} .subtle {color:#3A4A66;}
</style>
<div class="wrapper replay-wrapper" style="max-width:1180px;margin:0 auto">
<input type="hidden" name="replayid" value="lc-482462285" />
<div class="battle"></div><div class="battle-log"></div><div class="replay-controls"></div><div class="replay-controls-2"></div>
<h1 style="font-weight:normal;text-align:center"><strong>LC</strong><br /><a href="http://pokemonshowdown.com/users/herptile" class="subtle" target="_blank">herptile</a> vs. <a href="http://pokemonshowdown.com/users/oidiotasqn" class="subtle" target="_blank">o idiota(sqn)</a></h1>
<script type="text/plain" class="battle-log-data">|j|herptile
|j|o idiota(sqn)
|player|p1|herptile|184
|player|p2|o idiota(sqn)|29
|gametype|singles
|gen|6
|tier|LC
|rated
|seed|9272,55085,49611,32064
|clearpoke
|poke|p1|Vulpix, L5, M|item
|poke|p1|Bellsprout, L5, F|item
|poke|p1|Abra, L5, M|item
|poke|p1|Aipom, L5, F|item
|poke|p1|Fletchling, L5, M|item
|poke|p1|Zigzagoon, L5, F|item
|poke|p2|Abra, L5, F|
|poke|p2|Azurill, L5, F|
|poke|p2|Eevee, L5, F|
|poke|p2|Voltorb, L5|
|poke|p2|Magnemite, L5|
|poke|p2|Pidgey, L5, M|
|rule|Sleep Clause Mod: Limit one foe put to sleep
|rule|Species Clause: Limit one of each Pokémon
|rule|OHKO Clause: OHKO moves are banned
|rule|Moody Clause: Moody is banned
|rule|Evasion Moves Clause: Evasion moves are banned
|rule|Endless Battle Clause: Forcing endless battles is banned
|rule|HP Percentage Mod: HP is shown in percentages
|teampreview
|choice|team 6, team 2, team 3, team 4, team 5, team 1|team 2, team 1, team 3, team 4, team 5, team 6
|
|start
|switch|p1a: Zigzagoon|Zigzagoon, L5, F|20\/20
|switch|p2a: Azurill|Azurill, L5, F|21\/21
|turn|1
|choice|move bellydrum|move blizzard
|
|move|p1a: Zigzagoon|Belly Drum|p1a: Zigzagoon
|-damage|p1a: Zigzagoon|10\/20
|-setboost|p1a: Zigzagoon|atk|6|[from] move: Belly Drum
|-enditem|p1a: Zigzagoon|Berry Juice
|-heal|p1a: Zigzagoon|20\/20|[from] item: Berry Juice
|move|p2a: Azurill|Blizzard|p1a: Zigzagoon
|-damage|p1a: Zigzagoon|14\/20
|
|turn|2
|choice|move extremespeed|switch 6
|
|switch|p2a: Pidgey|Pidgey, L5, M|20\/20
|move|p1a: Zigzagoon|Extreme Speed|p2a: Pidgey
|-damage|p2a: Pidgey|0 fnt
|faint|p2a: Pidgey
|
|choice||switch 4
|
|switch|p2a: Voltorb|Voltorb, L5|20\/20
|turn|3
|choice|move extremespeed|move selfdestruct
|
|move|p1a: Zigzagoon|Extreme Speed|p2a: Voltorb
|-damage|p2a: Voltorb|0 fnt
|faint|p2a: Voltorb
|
|choice||switch 3
|
|switch|p2a: Eevee|Eevee, L5, F|22\/22
|turn|4
|choice|move extremespeed|move bodyslam
|
|move|p1a: Zigzagoon|Extreme Speed|p2a: Eevee
|-damage|p2a: Eevee|0 fnt
|faint|p2a: Eevee
|
|choice||switch 2
|
|switch|p2a: Abra|Abra, L5, F|19\/19
|turn|5
|choice|move extremespeed|move teleport
|
|move|p1a: Zigzagoon|Extreme Speed|p2a: Abra
|-damage|p2a: Abra|0 fnt
|faint|p2a: Abra
|
|choice||switch 5
|
|switch|p2a: Magnemite|Magnemite, L5|19\/19
|turn|6
|choice|move extremespeed|move thunderwave
|
|move|p1a: Zigzagoon|Extreme Speed|p2a: Magnemite
|-resisted|p2a: Magnemite
|-damage|p2a: Magnemite|0 fnt
|faint|p2a: Magnemite
|
|choice||switch 6
|
|switch|p2a: Azurill|Azurill, L5, F|21\/21
|turn|7
|choice|move extremespeed|move doubleedge
|
|move|p1a: Zigzagoon|Extreme Speed|p2a: Azurill
|-damage|p2a: Azurill|0 fnt
|faint|p2a: Azurill
|
|win|herptile
|player|p1
|player|p2
|c|★o idiota(sqn)|HACK
|l|o idiota(sqn)
|raw|herptile's rating: 1128 &rarr; <strong>1144<\/strong><br \/>(+16 for winning)
|raw|o idiota(sqn)'s rating: 1000 &rarr; <strong>1000<\/strong><br \/>(+0 for losing)</script>
</div>
<div class="battle-log battle-log-inline"><div class="inner"><div class="battle-options"></div><div class="inner"><div class="chat"><small>herptile joined.</small></div><div class="chat"><small>o idiota(sqn) joined.</small></div><div class=""><small>Format:</small> <br><strong>LC</strong></div><div class="rated"><strong>Rated battle</strong></div><div class=""><small><em>Sleep Clause Mod:</em> Limit one foe put to sleep</small></div><div class=""><small><em>Species Clause:</em> Limit one of each Pokémon</small></div><div class=""><small><em>OHKO Clause:</em> OHKO moves are banned</small></div><div class=""><small><em>Moody Clause:</em> Moody is banned</small></div><div class=""><small><em>Evasion Moves Clause:</em> Evasion moves are banned</small></div><div class=""><small><em>Endless Battle Clause:</em> Forcing endless battles is banned</small></div><div class=""><small><em>HP Percentage Mod:</em> HP is shown in percentages</small></div><div class="chat battle-history"><strong>herptile's team:</strong> <em style="color:#445566;display:block;">Vulpix / Bellsprout / Abra / Aipom / Fletchling / Zigzagoon</em></div><div class="chat battle-history"><strong>o idiota(sqn)'s team:</strong> <em style="color:#445566;display:block;">Abra / Azurill / Eevee / Voltorb / Magnemite / Pidgey</em></div><div class="spacer battle-history"><br></div><div class="battle-history">Battle started between herptile and o idiota(sqn)!<br></div><div class="spacer battle-history"><br></div><div class="battle-history">Go! <strong>Zigzagoon</strong>!<br></div><div class="spacer battle-history"><br></div><div class="battle-history">o idiota(sqn) sent out <strong>Azurill</strong>!<br></div><div class="spacer battle-history"><br></div><h2 class="battle-history">Turn 1</h2><div class="spacer battle-history"><br></div><div class="battle-history">Zigzagoon used <strong>Belly Drum</strong>!<br></div><div class="battle-history"><small>(Zigzagoon lost <abbr title="−10/20">50%</abbr> of its health!)</small><br></div><div class="battle-history"><small>Zigzagoon cut its own HP and maximized its Attack!</small><br></div><div class="battle-history"><small>(Zigzagoon used its Berry Juice!)</small><br></div><div class="battle-history"><small>Zigzagoon restored HP using its Berry Juice!</small><br></div><div class="spacer battle-history"><br></div><div class="battle-history">The opposing Azurill used <strong>Blizzard</strong>!<br></div><div class="battle-history"><small>(Zigzagoon lost <abbr title="−6/20">30%</abbr> of its health!)</small><br></div><div class="spacer battle-history"><br></div><h2 class="battle-history">Turn 2</h2><div class="spacer battle-history"><br></div><div class="battle-history">o idiota(sqn) withdrew Azurill!<br></div><div class="battle-history">o idiota(sqn) sent out <strong>Pidgey</strong>!<br></div><div class="spacer battle-history"><br></div><div class="battle-history">Zigzagoon used <strong>Extreme Speed</strong>!<br></div><div class="battle-history"><small>(The opposing Pidgey lost <abbr title="−20/20">100%</abbr> of its health!)</small><br></div><div class="spacer battle-history"><br></div><div class="battle-history">The opposing Pidgey fainted!<br></div><div class="spacer battle-history"><br></div><div class="battle-history">o idiota(sqn) sent out <strong>Voltorb</strong>!<br></div><div class="spacer battle-history"><br></div><h2 class="battle-history">Turn 3</h2><div class="spacer battle-history"><br></div><div class="battle-history">Zigzagoon used <strong>Extreme Speed</strong>!<br></div><div class="battle-history"><small>(The opposing Voltorb lost <abbr title="−20/20">100%</abbr> of its health!)</small><br></div><div class="spacer battle-history"><br></div><div class="battle-history">The opposing Voltorb fainted!<br></div><div class="spacer battle-history"><br></div><div class="battle-history">o idiota(sqn) sent out <strong>Eevee</strong>!<br></div><div class="spacer battle-history"><br></div><h2 class="battle-history">Turn 4</h2><div class="spacer battle-history"><br></div><div class="battle-history">Zigzagoon used <strong>Extreme Speed</strong>!<br></div><div class="battle-history"><small>(The opposing Eevee lost <abbr title="−22/22">100%</abbr> of its health!)</small><br></div><div class="spacer battle-history"><br></div><div class="battle-history">The opposing Eevee fainted!<br></div><div class="spacer battle-history"><br></div><div class="battle-history">o idiota(sqn) sent out <strong>Abra</strong>!<br></div><div class="spacer battle-history"><br></div><h2 class="battle-history">Turn 5</h2><div class="spacer battle-history"><br></div><div class="battle-history">Zigzagoon used <strong>Extreme Speed</strong>!<br></div><div class="battle-history"><small>(The opposing Abra lost <abbr title="−19/19">100%</abbr> of its health!)</small><br></div><div class="spacer battle-history"><br></div><div class="battle-history">The opposing Abra fainted!<br></div><div class="spacer battle-history"><br></div><div class="battle-history">o idiota(sqn) sent out <strong>Magnemite</strong>!<br></div><div class="spacer battle-history"><br></div><h2 class="battle-history">Turn 6</h2><div class="spacer battle-history"><br></div><div class="battle-history">Zigzagoon used <strong>Extreme Speed</strong>!<br></div><div class="battle-history"><small>It's not very effective...</small><br></div><div class="battle-history"><small>(The opposing Magnemite lost <abbr title="−19/19">100%</abbr> of its health!)</small><br></div><div class="spacer battle-history"><br></div><div class="battle-history">The opposing Magnemite fainted!<br></div><div class="spacer battle-history"><br></div><div class="battle-history">o idiota(sqn) sent out <strong>Azurill</strong>!<br></div><div class="spacer battle-history"><br></div><h2 class="battle-history">Turn 7</h2><div class="spacer battle-history"><br></div><div class="battle-history">Zigzagoon used <strong>Extreme Speed</strong>!<br></div><div class="battle-history"><small>(The opposing Azurill lost <abbr title="−21/21">100%</abbr> of its health!)</small><br></div><div class="spacer battle-history"><br></div><div class="battle-history">The opposing Azurill fainted!<br></div><div class="spacer battle-history"><br></div><div class="battle-history"><strong>herptile</strong> won the battle!<br></div><div class="chat chatmessage-oidiotasqn"><strong style="color:hsl(46,73%,34%)"><small>★</small><span class="username" data-name="o idiota(sqn)">o idiota(sqn)</span>:</strong> <em>HACK</em></div><div class="chat"><small>o idiota(sqn) left.</small></div><div class="chat">herptile's rating: 1128 → <strong>1144</strong><br>(+16 for winning)</div><div class="chat">o idiota(sqn)'s rating: 1000 → <strong>1000</strong><br>(+0 for losing)</div></div><div class="inner-preempt"></div></div></div>
</div>
<script>
let daily = Math.floor(Date.now()/1000/60/60/24);document.write('<script src="https://play.pokemonshowdown.com/js/replay-embed.js?version'+daily+'"></'+'script>');
</script>
