<!DOCTYPE html>
<meta charset="utf-8" />
<!-- version 1 -->
<title>LC replay: NerdDestroyer27 vs. piula</title>
<style>
html,body {font-family:Verdana, sans-serif;font-size:10pt;margin:0;padding:0;}body{padding:12px 0;} .battle-log {font-family:Verdana, sans-serif;font-size:10pt;} .battle-log-inline {border:1px solid #AAAAAA;background:#EEF2F5;color:black;max-width:640px;margin:0 auto 80px;padding-bottom:5px;} .battle-log .inner {padding:4px 8px 0px 8px;} .battle-log .inner-preempt {padding:0 8px 4px 8px;} .battle-log .inner-after {margin-top:0.5em;} .battle-log h2 {margin:0.5em -8px;padding:4px 8px;border:1px solid #AAAAAA;background:#E0E7EA;border-left:0;border-right:0;font-family:Verdana, sans-serif;font-size:13pt;} .battle-log .chat {vertical-align:middle;padding:3px 0 3px 0;font-size:8pt;} .battle-log .chat strong {color:#40576A;} .battle-log .chat em {padding:1px 4px 1px 3px;color:#000000;font-style:normal;} .chat.mine {background:rgba(0,0,0,0.05);margin-left:-8px;margin-right:-8px;padding-left:8px;padding-right:8px;} .spoiler {color:#BBBBBB;background:#BBBBBB;padding:0px 3px;} .spoiler:hover, .spoiler:active, .spoiler-shown {color:#000000;background:#E2E2E2;padding:0px 3px;} .spoiler a {color:#BBBBBB;} .spoiler:hover a, .spoiler:active a, .spoiler-shown a {color:#2288CC;} .chat code, .chat .spoiler:hover code, .chat .spoiler:active code, .chat .spoiler-shown code {border:1px solid #C0C0C0;background:#EEEEEE;color:black;padding:0 2px;} .chat .spoiler code {border:1px solid #CCCCCC;background:#CCCCCC;color:#CCCCCC;} .battle-log .rated {padding:3px 4px;} .battle-log .rated strong {color:white;background:#89A;padding:1px 4px;border-radius:4px;} .spacer {margin-top:0.5em;} .message-announce {background:#6688AA;color:white;padding:1px 4px 2px;} .message-announce a, .broadcast-green a, .broadcast-blue a, .broadcast-red a {color:#DDEEFF;} .broadcast-green {background-color:#559955;color:white;padding:2px 4px;} .broadcast-blue {background-color:#6688AA;color:white;padding:2px 4px;} .infobox {border:1px solid #6688AA;padding:2px 4px;} .infobox-limited {max-height:200px;overflow:auto;overflow-x:hidden;} .broadcast-red {background-color:#AA5544;color:white;padding:2px 4px;} .message-learn-canlearn {font-weight:bold;color:#228822;text-decoration:underline;} .message-learn-cannotlearn {font-weight:bold;color:#CC2222;text-decoration:underline;} .message-effect-weak {font-weight:bold;color:#CC2222;} .message-effect-resist {font-weight:bold;color:#6688AA;} .message-effect-immune {font-weight:bold;color:#666666;} .message-learn-list {margin-top:0;margin-bottom:0;} .message-throttle-notice, .message-error {color:#992222;} .message-overflow, .chat small.message-overflow {font-size:0pt;} .message-overflow::before {font-size:9pt;content:'...';} .subtle {color:#3A4A66;}
</style>
<div class="wrapper replay-wrapper" style="max-width:1180px;margin:0 auto">
<input type="hidden" name="replayid" value="lc-493271299" />
<div class="battle"></div><div class="battle-log"></div><div class="replay-controls"></div><div class="replay-controls-2"></div>
<h1 style="font-weight:normal;text-align:center"><strong>LC</strong><br /><a href="http://pokemonshowdown.com/users/nerddestroyer27" class="subtle" target="_blank">NerdDestroyer27</a> vs. <a href="http://pokemonshowdown.com/users/piula" class="subtle" target="_blank">piula</a></h1>
<script type="text/plain" class="battle-log-data">|j|NerdDestroyer27
|j|piula
|j|Stats Bot
|player|p1|NerdDestroyer27|170
|player|p2|piula|266
|gametype|singles
|gen|6
|tier|LC
|seed|35871,17244,33385,3781
|clearpoke
|poke|p1|Abra, L5, F|item
|poke|p1|Taillow, L5, M|item
|poke|p1|Bunnelby, L5, M|item
|poke|p1|Ferroseed, L5, F|item
|poke|p1|Elekid, L5, M|item
|poke|p1|Tirtouga, L5, M|item
|poke|p2|Purrloin, L5, M|item
|poke|p2|Ponyta, L5, M|item
|poke|p2|Surskit, L5, M|item
|poke|p2|Lileep, L5, F|item
|poke|p2|Machop, L5, M|item
|poke|p2|Eevee, L5, F, shiny|item
|rule|Sleep Clause Mod: Limit one foe put to sleep
|rule|Species Clause: Limit one of each Pokémon
|rule|OHKO Clause: OHKO moves are banned
|rule|Moody Clause: Moody is banned
|rule|Evasion Moves Clause: Evasion moves are banned
|rule|Endless Battle Clause: Forcing endless battles is banned
|rule|HP Percentage Mod: HP is shown in percentages
|teampreview
|l|Stats Bot
|j|Chorenn
|j|T1t4N
|j|killerman1124
|j|LPDP
|j|yeuy(~_^)
|j|kakashi5ou
|j|Alex♥AkSD
|j|superman8900☀️
|j|smile toad
|j|RikyVGC
|choice|team 4, team 2, team 3, team 1, team 5, team 6|team 2, team 1, team 3, team 4, team 5, team 6
|
|start
|switch|p1a: Ferroseed|Ferroseed, L5, F|21\/21
|switch|p2a: Lilla Gubben|Ponyta, L5, M|21\/21
|turn|1
|j|kikky
|j|fifageneral
|j|TorxPrimeval
|j|in the spirits
|choice|move stealthrock|move flareblitz
|
|move|p2a: Lilla Gubben|Flare Blitz|p1a: Ferroseed
|-supereffective|p1a: Ferroseed
|-damage|p1a: Ferroseed|0 fnt
|-damage|p2a: Lilla Gubben|19\/21|[from] ability: Iron Barbs|[of] p1a: Ferroseed
|-damage|p2a: Lilla Gubben|16\/21|[from] item: Rocky Helmet|[of] p1a: Ferroseed
|-damage|p2a: Lilla Gubben|9\/21|[from] recoil|[of] p1a: Ferroseed
|faint|p1a: Ferroseed
|
|upkeep
|j|The PokeLemon
|j|Thibert6
|l|Alex♥AkSD
|choice|switch 6|
|
|switch|p1a: Tirtouga|Tirtouga, L5, M|22\/22
|turn|2
|j|Zarc126
|choice|move shellsmash|move wildcharge
|
|move|p2a: Lilla Gubben|Wild Charge|p1a: Tirtouga
|-supereffective|p1a: Tirtouga
|-damage|p1a: Tirtouga|4\/22
|-damage|p2a: Lilla Gubben|4\/21|[from] recoil|[of] p1a: Tirtouga
|move|p1a: Tirtouga|Shell Smash|p1a: Tirtouga
|-unboost|p1a: Tirtouga|def|1
|-unboost|p1a: Tirtouga|spd|1
|-boost|p1a: Tirtouga|atk|2
|-boost|p1a: Tirtouga|spa|2
|-boost|p1a: Tirtouga|spe|2
|
|upkeep
|turn|3
|c| The PokeLemon|The final round!
|j|unluckzinho
|j|bad plyer
|choice|move aquajet|move wildcharge
|
|move|p1a: Tirtouga|Aqua Jet|p2a: Lilla Gubben
|-supereffective|p2a: Lilla Gubben
|-damage|p2a: Lilla Gubben|0 fnt
|-status|p1a: Tirtouga|brn|[from] ability: Flame Body|[of] p2a: Lilla Gubben
|faint|p2a: Lilla Gubben
|-enditem|p1a: Tirtouga|Lum Berry|[eat]
|-curestatus|p1a: Tirtouga|brn|[msg]
|
|upkeep
|c| in the spirits|damn
|c| in the spirits|woah'nice
|l|smile toad
|j|Ricen19
|c| fifageneral|that  lum berry saved her in semis
|c|★NerdDestroyer27|yup
|c|★NerdDestroyer27|it helps a lot
|j|RedVelvet10
|choice||switch 4
|
|switch|p2a: A.R.G.|Lileep, L5, F|24\/24
|turn|4
|c| The PokeLemon|Good luck to both of you!
|j|mrborder
|l|mrborder
|choice|move earthquake|move gigadrain
|
|move|p1a: Tirtouga|Earthquake|p2a: A.R.G.
|-damage|p2a: A.R.G.|14\/24
|move|p2a: A.R.G.|Giga Drain|p1a: Tirtouga
|-supereffective|p1a: Tirtouga
|-damage|p1a: Tirtouga|0 fnt
|-heal|p2a: A.R.G.|16\/24|[from] drain|[of] p1a: Tirtouga
|faint|p1a: Tirtouga
|
|upkeep
|c|★piula|my first ever tournament final, i'm nervous as hell :D
|c|★NerdDestroyer27|haha dont let it get to you
|l|RedVelvet10
|j|thunderflight
|c|★NerdDestroyer27|i remeber my first i choked and lost 5-0
|c| thunderflight|hello
|c| fifageneral|wtf is wrong with yall its a game
|c| thunderflight|good luck guys
|c|★piula|i have to double or triple think everything through now -.-
|c| fifageneral|not even a big tourny
|c| thunderflight|(is this gen 6 or 7?)
|c| fifageneral|6
|choice|switch 4|
|
|switch|p1a: Abra|Abra, L5, F|19\/19
|turn|5
|c|★piula|fifageneral youre right dough
|l|Zarc126
|c| T1t4N|fifageneral u should get some points before saying anything
|j|barbows
|c| T1t4N|this is their moument lol
|j|Roseybear
|c| fifageneral|points?
|c| T1t4N|in .rank
|c| The PokeLemon|The closest to the Final I've gotten is the Semi-Finals.
|j|pkgo14
|choice|move psychic|move ancientpower
|
|move|p1a: Abra|Psychic|p2a: A.R.G.
|-damage|p2a: A.R.G.|3\/24
|move|p2a: A.R.G.|Ancient Power|p1a: Abra
|-damage|p1a: Abra|10\/19
|
|upkeep
|turn|6
|j|ThatSweatyMexican
|c| fifageneral|nah i just randbats
|c| The PokeLemon|.rank
|choice|move psychic|move stealthrock
|
|move|p1a: Abra|Psychic|p2a: A.R.G.
|-damage|p2a: A.R.G.|0 fnt
|faint|p2a: A.R.G.
|
|upkeep
|j|leo05051998
|c| T1t4N|pm to lady monita
|choice||switch 2
|
|switch|p2a: M'Aiq|Purrloin, L5, M|20\/20
|turn|7
|l|pkgo14
|c| barbows|doesnt even randbat well
|c| fifageneral|.rank
|c| T1t4N|in tournament room \/pm lady monita, .rank
|c| fifageneral|what does that do?
|c| barbows|let the guys care about their game lol
|c| fifageneral|o
|j|Shrimperor
|c| The PokeLemon|its \/rank
|c| T1t4N|no
|l|kakashi5ou
|c| fifageneral|eh i was 1800 before gen 7
|c| T1t4N|different thing
|choice|switch 3|move knockoff
|
|switch|p1a: Bunnelby|Bunnelby, L5, M|21\/21
|move|p2a: M'Aiq|Knock Off|p1a: Bunnelby
|-damage|p1a: Bunnelby|6\/21
|-enditem|p1a: Bunnelby|Choice Scarf|[from] move: Knock Off|[of] p2a: M'Aiq
|
|upkeep
|turn|8
|c| barbows|it's .rank for the tours room rank
|l|TorxPrimeval
|c| T1t4N|yeah
|c| fifageneral|took a break came back and all these new shits running around
|c| barbows|and \/rank for the ps rank
|c| T1t4N|or the ladder rank
|choice|move quickattack|move knockoff
|
|move|p1a: Bunnelby|Quick Attack|p2a: M'Aiq
|-damage|p2a: M'Aiq|11\/20
|move|p2a: M'Aiq|Knock Off|p1a: Bunnelby
|-damage|p1a: Bunnelby|0 fnt
|faint|p1a: Bunnelby
|
|upkeep
|j|Huqt
|choice|switch 5|
|
|switch|p1a: Elekid|Elekid, L5, M|21\/21
|turn|9
|c| The PokeLemon|That's Purrloin's Sun and Moon sprite?
|c| barbows|you know that \/rank shows your random battle and your gen7 random battle right? haha
|l|Shrimperor
|c| barbows|your gen6 randbats is 1588
|c| T1t4N|lol
|choice|move voltswitch|move knockoff
|
|move|p1a: Elekid|Volt Switch|p2a: M'Aiq
|-crit|p2a: M'Aiq
|-damage|p2a: M'Aiq|0 fnt
|-damage|p1a: Elekid|19\/21|[from] item: Life Orb
|faint|p2a: M'Aiq
|c| T1t4N|The PokeLemon no its not?
|choice|switch 2|
|
|switch|p1a: Taillow|Taillow, L5, M|21\/21
|
|-status|p1a: Taillow|brn|[from] item: Flame Orb
|upkeep
|c| fifageneral|i know i quit for a couple months
|c| The PokeLemon|Ok
|l|unluckzinho
|c| fifageneral|you forget things, like azelf knowing dazzling gleam
|c| The PokeLemon|Are there any benefits to the Flame orb?
|c| fifageneral|or scarfed ttar and such
|c| barbows|activates guts on taillow
|c| leo05051998|only facade
|j|GigaTalonflame
|c| The PokeLemon|Ok
|c| barbows|so it's atk is 1.5 now
|j|Aryan Mishra
|c| T1t4N|guts + facade
|j|h41250
|choice||switch 5
|
|switch|p2a: Lesnar|Machop, L5, M|23\/23
|turn|10
|c| The PokeLemon|\/\/ Balanced Hackmons
|c| T1t4N|;)
|c| GigaTalonflame|rn
|choice|move bravebird|move dynamicpunch
|
|move|p2a: Lesnar|Dynamic Punch|p1a: Taillow
|-damage|p1a: Taillow|0 fnt
|faint|p1a: Taillow
|
|upkeep
|c| barbows|aaaay
|c| barbows|nice
|choice|switch 3|
|
|switch|p1a: Abra|Abra, L5, F|10\/19
|turn|11
|c| GigaTalonflame|-that's hurts
|c| barbows|scarf chop
|choice|move psychic|move dynamicpunch
|
|move|p2a: Lesnar|Dynamic Punch|p1a: Abra
|-resisted|p1a: Abra
|-damage|p1a: Abra|0 fnt
|faint|p1a: Abra
|
|upkeep
|c|★NerdDestroyer27|i think thats gg
|choice|switch 2|
|
|switch|p1a: Elekid|Elekid, L5, M|19\/21
|turn|12
|c| Aryan Mishra|gg
|c| leo05051998|gg
|c| T1t4N|NerdDestroyer27 Do u destroy nerds or are u a nerd who destroys?
|c| h41250|gg
|j|Thompson_trainer
|c| The PokeLemon|piula likely wins
|c|★piula|if youre not defensive
|c|★NerdDestroyer27|both
|choice|move thunderbolt|move dynamicpunch
|
|move|p2a: Lesnar|Dynamic Punch|p1a: Elekid
|-damage|p1a: Elekid|0 fnt
|-status|p2a: Lesnar|par|[from] ability: Static|[of] p1a: Elekid
|faint|p1a: Elekid
|
|win|piula
|player|p1
|player|p2
|c| fifageneral|scark champ in 1v1 is fun
|c| T1t4N|does matter
|c| barbows|t1t4n asking the real questions
|c|%Roseybear|is that brock lesnar's son?
|l|Aryan Mishra
|c|★piula|gg!
|c| T1t4N|;)
|c| ThatSweatyMexican|gg
|c| h41250|ggg
|l|kikky
|c|★NerdDestroyer27|gg
|l|Thibert6
|l|Thompson_trainer
|l|The PokeLemon
|l|ThatSweatyMexican
|l|Chorenn
|l|LPDP
|l|RikyVGC</script>
</div>
<div class="battle-log battle-log-inline"><div class="inner"><div class="battle-options"></div><div class="inner"><div class="chat"><small>NerdDestroyer27 joined.</small></div><div class="chat"><small>piula joined.</small></div><div class="chat"><small>Stats Bot joined.</small></div><div class=""><small>Format:</small> <br><strong>LC</strong></div><div class=""><small><em>Sleep Clause Mod:</em> Limit one foe put to sleep</small></div><div class=""><small><em>Species Clause:</em> Limit one of each Pokémon</small></div><div class=""><small><em>OHKO Clause:</em> OHKO moves are banned</small></div><div class=""><small><em>Moody Clause:</em> Moody is banned</small></div><div class=""><small><em>Evasion Moves Clause:</em> Evasion moves are banned</small></div><div class=""><small><em>Endless Battle Clause:</em> Forcing endless battles is banned</small></div><div class=""><small><em>HP Percentage Mod:</em> HP is shown in percentages</small></div><div class="chat battle-history"><strong>NerdDestroyer27's team:</strong> <em style="color:#445566;display:block;">Abra / Taillow / Bunnelby / Ferroseed / Elekid / Tirtouga</em></div><div class="chat battle-history"><strong>piula's team:</strong> <em style="color:#445566;display:block;">Purrloin / Ponyta / Surskit / Lileep / Machop / Eevee</em></div><div class="chat"><small>Stats Bot left.</small></div><div class="chat"><small>Chorenn joined.</small></div><div class="chat"><small>T1t4N joined.</small></div><div class="chat"><small>killerman1124 joined.</small></div><div class="chat"><small>LPDP joined.</small></div><div class="chat"><small>yeuy(~_^) joined.</small></div><div class="chat"><small>kakashi5ou joined.</small></div><div class="chat"><small>Alex♥AkSD joined.</small></div><div class="chat"><small>superman8900☀️ joined.</small></div><div class="chat"><small>smile toad joined.</small></div><div class="chat"><small>RikyVGC joined.</small></div><div class="spacer battle-history"><br></div><div class="battle-history">Battle started between NerdDestroyer27 and piula!<br></div><div class="spacer battle-history"><br></div><div class="battle-history">Go! <strong>Ferroseed</strong>!<br></div><div class="spacer battle-history"><br></div><div class="battle-history">piula sent out Lilla Gubben (<strong>Ponyta</strong>)!<br></div><div class="spacer battle-history"><br></div><h2 class="battle-history">Turn 1</h2><div class="chat"><small>kikky joined.</small></div><div class="chat"><small>fifageneral joined.</small></div><div class="chat"><small>TorxPrimeval joined.</small></div><div class="chat"><small>in the spirits joined.</small></div><div class="spacer battle-history"><br></div><div class="battle-history">The opposing Lilla Gubben used <strong>Flare Blitz</strong>!<br></div><div class="battle-history"><small>It's super effective!</small><br></div><div class="battle-history"><small>(Ferroseed lost <abbr title="−21/21">100%</abbr> of its health!)</small><br></div><div class="battle-history"><small>[Ferroseed's Iron Barbs]</small><br><small>The opposing Lilla Gubben was hurt!</small><br></div><div class="battle-history"><small>The opposing Lilla Gubben was hurt by the Rocky Helmet!</small><br></div><div class="battle-history"><small>The opposing Lilla Gubben is damaged by the recoil!</small><br></div><div class="spacer battle-history"><br></div><div class="battle-history">Ferroseed fainted!<br></div><div class="chat"><small>The PokeLemon joined.</small></div><div class="chat"><small>Thibert6 joined.</small></div><div class="chat"><small>Alex♥AkSD left.</small></div><div class="spacer battle-history"><br></div><div class="battle-history">Go! <strong>Tirtouga</strong>!<br></div><div class="spacer battle-history"><br></div><h2 class="battle-history">Turn 2</h2><div class="chat"><small>Zarc126 joined.</small></div><div class="spacer battle-history"><br></div><div class="battle-history">The opposing Lilla Gubben used <strong>Wild Charge</strong>!<br></div><div class="battle-history"><small>It's super effective!</small><br></div><div class="battle-history"><small>(Tirtouga lost <abbr title="−18/22">81.8%</abbr> of its health!)</small><br></div><div class="battle-history"><small>The opposing Lilla Gubben is damaged by the recoil!</small><br></div><div class="spacer battle-history"><br></div><div class="battle-history">Tirtouga used <strong>Shell Smash</strong>!<br></div><div class="battle-history"><small>Tirtouga's Defense fell!</small><br></div><div class="battle-history"><small>Tirtouga's Special Defense fell!</small><br></div><div class="battle-history"><small>Tirtouga's Attack rose sharply!</small><br></div><div class="battle-history"><small>Tirtouga's Special Attack rose sharply!</small><br></div><div class="battle-history"><small>Tirtouga's Speed rose sharply!</small><br></div><div class="spacer battle-history"><br></div><h2 class="battle-history">Turn 3</h2><div class="chat chatmessage-thepokelemon"><strong style="color:hsl(123,40%,36%)"><small> </small><span class="username" data-name="The PokeLemon">The PokeLemon</span>:</strong> <em>The final round!</em></div><div class="chat"><small>unluckzinho joined.</small></div><div class="chat"><small>bad plyer joined.</small></div><div class="spacer battle-history"><br></div><div class="battle-history">Tirtouga used <strong>Aqua Jet</strong>!<br></div><div class="battle-history"><small>It's super effective!</small><br></div><div class="battle-history"><small>(The opposing Lilla Gubben lost <abbr title="−4/21">19.0%</abbr> of its health!)</small><br></div><div class="battle-history"><small>[The opposing Lilla Gubben's Flame Body]</small><br><small>Tirtouga was burned!</small><br></div><div class="spacer battle-history"><br></div><div class="battle-history">The opposing Lilla Gubben fainted!<br></div><div class="battle-history"><small>Tirtouga ate its Lum Berry!</small><br></div><div class="battle-history"><small>Tirtouga's burn was healed.</small><br></div><div class="chat chatmessage-inthespirits"><strong style="color:hsl(180,81%,36%)"><small> </small><span class="username" data-name="in the spirits">in the spirits</span>:</strong> <em>damn</em></div><div class="chat chatmessage-inthespirits"><strong style="color:hsl(180,81%,36%)"><small> </small><span class="username" data-name="in the spirits">in the spirits</span>:</strong> <em>woah'nice</em></div><div class="chat"><small>smile toad left.</small></div><div class="chat"><small>Ricen19 joined.</small></div><div class="chat chatmessage-fifageneral"><strong style="color:hsl(220,56%,49.131431255178676%)"><small> </small><span class="username" data-name="fifageneral">fifageneral</span>:</strong> <em>that  lum berry saved her in semis</em></div><div class="chat chatmessage-nerddestroyer27"><strong style="color:hsl(84,42%,44.89054111659251%)"><small>★</small><span class="username" data-name="NerdDestroyer27">NerdDestroyer27</span>:</strong> <em>yup</em></div><div class="chat chatmessage-nerddestroyer27"><strong style="color:hsl(84,42%,44.89054111659251%)"><small>★</small><span class="username" data-name="NerdDestroyer27">NerdDestroyer27</span>:</strong> <em>it helps a lot</em></div><div class="chat"><small>RedVelvet10 joined.</small></div><div class="spacer battle-history"><br></div><div class="battle-history">piula sent out A.R.G. (<strong>Lileep</strong>)!<br></div><div class="spacer battle-history"><br></div><h2 class="battle-history">Turn 4</h2><div class="chat chatmessage-thepokelemon"><strong style="color:hsl(123,40%,36%)"><small> </small><span class="username" data-name="The PokeLemon">The PokeLemon</span>:</strong> <em>Good luck to both of you!</em></div><div class="chat"><small>mrborder joined.</small></div><div class="chat"><small>mrborder left.</small></div><div class="spacer battle-history"><br></div><div class="battle-history">Tirtouga used <strong>Earthquake</strong>!<br></div><div class="battle-history"><small>(The opposing A.R.G. lost <abbr title="−10/24">41.7%</abbr> of its health!)</small><br></div><div class="spacer battle-history"><br></div><div class="battle-history">The opposing A.R.G. used <strong>Giga Drain</strong>!<br></div><div class="battle-history"><small>It's super effective!</small><br></div><div class="battle-history"><small>(Tirtouga lost <abbr title="−4/22">18.2%</abbr> of its health!)</small><br></div><div class="battle-history"><small>Tirtouga had its energy drained!</small><br></div><div class="spacer battle-history"><br></div><div class="battle-history">Tirtouga fainted!<br></div><div class="chat chatmessage-piula"><strong style="color:hsl(5,43%,47%)"><small>★</small><span class="username" data-name="piula">piula</span>:</strong> <em>my first ever tournament final, i'm nervous as hell :D</em></div><div class="chat chatmessage-nerddestroyer27"><strong style="color:hsl(84,42%,44.89054111659251%)"><small>★</small><span class="username" data-name="NerdDestroyer27">NerdDestroyer27</span>:</strong> <em>haha dont let it get to you</em></div><div class="chat"><small>RedVelvet10 left.</small></div><div class="chat"><small>thunderflight joined.</small></div><div class="chat chatmessage-nerddestroyer27"><strong style="color:hsl(84,42%,44.89054111659251%)"><small>★</small><span class="username" data-name="NerdDestroyer27">NerdDestroyer27</span>:</strong> <em>i remeber my first i choked and lost 5-0</em></div><div class="chat chatmessage-thunderflight"><strong style="color:hsl(6,52%,49%)"><small> </small><span class="username" data-name="thunderflight">thunderflight</span>:</strong> <em>hello</em></div><div class="chat chatmessage-fifageneral"><strong style="color:hsl(220,56%,49.131431255178676%)"><small> </small><span class="username" data-name="fifageneral">fifageneral</span>:</strong> <em>wtf is wrong with yall its a game</em></div><div class="chat chatmessage-thunderflight"><strong style="color:hsl(6,52%,49%)"><small> </small><span class="username" data-name="thunderflight">thunderflight</span>:</strong> <em>good luck guys</em></div><div class="chat chatmessage-piula"><strong style="color:hsl(5,43%,47%)"><small>★</small><span class="username" data-name="piula">piula</span>:</strong> <em>i have to double or triple think everything through now -.-</em></div><div class="chat chatmessage-fifageneral"><strong style="color:hsl(220,56%,49.131431255178676%)"><small> </small><span class="username" data-name="fifageneral">fifageneral</span>:</strong> <em>not even a big tourny</em></div><div class="chat chatmessage-thunderflight"><strong style="color:hsl(6,52%,49%)"><small> </small><span class="username" data-name="thunderflight">thunderflight</span>:</strong> <em>(is this gen 6 or 7?)</em></div><div class="chat chatmessage-fifageneral"><strong style="color:hsl(220,56%,49.131431255178676%)"><small> </small><span class="username" data-name="fifageneral">fifageneral</span>:</strong> <em>6</em></div><div class="spacer battle-history"><br></div><div class="battle-history">Go! <strong>Abra</strong>!<br></div><div class="spacer battle-history"><br></div><h2 class="battle-history">Turn 5</h2><div class="chat chatmessage-piula"><strong style="color:hsl(5,43%,47%)"><small>★</small><span class="username" data-name="piula">piula</span>:</strong> <em>fifageneral youre right dough</em></div><div class="chat"><small>Zarc126 left.</small></div><div class="chat chatmessage-t1t4n"><strong style="color:hsl(56,60%,39.57376810876927%)"><small> </small><span class="username" data-name="T1t4N">T1t4N</span>:</strong> <em>fifageneral u should get some points before saying anything</em></div><div class="chat"><small>barbows joined.</small></div><div class="chat chatmessage-t1t4n"><strong style="color:hsl(56,60%,39.57376810876927%)"><small> </small><span class="username" data-name="T1t4N">T1t4N</span>:</strong> <em>this is their moument lol</em></div><div class="chat"><small>Roseybear joined.</small></div><div class="chat chatmessage-fifageneral"><strong style="color:hsl(220,56%,49.131431255178676%)"><small> </small><span class="username" data-name="fifageneral">fifageneral</span>:</strong> <em>points?</em></div><div class="chat chatmessage-t1t4n"><strong style="color:hsl(56,60%,39.57376810876927%)"><small> </small><span class="username" data-name="T1t4N">T1t4N</span>:</strong> <em>in .rank</em></div><div class="chat chatmessage-thepokelemon"><strong style="color:hsl(123,40%,36%)"><small> </small><span class="username" data-name="The PokeLemon">The PokeLemon</span>:</strong> <em>The closest to the Final I've gotten is the Semi-Finals.</em></div><div class="chat"><small>pkgo14 joined.</small></div><div class="spacer battle-history"><br></div><div class="battle-history">Abra used <strong>Psychic</strong>!<br></div><div class="battle-history"><small>(The opposing A.R.G. lost <abbr title="−13/24">54.2%</abbr> of its health!)</small><br></div><div class="spacer battle-history"><br></div><div class="battle-history">The opposing A.R.G. used <strong>Ancient Power</strong>!<br></div><div class="battle-history"><small>(Abra lost <abbr title="−9/19">47.4%</abbr> of its health!)</small><br></div><div class="spacer battle-history"><br></div><h2 class="battle-history">Turn 6</h2><div class="chat"><small>ThatSweatyMexican joined.</small></div><div class="chat chatmessage-fifageneral"><strong style="color:hsl(220,56%,49.131431255178676%)"><small> </small><span class="username" data-name="fifageneral">fifageneral</span>:</strong> <em>nah i just randbats</em></div><div class="chat chatmessage-thepokelemon"><strong style="color:hsl(123,40%,36%)"><small> </small><span class="username" data-name="The PokeLemon">The PokeLemon</span>:</strong> <em>.rank</em></div><div class="spacer battle-history"><br></div><div class="battle-history">Abra used <strong>Psychic</strong>!<br></div><div class="battle-history"><small>(The opposing A.R.G. lost <abbr title="−3/24">12.5%</abbr> of its health!)</small><br></div><div class="spacer battle-history"><br></div><div class="battle-history">The opposing A.R.G. fainted!<br></div><div class="chat"><small>leo05051998 joined.</small></div><div class="chat chatmessage-t1t4n"><strong style="color:hsl(56,60%,39.57376810876927%)"><small> </small><span class="username" data-name="T1t4N">T1t4N</span>:</strong> <em>pm to lady monita</em></div><div class="spacer battle-history"><br></div><div class="battle-history">piula sent out M'Aiq (<strong>Purrloin</strong>)!<br></div><div class="spacer battle-history"><br></div><h2 class="battle-history">Turn 7</h2><div class="chat"><small>pkgo14 left.</small></div><div class="chat chatmessage-barbows"><strong style="color:hsl(257,83%,55.39397267109467%)"><small> </small><span class="username" data-name="barbows">barbows</span>:</strong> <em>doesnt even randbat well</em></div><div class="chat chatmessage-fifageneral"><strong style="color:hsl(220,56%,49.131431255178676%)"><small> </small><span class="username" data-name="fifageneral">fifageneral</span>:</strong> <em>.rank</em></div><div class="chat chatmessage-t1t4n"><strong style="color:hsl(56,60%,39.57376810876927%)"><small> </small><span class="username" data-name="T1t4N">T1t4N</span>:</strong> <em>in tournament room /pm lady monita, .rank</em></div><div class="chat chatmessage-fifageneral"><strong style="color:hsl(220,56%,49.131431255178676%)"><small> </small><span class="username" data-name="fifageneral">fifageneral</span>:</strong> <em>what does that do?</em></div><div class="chat chatmessage-barbows"><strong style="color:hsl(257,83%,55.39397267109467%)"><small> </small><span class="username" data-name="barbows">barbows</span>:</strong> <em>let the guys care about their game lol</em></div><div class="chat chatmessage-fifageneral"><strong style="color:hsl(220,56%,49.131431255178676%)"><small> </small><span class="username" data-name="fifageneral">fifageneral</span>:</strong> <em>o</em></div><div class="chat"><small>Shrimperor joined.</small></div><div class="chat chatmessage-thepokelemon"><strong style="color:hsl(123,40%,36%)"><small> </small><span class="username" data-name="The PokeLemon">The PokeLemon</span>:</strong> <em>its /rank</em></div><div class="chat chatmessage-t1t4n"><strong style="color:hsl(56,60%,39.57376810876927%)"><small> </small><span class="username" data-name="T1t4N">T1t4N</span>:</strong> <em>no</em></div><div class="chat"><small>kakashi5ou left.</small></div><div class="chat chatmessage-fifageneral"><strong style="color:hsl(220,56%,49.131431255178676%)"><small> </small><span class="username" data-name="fifageneral">fifageneral</span>:</strong> <em>eh i was 1800 before gen 7</em></div><div class="chat chatmessage-t1t4n"><strong style="color:hsl(56,60%,39.57376810876927%)"><small> </small><span class="username" data-name="T1t4N">T1t4N</span>:</strong> <em>different thing</em></div><div class="spacer battle-history"><br></div><div class="battle-history">Abra, come back!<br></div><div class="battle-history">Go! <strong>Bunnelby</strong>!<br></div><div class="spacer battle-history"><br></div><div class="battle-history">The opposing M'Aiq used <strong>Knock Off</strong>!<br></div><div class="battle-history"><small>(Bunnelby lost <abbr title="−15/21">71.4%</abbr> of its health!)</small><br></div><div class="battle-history"><small>The opposing M'Aiq knocked off Bunnelby's Choice Scarf!</small><br></div><div class="spacer battle-history"><br></div><h2 class="battle-history">Turn 8</h2><div class="chat chatmessage-barbows"><strong style="color:hsl(257,83%,55.39397267109467%)"><small> </small><span class="username" data-name="barbows">barbows</span>:</strong> <em>it's .rank for the tours room rank</em></div><div class="chat"><small>TorxPrimeval left.</small></div><div class="chat chatmessage-t1t4n"><strong style="color:hsl(56,60%,39.57376810876927%)"><small> </small><span class="username" data-name="T1t4N">T1t4N</span>:</strong> <em>yeah</em></div><div class="chat chatmessage-fifageneral"><strong style="color:hsl(220,56%,49.131431255178676%)"><small> </small><span class="username" data-name="fifageneral">fifageneral</span>:</strong> <em>took a break came back and all these new shits running around</em></div><div class="chat chatmessage-barbows"><strong style="color:hsl(257,83%,55.39397267109467%)"><small> </small><span class="username" data-name="barbows">barbows</span>:</strong> <em>and /rank for the ps rank</em></div><div class="chat chatmessage-t1t4n"><strong style="color:hsl(56,60%,39.57376810876927%)"><small> </small><span class="username" data-name="T1t4N">T1t4N</span>:</strong> <em>or the ladder rank</em></div><div class="spacer battle-history"><br></div><div class="battle-history">Bunnelby used <strong>Quick Attack</strong>!<br></div><div class="battle-history"><small>(The opposing M'Aiq lost <abbr title="−9/20">45%</abbr> of its health!)</small><br></div><div class="spacer battle-history"><br></div><div class="battle-history">The opposing M'Aiq used <strong>Knock Off</strong>!<br></div><div class="battle-history"><small>(Bunnelby lost <abbr title="−6/21">28.6%</abbr> of its health!)</small><br></div><div class="spacer battle-history"><br></div><div class="battle-history">Bunnelby fainted!<br></div><div class="chat"><small>Huqt joined.</small></div><div class="spacer battle-history"><br></div><div class="battle-history">Go! <strong>Elekid</strong>!<br></div><div class="spacer battle-history"><br></div><h2 class="battle-history">Turn 9</h2><div class="chat chatmessage-thepokelemon"><strong style="color:hsl(123,40%,36%)"><small> </small><span class="username" data-name="The PokeLemon">The PokeLemon</span>:</strong> <em>That's Purrloin's Sun and Moon sprite?</em></div><div class="chat chatmessage-barbows"><strong style="color:hsl(257,83%,55.39397267109467%)"><small> </small><span class="username" data-name="barbows">barbows</span>:</strong> <em>you know that /rank shows your random battle and your gen7 random battle right? haha</em></div><div class="chat"><small>Shrimperor left.</small></div><div class="chat chatmessage-barbows"><strong style="color:hsl(257,83%,55.39397267109467%)"><small> </small><span class="username" data-name="barbows">barbows</span>:</strong> <em>your gen6 randbats is 1588</em></div><div class="chat chatmessage-t1t4n"><strong style="color:hsl(56,60%,39.57376810876927%)"><small> </small><span class="username" data-name="T1t4N">T1t4N</span>:</strong> <em>lol</em></div><div class="spacer battle-history"><br></div><div class="battle-history">Elekid used <strong>Volt Switch</strong>!<br></div><div class="battle-history"><small>A critical hit!</small><br></div><div class="battle-history"><small>(The opposing M'Aiq lost <abbr title="−11/20">55.0%</abbr> of its health!)</small><br></div><div class="battle-history"><small>Elekid lost some of its HP!</small><br></div><div class="spacer battle-history"><br></div><div class="battle-history">The opposing M'Aiq fainted!<br></div><div class="chat chatmessage-t1t4n"><strong style="color:hsl(56,60%,39.57376810876927%)"><small> </small><span class="username" data-name="T1t4N">T1t4N</span>:</strong> <em>The PokeLemon no its not?</em></div><div class="spacer battle-history"><br></div><div class="battle-history">Elekid went back to NerdDestroyer27!<br></div><div class="battle-history">Go! <strong>Taillow</strong>!<br></div><div class="spacer battle-history"><br></div><div class="battle-history"><small>Taillow was burned!</small><br></div><div class="chat chatmessage-fifageneral"><strong style="color:hsl(220,56%,49.131431255178676%)"><small> </small><span class="username" data-name="fifageneral">fifageneral</span>:</strong> <em>i know i quit for a couple months</em></div><div class="chat chatmessage-thepokelemon"><strong style="color:hsl(123,40%,36%)"><small> </small><span class="username" data-name="The PokeLemon">The PokeLemon</span>:</strong> <em>Ok</em></div><div class="chat"><small>unluckzinho left.</small></div><div class="chat chatmessage-fifageneral"><strong style="color:hsl(220,56%,49.131431255178676%)"><small> </small><span class="username" data-name="fifageneral">fifageneral</span>:</strong> <em>you forget things, like azelf knowing dazzling gleam</em></div><div class="chat chatmessage-thepokelemon"><strong style="color:hsl(123,40%,36%)"><small> </small><span class="username" data-name="The PokeLemon">The PokeLemon</span>:</strong> <em>Are there any benefits to the Flame orb?</em></div><div class="chat chatmessage-fifageneral"><strong style="color:hsl(220,56%,49.131431255178676%)"><small> </small><span class="username" data-name="fifageneral">fifageneral</span>:</strong> <em>or scarfed ttar and such</em></div><div class="chat chatmessage-barbows"><strong style="color:hsl(257,83%,55.39397267109467%)"><small> </small><span class="username" data-name="barbows">barbows</span>:</strong> <em>activates guts on taillow</em></div><div class="chat chatmessage-leo05051998"><strong style="color:hsl(350,58%,49%)"><small> </small><span class="username" data-name="leo05051998">leo05051998</span>:</strong> <em>only facade</em></div><div class="chat"><small>GigaTalonflame joined.</small></div><div class="chat chatmessage-thepokelemon"><strong style="color:hsl(123,40%,36%)"><small> </small><span class="username" data-name="The PokeLemon">The PokeLemon</span>:</strong> <em>Ok</em></div><div class="chat chatmessage-barbows"><strong style="color:hsl(257,83%,55.39397267109467%)"><small> </small><span class="username" data-name="barbows">barbows</span>:</strong> <em>so it's atk is 1.5 now</em></div><div class="chat"><small>Aryan Mishra joined.</small></div><div class="chat chatmessage-t1t4n"><strong style="color:hsl(56,60%,39.57376810876927%)"><small> </small><span class="username" data-name="T1t4N">T1t4N</span>:</strong> <em>guts + facade</em></div><div class="chat"><small>h41250 joined.</small></div><div class="spacer battle-history"><br></div><div class="battle-history">piula sent out Lesnar (<strong>Machop</strong>)!<br></div><div class="spacer battle-history"><br></div><h2 class="battle-history">Turn 10</h2><div class="chat chatmessage-thepokelemon"><strong style="color:hsl(123,40%,36%)"><small> </small><span class="username" data-name="The PokeLemon">The PokeLemon</span>:</strong> <em>/ Balanced Hackmons</em></div><div class="chat chatmessage-t1t4n"><strong style="color:hsl(56,60%,39.57376810876927%)"><small> </small><span class="username" data-name="T1t4N">T1t4N</span>:</strong> <em>;)</em></div><div class="chat chatmessage-gigatalonflame"><strong style="color:hsl(136,83%,35.85446001316599%)"><small> </small><span class="username" data-name="GigaTalonflame">GigaTalonflame</span>:</strong> <em>rn</em></div><div class="spacer battle-history"><br></div><div class="battle-history">The opposing Lesnar used <strong>Dynamic Punch</strong>!<br></div><div class="battle-history"><small>(Taillow lost <abbr title="−21/21">100%</abbr> of its health!)</small><br></div><div class="spacer battle-history"><br></div><div class="battle-history">Taillow fainted!<br></div><div class="chat chatmessage-barbows"><strong style="color:hsl(257,83%,55.39397267109467%)"><small> </small><span class="username" data-name="barbows">barbows</span>:</strong> <em>aaaay</em></div><div class="chat chatmessage-barbows"><strong style="color:hsl(257,83%,55.39397267109467%)"><small> </small><span class="username" data-name="barbows">barbows</span>:</strong> <em>nice</em></div><div class="spacer battle-history"><br></div><div class="battle-history">Go! <strong>Abra</strong>!<br></div><div class="spacer battle-history"><br></div><h2 class="battle-history">Turn 11</h2><div class="chat chatmessage-gigatalonflame"><strong style="color:hsl(136,83%,35.85446001316599%)"><small> </small><span class="username" data-name="GigaTalonflame">GigaTalonflame</span>:</strong> <em>-that's hurts</em></div><div class="chat chatmessage-barbows"><strong style="color:hsl(257,83%,55.39397267109467%)"><small> </small><span class="username" data-name="barbows">barbows</span>:</strong> <em>scarf chop</em></div><div class="spacer battle-history"><br></div><div class="battle-history">The opposing Lesnar used <strong>Dynamic Punch</strong>!<br></div><div class="battle-history"><small>It's not very effective...</small><br></div><div class="battle-history"><small>(Abra lost <abbr title="−10/19">52.6%</abbr> of its health!)</small><br></div><div class="spacer battle-history"><br></div><div class="battle-history">Abra fainted!<br></div><div class="chat chatmessage-nerddestroyer27"><strong style="color:hsl(84,42%,44.89054111659251%)"><small>★</small><span class="username" data-name="NerdDestroyer27">NerdDestroyer27</span>:</strong> <em>i think thats gg</em></div><div class="spacer battle-history"><br></div><div class="battle-history">Go! <strong>Elekid</strong>!<br></div><div class="spacer battle-history"><br></div><h2 class="battle-history">Turn 12</h2><div class="chat chatmessage-aryanmishra"><strong style="color:hsl(10,46%,49%)"><small> </small><span class="username" data-name="Aryan Mishra">Aryan Mishra</span>:</strong> <em>gg</em></div><div class="chat chatmessage-leo05051998"><strong style="color:hsl(350,58%,49%)"><small> </small><span class="username" data-name="leo05051998">leo05051998</span>:</strong> <em>gg</em></div><div class="chat chatmessage-t1t4n"><strong style="color:hsl(56,60%,39.57376810876927%)"><small> </small><span class="username" data-name="T1t4N">T1t4N</span>:</strong> <em>NerdDestroyer27 Do u destroy nerds or are u a nerd who destroys?</em></div><div class="chat chatmessage-h41250"><strong style="color:hsl(7,57%,50.25132481723105%)"><small> </small><span class="username" data-name="h41250">h41250</span>:</strong> <em>gg</em></div><div class="chat"><small>Thompson_trainer joined.</small></div><div class="chat chatmessage-thepokelemon"><strong style="color:hsl(123,40%,36%)"><small> </small><span class="username" data-name="The PokeLemon">The PokeLemon</span>:</strong> <em>piula likely wins</em></div><div class="chat chatmessage-piula"><strong style="color:hsl(5,43%,47%)"><small>★</small><span class="username" data-name="piula">piula</span>:</strong> <em>if youre not defensive</em></div><div class="chat chatmessage-nerddestroyer27"><strong style="color:hsl(84,42%,44.89054111659251%)"><small>★</small><span class="username" data-name="NerdDestroyer27">NerdDestroyer27</span>:</strong> <em>both</em></div><div class="spacer battle-history"><br></div><div class="battle-history">The opposing Lesnar used <strong>Dynamic Punch</strong>!<br></div><div class="battle-history"><small>(Elekid lost <abbr title="−19/21">90.5%</abbr> of its health!)</small><br></div><div class="battle-history"><small>[Elekid's Static]</small><br><small>The opposing Lesnar is paralyzed! It may be unable to move!</small><br></div><div class="spacer battle-history"><br></div><div class="battle-history">Elekid fainted!<br></div><div class="spacer battle-history"><br></div><div class="battle-history"><strong>piula</strong> won the battle!<br></div><div class="chat chatmessage-fifageneral"><strong style="color:hsl(220,56%,49.131431255178676%)"><small> </small><span class="username" data-name="fifageneral">fifageneral</span>:</strong> <em>scark champ in 1v1 is fun</em></div><div class="chat chatmessage-t1t4n"><strong style="color:hsl(56,60%,39.57376810876927%)"><small> </small><span class="username" data-name="T1t4N">T1t4N</span>:</strong> <em>does matter</em></div><div class="chat chatmessage-barbows"><strong style="color:hsl(257,83%,55.39397267109467%)"><small> </small><span class="username" data-name="barbows">barbows</span>:</strong> <em>t1t4n asking the real questions</em></div><div class="chat chatmessage-roseybear"><strong style="color:hsl(307,65%,41%)"><small>%</small><span class="username" data-name="Roseybear">Roseybear</span>:</strong> <em>is that brock lesnar's son?</em></div><div class="chat"><small>Aryan Mishra left.</small></div><div class="chat chatmessage-piula"><strong style="color:hsl(5,43%,47%)"><small>★</small><span class="username" data-name="piula">piula</span>:</strong> <em>gg!</em></div><div class="chat chatmessage-t1t4n"><strong style="color:hsl(56,60%,39.57376810876927%)"><small> </small><span class="username" data-name="T1t4N">T1t4N</span>:</strong> <em>;)</em></div><div class="chat chatmessage-thatsweatymexican"><strong style="color:hsl(15,40%,50.140212224%)"><small> </small><span class="username" data-name="ThatSweatyMexican">ThatSweatyMexican</span>:</strong> <em>gg</em></div><div class="chat chatmessage-h41250"><strong style="color:hsl(7,57%,50.25132481723105%)"><small> </small><span class="username" data-name="h41250">h41250</span>:</strong> <em>ggg</em></div><div class="chat"><small>kikky left.</small></div><div class="chat chatmessage-nerddestroyer27"><strong style="color:hsl(84,42%,44.89054111659251%)"><small>★</small><span class="username" data-name="NerdDestroyer27">NerdDestroyer27</span>:</strong> <em>gg</em></div><div class="chat"><small>Thibert6 left.</small></div><div class="chat"><small>Thompson_trainer left.</small></div><div class="chat"><small>The PokeLemon left.</small></div><div class="chat"><small>ThatSweatyMexican left.</small></div><div class="chat"><small>Chorenn left.</small></div><div class="chat"><small>LPDP left.</small></div><div class="chat"><small>RikyVGC left.</small></div></div><div class="inner-preempt"></div></div></div>
</div>
<script>
let daily = Math.floor(Date.now()/1000/60/60/24);document.write('<script src="https://play.pokemonshowdown.com/js/replay-embed.js?version'+daily+'"></'+'script>');
</script>
