<!DOCTYPE html>
<meta charset="utf-8" />
<!-- version 1 -->
<title>LC replay: unlimiteddazzle vs. zzackee</title>
<style>
html,body {font-family:Verdana, sans-serif;font-size:10pt;margin:0;padding:0;}body{padding:12px 0;} .battle-log {font-family:Verdana, sans-serif;font-size:10pt;} .battle-log-inline {border:1px solid #AAAAAA;background:#EEF2F5;color:black;max-width:640px;margin:0 auto 80px;padding-bottom:5px;} .battle-log .inner {padding:4px 8px 0px 8px;} .battle-log .inner-preempt {padding:0 8px 4px 8px;} .battle-log .inner-after {margin-top:0.5em;} .battle-log h2 {margin:0.5em -8px;padding:4px 8px;border:1px solid #AAAAAA;background:#E0E7EA;border-left:0;border-right:0;font-family:Verdana, sans-serif;font-size:13pt;} .battle-log .chat {vertical-align:middle;padding:3px 0 3px 0;font-size:8pt;} .battle-log .chat strong {color:#40576A;} .battle-log .chat em {padding:1px 4px 1px 3px;color:#000000;font-style:normal;} .chat.mine {background:rgba(0,0,0,0.05);margin-left:-8px;margin-right:-8px;padding-left:8px;padding-right:8px;} .spoiler {color:#BBBBBB;background:#BBBBBB;padding:0px 3px;} .spoiler:hover, .spoiler:active, .spoiler-shown {color:#000000;background:#E2E2E2;padding:0px 3px;} .spoiler a {color:#BBBBBB;} .spoiler:hover a, .spoiler:active a, .spoiler-shown a {color:#2288CC;} .chat code, .chat .spoiler:hover code, .chat .spoiler:active code, .chat .spoiler-shown code {border:1px solid #C0C0C0;background:#EEEEEE;color:black;padding:0 2px;} .chat .spoiler code {border:1px solid #CCCCCC;background:#CCCCCC;color:#CCCCCC;} .battle-log .rated {padding:3px 4px;} .battle-log .rated strong {color:white;background:#89A;padding:1px 4px;border-radius:4px;} .spacer {margin-top:0.5em;} .message-announce {background:#6688AA;color:white;padding:1px 4px 2px;} .message-announce a, .broadcast-green a, .broadcast-blue a, .broadcast-red a {color:#DDEEFF;} .broadcast-green {background-color:#559955;color:white;padding:2px 4px;} .broadcast-blue {background-color:#6688AA;color:white;padding:2px 4px;} .infobox {border:1px solid #6688AA;padding:2px 4px;} .infobox-limited {max-height:200px;overflow:auto;overflow-x:hidden;} .broadcast-red {background-color:#AA5544;color:white;padding:2px 4px;} .message-learn-canlearn {font-weight:bold;color:#228822;text-decoration:underline;} .message-learn-cannotlearn {font-weight:bold;color:#CC2222;text-decoration:underline;} .message-effect-weak {font-weight:bold;color:#CC2222;} .message-effect-resist {font-weight:bold;color:#6688AA;} .message-effect-immune {font-weight:bold;color:#666666;} .message-learn-list {margin-top:0;margin-bottom:0;} .message-throttle-notice, .message-error {color:#992222;} .message-overflow, .chat small.message-overflow {font-size:0pt;} .message-overflow::before {font-size:9pt;content:'...';} .subtle {color:#3A4A66;}
</style>
<div class="wrapper replay-wrapper" style="max-width:1180px;margin:0 auto">
<input type="hidden" name="replayid" value="lc-500805926" />
<div class="battle"></div><div class="battle-log"></div><div class="replay-controls"></div><div class="replay-controls-2"></div>
<h1 style="font-weight:normal;text-align:center"><strong>LC</strong><br /><a href="http://pokemonshowdown.com/users/unlimiteddazzle" class="subtle" target="_blank">unlimiteddazzle</a> vs. <a href="http://pokemonshowdown.com/users/zzackee" class="subtle" target="_blank">zzackee</a></h1>
<script type="text/plain" class="battle-log-data">|j|unlimiteddazzle
|j|zzackee
|player|p1|unlimiteddazzle|285
|player|p2|zzackee|161
|gametype|singles
|gen|6
|tier|LC
|seed|16,11666,41030,33530
|clearpoke
|poke|p1|Krabby, L5, M|item
|poke|p1|Gulpin, L5, F, shiny|item
|poke|p1|Bronzor, L5|item
|poke|p1|Munchlax, L5, M|item
|poke|p1|Numel, L5, M|item
|poke|p1|Carvanha, L5, F|item
|poke|p2|Trapinch, L5, M|item
|poke|p2|Fletchling, L5, M|
|poke|p2|Elekid, L5, F|item
|poke|p2|Ferroseed, L5, M|item
|poke|p2|Rhyhorn, L5, M|item
|poke|p2|Wynaut, L5, M|item
|rule|Sleep Clause Mod: Limit one foe put to sleep
|rule|Species Clause: Limit one of each Pokémon
|rule|OHKO Clause: OHKO moves are banned
|rule|Moody Clause: Moody is banned
|rule|Evasion Moves Clause: Evasion moves are banned
|rule|Endless Battle Clause: Forcing endless battles is banned
|rule|HP Percentage Mod: HP is shown in percentages
|teampreview
|c|★unlimiteddazzle|have fun :]
|c|★zzackee|hf
|choice|team 4, team 2, team 3, team 1, team 5, team 6|team 1, team 2, team 3, team 4, team 5, team 6
|
|start
|switch|p1a: Chowder|Munchlax, L5, M|33\/33
|switch|p2a: Trapinch|Trapinch, L5, M|21\/21
|turn|1
|choice|move curse|move earthquake
|
|move|p2a: Trapinch|Earthquake|p1a: Chowder
|-damage|p1a: Chowder|20\/33
|move|p1a: Chowder|Curse|p1a: Chowder
|-unboost|p1a: Chowder|spe|1
|-boost|p1a: Chowder|atk|1
|-boost|p1a: Chowder|def|1
|
|upkeep
|turn|2
|l|zzackee
|player|p2
|j|zzackee
|player|p2|zzackee|161
|choice|move curse|move earthquake
|
|move|p2a: Trapinch|Earthquake|p1a: Chowder
|-crit|p1a: Chowder
|-damage|p1a: Chowder|0 fnt
|faint|p1a: Chowder
|
|upkeep
|c|★zzackee|nice crit
|c|★unlimiteddazzle|lol
|c|★unlimiteddazzle|that sucks
|c|★zzackee|yup
|choice|switch 4|
|
|switch|p1a: Deadliest Catch|Krabby, L5, M|21\/21
|turn|3
|choice|move knockoff|move earthquake
|
|move|p1a: Deadliest Catch|Knock Off|p2a: Trapinch
|-damage|p2a: Trapinch|12\/21
|-enditem|p2a: Trapinch|Eviolite|[from] move: Knock Off|[of] p1a: Deadliest Catch
|move|p2a: Trapinch|Earthquake|p1a: Deadliest Catch
|-damage|p1a: Deadliest Catch|11\/21
|
|upkeep
|turn|4
|choice|move superpower|switch 4
|
|switch|p2a: Ferroseed|Ferroseed, L5, M|20\/20
|move|p1a: Deadliest Catch|Superpower|p2a: Ferroseed
|-supereffective|p2a: Ferroseed
|-enditem|p2a: Ferroseed|Focus Sash
|-damage|p2a: Ferroseed|1\/20
|-damage|p1a: Deadliest Catch|9\/21|[from] ability: Iron Barbs|[of] p2a: Ferroseed
|-unboost|p1a: Deadliest Catch|atk|1
|-unboost|p1a: Deadliest Catch|def|1
|
|upkeep
|turn|5
|choice|move knockoff|move stealthrock
|
|move|p1a: Deadliest Catch|Knock Off|p2a: Ferroseed
|-crit|p2a: Ferroseed
|-damage|p2a: Ferroseed|0 fnt
|-damage|p1a: Deadliest Catch|7\/21|[from] ability: Iron Barbs|[of] p2a: Ferroseed
|faint|p2a: Ferroseed
|
|upkeep
|choice||switch 2
|
|switch|p2a: Fletchling|Fletchling, L5, M|21\/21
|turn|6
|choice|switch 2|switch 4
|
|switch|p1a: Gumdrop|Gulpin, L5, F, shiny|25\/25
|switch|p2a: Trapinch|Trapinch, L5, M|12\/21
|
|upkeep
|turn|7
|choice|move bulletseed|move earthquake
|
|move|p1a: Gumdrop|Bullet Seed|p2a: Trapinch
|-supereffective|p2a: Trapinch
|-damage|p2a: Trapinch|6\/21
|-supereffective|p2a: Trapinch
|-damage|p2a: Trapinch|0 fnt
|-hitcount|p2a: Trapinch|2
|faint|p2a: Trapinch
|
|upkeep
|choice||switch 4
|
|switch|p2a: Fletchling|Fletchling, L5, M|21\/21
|turn|8
|choice|move thunderpunch|move swordsdance
|
|move|p2a: Fletchling|Swords Dance|p2a: Fletchling
|-boost|p2a: Fletchling|atk|2
|move|p1a: Gumdrop|Thunder Punch|p2a: Fletchling
|-supereffective|p2a: Fletchling
|-crit|p2a: Fletchling
|-damage|p2a: Fletchling|0 fnt
|faint|p2a: Fletchling
|
|upkeep
|c|★zzackee|nice crit
|choice||switch 6
|
|switch|p2a: Wynaut|Wynaut, L5, M|26\/26
|turn|9
|c|★unlimiteddazzle|:\/
|choice|move bulletseed|move counter
|
|move|p1a: Gumdrop|Bullet Seed|p2a: Wynaut
|-damage|p2a: Wynaut|23\/26
|-damage|p2a: Wynaut|21\/26
|-damage|p2a: Wynaut|19\/26
|-hitcount|p2a: Wynaut|3
|move|p2a: Wynaut|Counter|p1a: Gumdrop
|-damage|p1a: Gumdrop|21\/25
|
|upkeep
|turn|10
|choice|move bulletseed|move destinybond
|
|move|p1a: Gumdrop|Bullet Seed|p2a: Wynaut
|-damage|p2a: Wynaut|17\/26
|-damage|p2a: Wynaut|15\/26
|-damage|p2a: Wynaut|13\/26
|-hitcount|p2a: Wynaut|3
|move|p2a: Wynaut|Destiny Bond|p2a: Wynaut
|-singlemove|p2a: Wynaut|Destiny Bond
|
|upkeep
|turn|11
|choice|move bulletseed|move counter
|
|move|p1a: Gumdrop|Bullet Seed|p2a: Wynaut
|-damage|p2a: Wynaut|11\/26
|-damage|p2a: Wynaut|9\/26
|-hitcount|p2a: Wynaut|2
|move|p2a: Wynaut|Counter|p1a: Gumdrop
|-damage|p1a: Gumdrop|17\/25
|
|upkeep
|turn|12
|choice|move bulletseed|move destinybond
|
|move|p1a: Gumdrop|Bullet Seed|p2a: Wynaut
|-crit|p2a: Wynaut
|-damage|p2a: Wynaut|6\/26
|-damage|p2a: Wynaut|4\/26
|-damage|p2a: Wynaut|2\/26
|-hitcount|p2a: Wynaut|3
|move|p2a: Wynaut|Destiny Bond|p2a: Wynaut
|-singlemove|p2a: Wynaut|Destiny Bond
|
|upkeep
|turn|13
|choice|move firepunch|move counter
|
|move|p1a: Gumdrop|Fire Punch|p2a: Wynaut
|-damage|p2a: Wynaut|0 fnt
|faint|p2a: Wynaut
|-activate|p2a: Wynaut|move: Destiny Bond
|faint|p1a: Gumdrop
|
|upkeep
|choice|switch 6|switch 5
|
|switch|p1a: Marvel|Carvanha, L5, F|19\/19
|switch|p2a: Rhyhorn|Rhyhorn, L5, M|25\/25
|turn|14
|l|zzackee
|player|p2
|j|zzackee
|player|p2|zzackee|161
|choice|move surf|move rockpolish
|
|move|p1a: Marvel|Surf|p2a: Rhyhorn
|-supereffective|p2a: Rhyhorn
|-damage|p2a: Rhyhorn|0 fnt
|-enditem|p2a: Rhyhorn|Berry Juice
|-damage|p1a: Marvel|18\/19|[from] item: Life Orb
|faint|p2a: Rhyhorn
|
|-ability|p1a: Marvel|Speed Boost|boost
|-boost|p1a: Marvel|spe|1
|upkeep
|choice||switch 3
|
|switch|p2a: Elekid|Elekid, L5, F|21\/21
|turn|15
|c|★unlimiteddazzle|berry juice activated? o.O
|c|★zzackee|lol
|choice|move darkpulse|move thunderbolt
|
|move|p1a: Marvel|Dark Pulse|p2a: Elekid
|-damage|p2a: Elekid|2\/21
|-damage|p1a: Marvel|17\/19|[from] item: Life Orb
|move|p2a: Elekid|Thunderbolt|p1a: Marvel
|-supereffective|p1a: Marvel
|-damage|p1a: Marvel|0 fnt
|faint|p1a: Marvel
|
|upkeep
|c|★unlimiteddazzle|i might have done something dumb
|c|★zzackee|prepare to share the replay
|c|★unlimiteddazzle|surf ko'd '-_-
|c|★zzackee|cause i lost
|choice|switch 3|
|
|switch|p1a: Oz|Bronzor, L5|23\/23
|turn|16
|choice|move psychic|move thunderbolt
|
|move|p2a: Elekid|Thunderbolt|p1a: Oz
|-damage|p1a: Oz|8\/23
|-enditem|p1a: Oz|Berry Juice
|-heal|p1a: Oz|23\/23|[from] item: Berry Juice
|move|p1a: Oz|Psychic|p2a: Elekid
|-damage|p2a: Elekid|0 fnt
|faint|p2a: Elekid
|
|win|unlimiteddazzle
|player|p1
|player|p2
|c|★unlimiteddazzle|gg</script>
</div>
<div class="battle-log battle-log-inline"><div class="inner"><div class="battle-options"></div><div class="inner"><div class="chat"><small>unlimiteddazzle joined.</small></div><div class="chat"><small>zzackee joined.</small></div><div class=""><small>Format:</small> <br><strong>LC</strong></div><div class=""><small><em>Sleep Clause Mod:</em> Limit one foe put to sleep</small></div><div class=""><small><em>Species Clause:</em> Limit one of each Pokémon</small></div><div class=""><small><em>OHKO Clause:</em> OHKO moves are banned</small></div><div class=""><small><em>Moody Clause:</em> Moody is banned</small></div><div class=""><small><em>Evasion Moves Clause:</em> Evasion moves are banned</small></div><div class=""><small><em>Endless Battle Clause:</em> Forcing endless battles is banned</small></div><div class=""><small><em>HP Percentage Mod:</em> HP is shown in percentages</small></div><div class="chat battle-history"><strong>unlimiteddazzle's team:</strong> <em style="color:#445566;display:block;">Krabby / Gulpin / Bronzor / Munchlax / Numel / Carvanha</em></div><div class="chat battle-history"><strong>zzackee's team:</strong> <em style="color:#445566;display:block;">Trapinch / Fletchling / Elekid / Ferroseed / Rhyhorn / Wynaut</em></div><div class="chat chatmessage-unlimiteddazzle"><strong style="color:hsl(79,59%,34%)"><small>★</small><span class="username" data-name="unlimiteddazzle">unlimiteddazzle</span>:</strong> <em>have fun :]</em></div><div class="chat chatmessage-zzackee"><strong style="color:hsl(325,80%,44%)"><small>★</small><span class="username" data-name="zzackee">zzackee</span>:</strong> <em>hf</em></div><div class="spacer battle-history"><br></div><div class="battle-history">Battle started between unlimiteddazzle and zzackee!<br></div><div class="spacer battle-history"><br></div><div class="battle-history">Go! Chowder (<strong>Munchlax</strong>)!<br></div><div class="spacer battle-history"><br></div><div class="battle-history">zzackee sent out <strong>Trapinch</strong>!<br></div><div class="spacer battle-history"><br></div><h2 class="battle-history">Turn 1</h2><div class="spacer battle-history"><br></div><div class="battle-history">The opposing Trapinch used <strong>Earthquake</strong>!<br></div><div class="battle-history"><small>(Chowder lost <abbr title="−13/33">39.4%</abbr> of its health!)</small><br></div><div class="spacer battle-history"><br></div><div class="battle-history">Chowder used <strong>Curse</strong>!<br></div><div class="battle-history"><small>Chowder's Speed fell!</small><br></div><div class="battle-history"><small>Chowder's Attack rose!</small><br></div><div class="battle-history"><small>Chowder's Defense rose!</small><br></div><div class="spacer battle-history"><br></div><h2 class="battle-history">Turn 2</h2><div class="chat"><small>zzackee left.</small></div><div class="chat"><small>zzackee joined.</small></div><div class="spacer battle-history"><br></div><div class="battle-history">The opposing Trapinch used <strong>Earthquake</strong>!<br></div><div class="battle-history"><small>A critical hit!</small><br></div><div class="battle-history"><small>(Chowder lost <abbr title="−20/33">60.6%</abbr> of its health!)</small><br></div><div class="spacer battle-history"><br></div><div class="battle-history">Chowder fainted!<br></div><div class="chat chatmessage-zzackee"><strong style="color:hsl(325,80%,44%)"><small>★</small><span class="username" data-name="zzackee">zzackee</span>:</strong> <em>nice crit</em></div><div class="chat chatmessage-unlimiteddazzle"><strong style="color:hsl(79,59%,34%)"><small>★</small><span class="username" data-name="unlimiteddazzle">unlimiteddazzle</span>:</strong> <em>lol</em></div><div class="chat chatmessage-unlimiteddazzle"><strong style="color:hsl(79,59%,34%)"><small>★</small><span class="username" data-name="unlimiteddazzle">unlimiteddazzle</span>:</strong> <em>that sucks</em></div><div class="chat chatmessage-zzackee"><strong style="color:hsl(325,80%,44%)"><small>★</small><span class="username" data-name="zzackee">zzackee</span>:</strong> <em>yup</em></div><div class="spacer battle-history"><br></div><div class="battle-history">Go! Deadliest Catch (<strong>Krabby</strong>)!<br></div><div class="spacer battle-history"><br></div><h2 class="battle-history">Turn 3</h2><div class="spacer battle-history"><br></div><div class="battle-history">Deadliest Catch used <strong>Knock Off</strong>!<br></div><div class="battle-history"><small>(The opposing Trapinch lost <abbr title="−9/21">42.9%</abbr> of its health!)</small><br></div><div class="battle-history"><small>Deadliest Catch knocked off the opposing Trapinch's Eviolite!</small><br></div><div class="spacer battle-history"><br></div><div class="battle-history">The opposing Trapinch used <strong>Earthquake</strong>!<br></div><div class="battle-history"><small>(Deadliest Catch lost <abbr title="−10/21">47.6%</abbr> of its health!)</small><br></div><div class="spacer battle-history"><br></div><h2 class="battle-history">Turn 4</h2><div class="spacer battle-history"><br></div><div class="battle-history">zzackee withdrew Trapinch!<br></div><div class="battle-history">zzackee sent out <strong>Ferroseed</strong>!<br></div><div class="spacer battle-history"><br></div><div class="battle-history">Deadliest Catch used <strong>Superpower</strong>!<br></div><div class="battle-history"><small>It's super effective!</small><br></div><div class="battle-history"><small>The opposing Ferroseed hung on using its Focus Sash!</small><br></div><div class="battle-history"><small>(The opposing Ferroseed lost <abbr title="−19/20">95%</abbr> of its health!)</small><br></div><div class="battle-history"><small>[The opposing Ferroseed's Iron Barbs]</small><br><small>Deadliest Catch was hurt!</small><br></div><div class="battle-history"><small>Deadliest Catch's Attack fell!</small><br></div><div class="battle-history"><small>Deadliest Catch's Defense fell!</small><br></div><div class="spacer battle-history"><br></div><h2 class="battle-history">Turn 5</h2><div class="spacer battle-history"><br></div><div class="battle-history">Deadliest Catch used <strong>Knock Off</strong>!<br></div><div class="battle-history"><small>A critical hit!</small><br></div><div class="battle-history"><small>(The opposing Ferroseed lost <abbr title="−1/20">5%</abbr> of its health!)</small><br></div><div class="battle-history"><small>[The opposing Ferroseed's Iron Barbs]</small><br><small>Deadliest Catch was hurt!</small><br></div><div class="spacer battle-history"><br></div><div class="battle-history">The opposing Ferroseed fainted!<br></div><div class="spacer battle-history"><br></div><div class="battle-history">zzackee sent out <strong>Fletchling</strong>!<br></div><div class="spacer battle-history"><br></div><h2 class="battle-history">Turn 6</h2><div class="spacer battle-history"><br></div><div class="battle-history">Deadliest Catch, come back!<br></div><div class="battle-history">Go! Gumdrop (<strong>Gulpin</strong>)!<br></div><div class="spacer battle-history"><br></div><div class="battle-history">zzackee withdrew Fletchling!<br></div><div class="battle-history">zzackee sent out <strong>Trapinch</strong>!<br></div><div class="spacer battle-history"><br></div><h2 class="battle-history">Turn 7</h2><div class="spacer battle-history"><br></div><div class="battle-history">Gumdrop used <strong>Bullet Seed</strong>!<br></div><div class="battle-history"><small>It's super effective!</small><br></div><div class="battle-history"><small>(The opposing Trapinch lost <abbr title="−6/21">28.6%</abbr> of its health!)</small><br></div><div class="battle-history"><small>It's super effective!</small><br></div><div class="battle-history"><small>(The opposing Trapinch lost <abbr title="−6/21">28.6%</abbr> of its health!)</small><br></div><div class="battle-history"><small>Hit 2 times!</small><br></div><div class="spacer battle-history"><br></div><div class="battle-history">The opposing Trapinch fainted!<br></div><div class="spacer battle-history"><br></div><div class="battle-history">zzackee sent out <strong>Fletchling</strong>!<br></div><div class="spacer battle-history"><br></div><h2 class="battle-history">Turn 8</h2><div class="spacer battle-history"><br></div><div class="battle-history">The opposing Fletchling used <strong>Swords Dance</strong>!<br></div><div class="battle-history"><small>The opposing Fletchling's Attack rose sharply!</small><br></div><div class="spacer battle-history"><br></div><div class="battle-history">Gumdrop used <strong>Thunder Punch</strong>!<br></div><div class="battle-history"><small>It's super effective!</small><br></div><div class="battle-history"><small>A critical hit!</small><br></div><div class="battle-history"><small>(The opposing Fletchling lost <abbr title="−21/21">100%</abbr> of its health!)</small><br></div><div class="spacer battle-history"><br></div><div class="battle-history">The opposing Fletchling fainted!<br></div><div class="chat chatmessage-zzackee"><strong style="color:hsl(325,80%,44%)"><small>★</small><span class="username" data-name="zzackee">zzackee</span>:</strong> <em>nice crit</em></div><div class="spacer battle-history"><br></div><div class="battle-history">zzackee sent out <strong>Wynaut</strong>!<br></div><div class="spacer battle-history"><br></div><h2 class="battle-history">Turn 9</h2><div class="chat chatmessage-unlimiteddazzle"><strong style="color:hsl(79,59%,34%)"><small>★</small><span class="username" data-name="unlimiteddazzle">unlimiteddazzle</span>:</strong> <em>:/</em></div><div class="spacer battle-history"><br></div><div class="battle-history">Gumdrop used <strong>Bullet Seed</strong>!<br></div><div class="battle-history"><small>(The opposing Wynaut lost <abbr title="−3/26">11.5%</abbr> of its health!)</small><br></div><div class="battle-history"><small>(The opposing Wynaut lost <abbr title="−2/26">7.7%</abbr> of its health!)</small><br></div><div class="battle-history"><small>(The opposing Wynaut lost <abbr title="−2/26">7.7%</abbr> of its health!)</small><br></div><div class="battle-history"><small>Hit 3 times!</small><br></div><div class="spacer battle-history"><br></div><div class="battle-history">The opposing Wynaut used <strong>Counter</strong>!<br></div><div class="battle-history"><small>(Gumdrop lost <abbr title="−4/25">16%</abbr> of its health!)</small><br></div><div class="spacer battle-history"><br></div><h2 class="battle-history">Turn 10</h2><div class="spacer battle-history"><br></div><div class="battle-history">Gumdrop used <strong>Bullet Seed</strong>!<br></div><div class="battle-history"><small>(The opposing Wynaut lost <abbr title="−2/26">7.7%</abbr> of its health!)</small><br></div><div class="battle-history"><small>(The opposing Wynaut lost <abbr title="−2/26">7.7%</abbr> of its health!)</small><br></div><div class="battle-history"><small>(The opposing Wynaut lost <abbr title="−2/26">7.7%</abbr> of its health!)</small><br></div><div class="battle-history"><small>Hit 3 times!</small><br></div><div class="spacer battle-history"><br></div><div class="battle-history">The opposing Wynaut used <strong>Destiny Bond</strong>!<br></div><div class="battle-history">The opposing Wynaut is hoping to take its attacker down with it!<br></div><div class="spacer battle-history"><br></div><h2 class="battle-history">Turn 11</h2><div class="spacer battle-history"><br></div><div class="battle-history">Gumdrop used <strong>Bullet Seed</strong>!<br></div><div class="battle-history"><small>(The opposing Wynaut lost <abbr title="−2/26">7.7%</abbr> of its health!)</small><br></div><div class="battle-history"><small>(The opposing Wynaut lost <abbr title="−2/26">7.7%</abbr> of its health!)</small><br></div><div class="battle-history"><small>Hit 2 times!</small><br></div><div class="spacer battle-history"><br></div><div class="battle-history">The opposing Wynaut used <strong>Counter</strong>!<br></div><div class="battle-history"><small>(Gumdrop lost <abbr title="−4/25">16%</abbr> of its health!)</small><br></div><div class="spacer battle-history"><br></div><h2 class="battle-history">Turn 12</h2><div class="spacer battle-history"><br></div><div class="battle-history">Gumdrop used <strong>Bullet Seed</strong>!<br></div><div class="battle-history"><small>A critical hit!</small><br></div><div class="battle-history"><small>(The opposing Wynaut lost <abbr title="−3/26">11.5%</abbr> of its health!)</small><br></div><div class="battle-history"><small>(The opposing Wynaut lost <abbr title="−2/26">7.7%</abbr> of its health!)</small><br></div><div class="battle-history"><small>(The opposing Wynaut lost <abbr title="−2/26">7.7%</abbr> of its health!)</small><br></div><div class="battle-history"><small>Hit 3 times!</small><br></div><div class="spacer battle-history"><br></div><div class="battle-history">The opposing Wynaut used <strong>Destiny Bond</strong>!<br></div><div class="battle-history">The opposing Wynaut is hoping to take its attacker down with it!<br></div><div class="spacer battle-history"><br></div><h2 class="battle-history">Turn 13</h2><div class="spacer battle-history"><br></div><div class="battle-history">Gumdrop used <strong>Fire Punch</strong>!<br></div><div class="battle-history"><small>(The opposing Wynaut lost <abbr title="−2/26">7.7%</abbr> of its health!)</small><br></div><div class="spacer battle-history"><br></div><div class="battle-history">The opposing Wynaut fainted!<br></div><div class="battle-history"><small>The opposing Wynaut took its attacker down with it!</small><br></div><div class="spacer battle-history"><br></div><div class="battle-history">Gumdrop fainted!<br></div><div class="spacer battle-history"><br></div><div class="battle-history">Go! Marvel (<strong>Carvanha</strong>)!<br></div><div class="spacer battle-history"><br></div><div class="battle-history">zzackee sent out <strong>Rhyhorn</strong>!<br></div><div class="spacer battle-history"><br></div><h2 class="battle-history">Turn 14</h2><div class="chat"><small>zzackee left.</small></div><div class="chat"><small>zzackee joined.</small></div><div class="spacer battle-history"><br></div><div class="battle-history">Marvel used <strong>Surf</strong>!<br></div><div class="battle-history"><small>It's super effective!</small><br></div><div class="battle-history"><small>(The opposing Rhyhorn lost <abbr title="−25/25">100%</abbr> of its health!)</small><br></div><div class="battle-history"><small>(The opposing Rhyhorn used its Berry Juice!)</small><br></div><div class="battle-history"><small>Marvel lost some of its HP!</small><br></div><div class="spacer battle-history"><br></div><div class="battle-history">The opposing Rhyhorn fainted!<br></div><div class="spacer battle-history"><br></div><div class="battle-history"><small>[Marvel's Speed Boost]</small><br></div><div class="battle-history"><small>Marvel's Speed rose!</small><br></div><div class="spacer battle-history"><br></div><div class="battle-history">zzackee sent out <strong>Elekid</strong>!<br></div><div class="spacer battle-history"><br></div><h2 class="battle-history">Turn 15</h2><div class="chat chatmessage-unlimiteddazzle"><strong style="color:hsl(79,59%,34%)"><small>★</small><span class="username" data-name="unlimiteddazzle">unlimiteddazzle</span>:</strong> <em>berry juice activated? o.O</em></div><div class="chat chatmessage-zzackee"><strong style="color:hsl(325,80%,44%)"><small>★</small><span class="username" data-name="zzackee">zzackee</span>:</strong> <em>lol</em></div><div class="spacer battle-history"><br></div><div class="battle-history">Marvel used <strong>Dark Pulse</strong>!<br></div><div class="battle-history"><small>(The opposing Elekid lost <abbr title="−19/21">90.5%</abbr> of its health!)</small><br></div><div class="battle-history"><small>Marvel lost some of its HP!</small><br></div><div class="spacer battle-history"><br></div><div class="battle-history">The opposing Elekid used <strong>Thunderbolt</strong>!<br></div><div class="battle-history"><small>It's super effective!</small><br></div><div class="battle-history"><small>(Marvel lost <abbr title="−17/19">89.5%</abbr> of its health!)</small><br></div><div class="spacer battle-history"><br></div><div class="battle-history">Marvel fainted!<br></div><div class="chat chatmessage-unlimiteddazzle"><strong style="color:hsl(79,59%,34%)"><small>★</small><span class="username" data-name="unlimiteddazzle">unlimiteddazzle</span>:</strong> <em>i might have done something dumb</em></div><div class="chat chatmessage-zzackee"><strong style="color:hsl(325,80%,44%)"><small>★</small><span class="username" data-name="zzackee">zzackee</span>:</strong> <em>prepare to share the replay</em></div><div class="chat chatmessage-unlimiteddazzle"><strong style="color:hsl(79,59%,34%)"><small>★</small><span class="username" data-name="unlimiteddazzle">unlimiteddazzle</span>:</strong> <em>surf ko'd '-_-</em></div><div class="chat chatmessage-zzackee"><strong style="color:hsl(325,80%,44%)"><small>★</small><span class="username" data-name="zzackee">zzackee</span>:</strong> <em>cause i lost</em></div><div class="spacer battle-history"><br></div><div class="battle-history">Go! Oz (<strong>Bronzor</strong>)!<br></div><div class="spacer battle-history"><br></div><h2 class="battle-history">Turn 16</h2><div class="spacer battle-history"><br></div><div class="battle-history">The opposing Elekid used <strong>Thunderbolt</strong>!<br></div><div class="battle-history"><small>(Oz lost <abbr title="−15/23">65.2%</abbr> of its health!)</small><br></div><div class="battle-history"><small>(Oz used its Berry Juice!)</small><br></div><div class="battle-history"><small>Oz restored HP using its Berry Juice!</small><br></div><div class="spacer battle-history"><br></div><div class="battle-history">Oz used <strong>Psychic</strong>!<br></div><div class="battle-history"><small>(The opposing Elekid lost <abbr title="−2/21">9.5%</abbr> of its health!)</small><br></div><div class="spacer battle-history"><br></div><div class="battle-history">The opposing Elekid fainted!<br></div><div class="spacer battle-history"><br></div><div class="battle-history"><strong>unlimiteddazzle</strong> won the battle!<br></div><div class="chat chatmessage-unlimiteddazzle"><strong style="color:hsl(79,59%,34%)"><small>★</small><span class="username" data-name="unlimiteddazzle">unlimiteddazzle</span>:</strong> <em>gg</em></div></div><div class="inner-preempt"></div></div></div>
</div>
<script>
let daily = Math.floor(Date.now()/1000/60/60/24);document.write('<script src="https://play.pokemonshowdown.com/js/replay-embed.js?version'+daily+'"></'+'script>');
</script>
