<!DOCTYPE html>
<meta charset="utf-8" />
<!-- version 1 -->
<title>LC replay: RavinKing123 vs. PD</title>
<style>
html,body {font-family:Verdana, sans-serif;font-size:10pt;margin:0;padding:0;}body{padding:12px 0;} .battle-log {font-family:Verdana, sans-serif;font-size:10pt;} .battle-log-inline {border:1px solid #AAAAAA;background:#EEF2F5;color:black;max-width:640px;margin:0 auto 80px;padding-bottom:5px;} .battle-log .inner {padding:4px 8px 0px 8px;} .battle-log .inner-preempt {padding:0 8px 4px 8px;} .battle-log .inner-after {margin-top:0.5em;} .battle-log h2 {margin:0.5em -8px;padding:4px 8px;border:1px solid #AAAAAA;background:#E0E7EA;border-left:0;border-right:0;font-family:Verdana, sans-serif;font-size:13pt;} .battle-log .chat {vertical-align:middle;padding:3px 0 3px 0;font-size:8pt;} .battle-log .chat strong {color:#40576A;} .battle-log .chat em {padding:1px 4px 1px 3px;color:#000000;font-style:normal;} .chat.mine {background:rgba(0,0,0,0.05);margin-left:-8px;margin-right:-8px;padding-left:8px;padding-right:8px;} .spoiler {color:#BBBBBB;background:#BBBBBB;padding:0px 3px;} .spoiler:hover, .spoiler:active, .spoiler-shown {color:#000000;background:#E2E2E2;padding:0px 3px;} .spoiler a {color:#BBBBBB;} .spoiler:hover a, .spoiler:active a, .spoiler-shown a {color:#2288CC;} .chat code, .chat .spoiler:hover code, .chat .spoiler:active code, .chat .spoiler-shown code {border:1px solid #C0C0C0;background:#EEEEEE;color:black;padding:0 2px;} .chat .spoiler code {border:1px solid #CCCCCC;background:#CCCCCC;color:#CCCCCC;} .battle-log .rated {padding:3px 4px;} .battle-log .rated strong {color:white;background:#89A;padding:1px 4px;border-radius:4px;} .spacer {margin-top:0.5em;} .message-announce {background:#6688AA;color:white;padding:1px 4px 2px;} .message-announce a, .broadcast-green a, .broadcast-blue a, .broadcast-red a {color:#DDEEFF;} .broadcast-green {background-color:#559955;color:white;padding:2px 4px;} .broadcast-blue {background-color:#6688AA;color:white;padding:2px 4px;} .infobox {border:1px solid #6688AA;padding:2px 4px;} .infobox-limited {max-height:200px;overflow:auto;overflow-x:hidden;} .broadcast-red {background-color:#AA5544;color:white;padding:2px 4px;} .message-learn-canlearn {font-weight:bold;color:#228822;text-decoration:underline;} .message-learn-cannotlearn {font-weight:bold;color:#CC2222;text-decoration:underline;} .message-effect-weak {font-weight:bold;color:#CC2222;} .message-effect-resist {font-weight:bold;color:#6688AA;} .message-effect-immune {font-weight:bold;color:#666666;} .message-learn-list {margin-top:0;margin-bottom:0;} .message-throttle-notice, .message-error {color:#992222;} .message-overflow, .chat small.message-overflow {font-size:0pt;} .message-overflow::before {font-size:9pt;content:'...';} .subtle {color:#3A4A66;}
</style>
<div class="wrapper replay-wrapper" style="max-width:1180px;margin:0 auto">
<input type="hidden" name="replayid" value="lc-494379774" />
<div class="battle"></div><div class="battle-log"></div><div class="replay-controls"></div><div class="replay-controls-2"></div>
<h1 style="font-weight:normal;text-align:center"><strong>LC</strong><br /><a href="http://pokemonshowdown.com/users/ravinking123" class="subtle" target="_blank">RavinKing123</a> vs. <a href="http://pokemonshowdown.com/users/pd" class="subtle" target="_blank">PD</a></h1>
<script type="text/plain" class="battle-log-data">|j|RavinKing123
|j|PD
|j|Stats Bot
|player|p1|RavinKing123|274
|player|p2|PD|235
|gametype|singles
|gen|6
|tier|LC
|seed|41001,12137,64212,14365
|clearpoke
|poke|p1|Surskit, L5, M|item
|poke|p1|Gastly, L5, F|item
|poke|p1|Drilbur, L5, M|item
|poke|p1|Mienfoo, L5, M|item
|poke|p1|Pawniard, L5, F|item
|poke|p1|Omanyte, L5, F|item
|poke|p2|Porygon, L5|item
|poke|p2|Snubbull, L5, M|item
|poke|p2|Magnemite, L5|item
|poke|p2|Drilbur, L5, F|item
|poke|p2|Timburr, L5, M|item
|poke|p2|Chinchou, L5, M|item
|rule|Sleep Clause Mod: Limit one foe put to sleep
|rule|Species Clause: Limit one of each Pokémon
|rule|OHKO Clause: OHKO moves are banned
|rule|Moody Clause: Moody is banned
|rule|Evasion Moves Clause: Evasion moves are banned
|rule|Endless Battle Clause: Forcing endless battles is banned
|rule|HP Percentage Mod: HP is shown in percentages
|teampreview
|l|Stats Bot
|j|aagarocks
|j|Timeguy
|j|tyr0nesm1th
|j|AndreFort
|j|S1lf
|j|maltazar
|j|Hellsurf
|j|jasprose♥
|j|sdrsdes
|j|Nuterra
|j|Lobari the Grey
|j|afothnder
|j|Tzop
|c| Hellsurf|finals!!!
|l|aagarocks
|j|AceTrainer Jared
|j|blankuser000
|j|Narusin12
|j|vicheat
|c| Timeguy|Ready? Sego!
|c| Hellsurf|Raven FTW
|j|bottlez
|c| tyr0nesm1th|porygon user > non porygon user
|j|seabass411
|j|aagarocks
|c| bottlez|aye
|j|Aguy710A2
|c| maltazar|I wouldn´t dare playing on the phone
|j|David53
|choice|team 1, team 2, team 3, team 4, team 5, team 6|team 4, team 2, team 3, team 1, team 5, team 6
|
|start
|switch|p1a: Rekeri :^)|Surskit, L5, M|21\/21
|switch|p2a: FUCKINMOLEPERSON|Drilbur, L5, F|23\/23
|-ability|p2a: FUCKINMOLEPERSON|Mold Breaker
|turn|1
|j|Kchamp
|j|ferocarril
|c| Timeguy|dat name doe
|j|Jokardom
|l|afothnder
|j|chopsticksman
|c| Hellsurf|&*() mole person? Really
|choice|move scald|move rocktomb
|
|move|p2a: FUCKINMOLEPERSON|Rock Tomb|p1a: Rekeri :^)
|-supereffective|p1a: Rekeri :^)
|-damage|p1a: Rekeri :^)|7\/21
|-unboost|p1a: Rekeri :^)|spe|1
|move|p1a: Rekeri :^)|Scald|p2a: FUCKINMOLEPERSON
|-supereffective|p2a: FUCKINMOLEPERSON
|-damage|p2a: FUCKINMOLEPERSON|9\/23
|-status|p2a: FUCKINMOLEPERSON|brn
|
|-damage|p2a: FUCKINMOLEPERSON|7\/23 brn|[from] brn
|upkeep
|turn|2
|c| chopsticksman|oy
|j|TheZeptai
|c| chopsticksman|GOGOGO
|choice|move stickyweb|move stealthrock
|
|move|p2a: FUCKINMOLEPERSON|Stealth Rock|p1a: Rekeri :^)
|-sidestart|p1: RavinKing123|move: Stealth Rock
|move|p1a: Rekeri :^)|Sticky Web|p2a: FUCKINMOLEPERSON
|-sidestart|p2: PD|move: Sticky Web
|
|-damage|p2a: FUCKINMOLEPERSON|5\/23 brn|[from] brn
|upkeep
|turn|3
|j|Marco25
|l|Marco25
|j|kris100
|j|Alex♥AkSD
|j|MightyActionX45
|j|NecaxaVGC
|l|Alex♥AkSD
|j|silverneo
|c| kris100|Gi
|j|shofu1234
|c| chopsticksman|WOW
|choice|move scald|move earthquake
|
|move|p2a: FUCKINMOLEPERSON|Earthquake|p1a: Rekeri :^)
|-resisted|p1a: Rekeri :^)
|-damage|p1a: Rekeri :^)|3\/21
|move|p1a: Rekeri :^)|Scald|p2a: FUCKINMOLEPERSON
|-supereffective|p2a: FUCKINMOLEPERSON
|-damage|p2a: FUCKINMOLEPERSON|0 fnt
|faint|p2a: FUCKINMOLEPERSON
|
|upkeep
|j|Sally(trainer)
|choice||switch 3
|
|switch|p2a: Fetty¢Wap|Magnemite, L5|19\/19
|-activate|p2a: Fetty¢Wap|move: Sticky Web
|-unboost|p2a: Fetty¢Wap|spe|1
|turn|4
|j|gautier18
|j|LPDP
|l|gautier18
|j|YveltalAmino
|c| Hellsurf|fell swoop
|j|Marco25
|c| chopsticksman|Go ravinking123
|c| YveltalAmino|;D
|l|Nuterra
|j|TehHeetmang
|c| bottlez|lol fetty wap
|l|tyr0nesm1th
|choice|move scald|move voltswitch
|
|move|p2a: Fetty¢Wap|Volt Switch|p1a: Rekeri :^)
|-supereffective|p1a: Rekeri :^)
|-damage|p1a: Rekeri :^)|0 fnt
|faint|p1a: Rekeri :^)
|l|LPDP
|l|Sally(trainer)
|c| Timeguy|spoiler: PD has amazing names
|choice||switch 5
|
|switch|p2a: 8 Inches|Timburr, L5, M|24\/24
|-activate|p2a: 8 Inches|move: Sticky Web
|-unboost|p2a: 8 Inches|spe|1
|
|upkeep
|j|liamwalsh10
|c| chopsticksman|PD has amazing names
|c| chopsticksman|?
|choice|switch 3|
|
|switch|p1a: Nineage|Drilbur, L5, M|23\/23
|-damage|p1a: Nineage|22\/23|[from] Stealth Rock
|-ability|p1a: Nineage|Mold Breaker
|turn|5
|c|★PD|Lol I made nineage
|c| Hellsurf|Crystal Cup!!!!!!!!
|c|★PD|\/log nineage was promoted to Room Voice by PD.
|c|★PD|is this a sample team
|c| chopsticksman|hey
|l|sdrsdes
|c|★PD|ravinking
|choice|move rapidspin|move drainpunch
|
|move|p1a: Nineage|Rapid Spin|p2a: 8 Inches
|-damage|p2a: 8 Inches|22\/24
|-sideend|p1: RavinKing123|Stealth Rock|[from] move: Rapid Spin|[of] p1a: Nineage
|move|p2a: 8 Inches|Drain Punch|p1a: Nineage
|-damage|p1a: Nineage|12\/23
|-heal|p2a: 8 Inches|24\/24|[from] drain|[of] p1a: Nineage
|
|upkeep
|turn|6
|l|TehHeetmang
|l|chopsticksman
|choice|move swordsdance|move drainpunch
|
|move|p1a: Nineage|Swords Dance|p1a: Nineage
|-boost|p1a: Nineage|atk|2
|move|p2a: 8 Inches|Drain Punch|p1a: Nineage
|-damage|p1a: Nineage|2\/23
|
|upkeep
|turn|7
|j|Sally(trainer)
|choice|move earthquake|move machpunch
|
|move|p2a: 8 Inches|Mach Punch|p1a: Nineage
|-damage|p1a: Nineage|0 fnt
|faint|p1a: Nineage
|
|upkeep
|choice|switch 2|
|
|switch|p1a: GeoffBruedly|Gastly, L5, F|19\/19
|turn|8
|l|seabass411
|j|Sparkzerino
|c| Hellsurf|spoiler: Ravinking will beat all of you up one day
|choice|move substitute|switch 6
|
|switch|p2a: Angler Fish|Chinchou, L5, M|24\/24
|-activate|p2a: Angler Fish|move: Sticky Web
|-unboost|p2a: Angler Fish|spe|1
|move|p1a: GeoffBruedly|Substitute|p1a: GeoffBruedly
|-start|p1a: GeoffBruedly|Substitute
|-damage|p1a: GeoffBruedly|15\/19
|
|upkeep
|turn|9
|l|Aguy710A2
|l|bottlez
|choice|move sludgebomb|move scald
|
|move|p1a: GeoffBruedly|Sludge Bomb|p2a: Angler Fish
|-damage|p2a: Angler Fish|5\/24
|-damage|p1a: GeoffBruedly|14\/19|[from] item: Life Orb
|-enditem|p2a: Angler Fish|Berry Juice
|-heal|p2a: Angler Fish|24\/24|[from] item: Berry Juice
|move|p2a: Angler Fish|Scald|p1a: GeoffBruedly
|-end|p1a: GeoffBruedly|Substitute
|
|upkeep
|turn|10
|c| Hellsurf|Bjark
|l|Sparkzerino
|j|SharuDOTexe
|j|ETD Ponko
|c| Hellsurf|spoiler: QWertyuiopasdfghjklzxcvbnm
|choice|move shadowball|move scald
|
|move|p1a: GeoffBruedly|Shadow Ball|p2a: Angler Fish
|-damage|p2a: Angler Fish|7\/24
|-unboost|p2a: Angler Fish|spd|1
|-damage|p1a: GeoffBruedly|13\/19|[from] item: Life Orb
|move|p2a: Angler Fish|Scald|p1a: GeoffBruedly
|-damage|p1a: GeoffBruedly|0 fnt
|faint|p1a: GeoffBruedly
|
|upkeep
|c| Timeguy|spoiler: I seriously doubt that, because my Abra knows TELEPORT *Fear*
|choice|switch 4|
|
|switch|p1a: Trickster|Mienfoo, L5, M|21\/21
|turn|11
|c| TheZeptai|Spoiler: xd
|c| Hellsurf|spoiler
|c| Hellsurf|Spoiler: Sit down and shut up
|choice|move drainpunch|switch 2
|
|switch|p2a: Matilda|Snubbull, L5, M|24\/24
|-activate|p2a: Matilda|move: Sticky Web
|-unboost|p2a: Matilda|spe|1
|-ability|p2a: Matilda|Intimidate|boost
|-unboost|p1a: Trickster|atk|1
|move|p1a: Trickster|Drain Punch|p2a: Matilda
|-resisted|p2a: Matilda
|-damage|p2a: Matilda|21\/24
|
|upkeep
|turn|12
|c| Timeguy|no
|c| Hellsurf|spoiler: you want to die buddy?
|choice|move uturn|move earthquake
|
|move|p1a: Trickster|U-turn|p2a: Matilda
|-resisted|p2a: Matilda
|-damage|p2a: Matilda|19\/24
|l|aagarocks
|choice|switch 5|
|
|switch|p1a: DeathxShinigami|Pawniard, L5, F|21\/21
|move|p2a: Matilda|Earthquake|p1a: DeathxShinigami
|-supereffective|p1a: DeathxShinigami
|-damage|p1a: DeathxShinigami|7\/21
|
|upkeep
|turn|13
|c| liamwalsh10|spoiler: shut the fuck up
|j|Heecat
|c| liamwalsh10|spoiler ur gay
|c| Timeguy|spoiler why are we even doing this?
|c| Hellsurf|spoiler: liamwash10 will die\
|choice|move knockoff|switch 2
|
|switch|p2a: Angler Fish|Chinchou, L5, M|7\/24
|-activate|p2a: Angler Fish|move: Sticky Web
|-unboost|p2a: Angler Fish|spe|1
|move|p1a: DeathxShinigami|Knock Off|p2a: Angler Fish
|-damage|p2a: Angler Fish|0 fnt
|faint|p2a: Angler Fish
|
|upkeep
|choice||switch 6
|
|switch|p2a: 8 Inches|Timburr, L5, M|24\/24
|-activate|p2a: 8 Inches|move: Sticky Web
|-unboost|p2a: 8 Inches|spe|1
|turn|14
|c| Hellsurf|spoiler: Timeguy hsould shut up
|l|David53
|choice|switch 5|move machpunch
|
|switch|p1a: Trickster|Mienfoo, L5, M|21\/21
|move|p2a: 8 Inches|Mach Punch|p1a: Trickster
|-damage|p1a: Trickster|17\/21
|
|upkeep
|turn|15
|c| Timeguy|spoiler: considering your name is Hellsurf...
|choice|move knockoff|move knockoff
|
|move|p1a: Trickster|Knock Off|p2a: 8 Inches
|-resisted|p2a: 8 Inches
|-damage|p2a: 8 Inches|21\/24
|-enditem|p2a: 8 Inches|Eviolite|[from] move: Knock Off|[of] p1a: Trickster
|move|p2a: 8 Inches|Knock Off|p1a: Trickster
|-resisted|p1a: Trickster
|-damage|p1a: Trickster|14\/21
|-enditem|p1a: Trickster|Eviolite|[from] move: Knock Off|[of] p2a: 8 Inches
|
|upkeep
|turn|16
|c| kris100|Spoiler: ravinking will lose
|c| Narusin12|here is a spolier
|l|AndreFort
|c| Hellsurf|Spoiler: Kris is dumb
|c| Narusin12|shut the fuck up and stop abusing the spolier
|choice|move drainpunch|switch 2
|
|switch|p2a: Matilda|Snubbull, L5, M|19\/24
|-activate|p2a: Matilda|move: Sticky Web
|-unboost|p2a: Matilda|spe|1
|-ability|p2a: Matilda|Intimidate|boost
|-unboost|p1a: Trickster|atk|1
|move|p1a: Trickster|Drain Punch|p2a: Matilda
|-resisted|p2a: Matilda
|-damage|p2a: Matilda|15\/24
|-heal|p1a: Trickster|16\/21|[from] drain|[of] p2a: Matilda
|
|upkeep
|turn|17
|c| Heecat|what is this
|choice|move knockoff|move playrough
|
|move|p1a: Trickster|Knock Off|p2a: Matilda
|-resisted|p2a: Matilda
|-damage|p2a: Matilda|11\/24
|-enditem|p2a: Matilda|Berry Juice|[from] move: Knock Off|[of] p1a: Trickster
|move|p2a: Matilda|Play Rough|p1a: Trickster
|-supereffective|p1a: Trickster
|-damage|p1a: Trickster|0 fnt
|faint|p1a: Trickster
|
|upkeep
|c| Hellsurf|spoiler: Shut up narusin
|c| Heecat|spoiler: Pd wins
|c| liamwalsh10|spoiler: hell surf will die
|c| kris100|Spoiler: hellsurf is negro
|l|maltazar
|raw|<div class="broadcast-red"><b>Moderated chat was set to +!<\/b><br \/>Only users of rank + and higher can talk.<\/div>
|c|★PD|spoiler: sorry my niggas
|choice|switch 6|
|
|switch|p1a: CrushinDefeat|Omanyte, L5, F|20\/20
|turn|18
|choice|move shellsmash|move thunderwave
|
|move|p1a: CrushinDefeat|Shell Smash|p1a: CrushinDefeat
|-unboost|p1a: CrushinDefeat|def|1
|-unboost|p1a: CrushinDefeat|spd|1
|-boost|p1a: CrushinDefeat|atk|2
|-boost|p1a: CrushinDefeat|spa|2
|-boost|p1a: CrushinDefeat|spe|2
|move|p2a: Matilda|Thunder Wave|p1a: CrushinDefeat
|-status|p1a: CrushinDefeat|par
|
|upkeep
|turn|19
|choice|move surf|move earthquake
|
|move|p1a: CrushinDefeat|Surf|p2a: Matilda
|-damage|p2a: Matilda|0 fnt
|faint|p2a: Matilda
|
|upkeep
|choice||switch 5
|
|switch|p2a: Fetty¢Wap|Magnemite, L5|19\/19
|-activate|p2a: Fetty¢Wap|move: Sticky Web
|-unboost|p2a: Fetty¢Wap|spe|1
|turn|20
|choice|move earthpower|move thunderbolt
|
|move|p2a: Fetty¢Wap|Thunderbolt|p1a: CrushinDefeat
|-supereffective|p1a: CrushinDefeat
|-damage|p1a: CrushinDefeat|0 fnt
|faint|p1a: CrushinDefeat
|
|upkeep
|choice|switch 5|
|
|switch|p1a: DeathxShinigami|Pawniard, L5, F|7\/21
|turn|21
|l|S1lf
|c|★RavinKing123|gg
|l|MightyActionX45
|l|liamwalsh10
|l|Timeguy
|l|Hellsurf
|choice|move suckerpunch|move thunderbolt
|
|move|p1a: DeathxShinigami|Sucker Punch|p2a: Fetty¢Wap
|-damage|p2a: Fetty¢Wap|9\/19
|move|p2a: Fetty¢Wap|Thunderbolt|p1a: DeathxShinigami
|-damage|p1a: DeathxShinigami|0 fnt
|faint|p1a: DeathxShinigami
|
|win|PD
|player|p1
|player|p2
|l|Narusin12
|l|shofu1234
|l|PD
|l|ferocarril
|l|Sally(trainer)
|l|Heecat
|l|YveltalAmino
|l|Kchamp
|j|Machferno
|l|silverneo
|l|Lobari the Grey
|l|RavinKing123
|l|SharuDOTexe
|j|David53
|l|David53
|l|Marco25</script>
</div>
<div class="battle-log battle-log-inline"><div class="inner"><div class="battle-options"></div><div class="inner"><div class="chat"><small>RavinKing123 joined.</small></div><div class="chat"><small>PD joined.</small></div><div class="chat"><small>Stats Bot joined.</small></div><div class=""><small>Format:</small> <br><strong>LC</strong></div><div class=""><small><em>Sleep Clause Mod:</em> Limit one foe put to sleep</small></div><div class=""><small><em>Species Clause:</em> Limit one of each Pokémon</small></div><div class=""><small><em>OHKO Clause:</em> OHKO moves are banned</small></div><div class=""><small><em>Moody Clause:</em> Moody is banned</small></div><div class=""><small><em>Evasion Moves Clause:</em> Evasion moves are banned</small></div><div class=""><small><em>Endless Battle Clause:</em> Forcing endless battles is banned</small></div><div class=""><small><em>HP Percentage Mod:</em> HP is shown in percentages</small></div><div class="chat battle-history"><strong>RavinKing123's team:</strong> <em style="color:#445566;display:block;">Surskit / Gastly / Drilbur / Mienfoo / Pawniard / Omanyte</em></div><div class="chat battle-history"><strong>PD's team:</strong> <em style="color:#445566;display:block;">Porygon / Snubbull / Magnemite / Drilbur / Timburr / Chinchou</em></div><div class="chat"><small>Stats Bot left.</small></div><div class="chat"><small>aagarocks joined.</small></div><div class="chat"><small>Timeguy joined.</small></div><div class="chat"><small>tyr0nesm1th joined.</small></div><div class="chat"><small>AndreFort joined.</small></div><div class="chat"><small>S1lf joined.</small></div><div class="chat"><small>maltazar joined.</small></div><div class="chat"><small>Hellsurf joined.</small></div><div class="chat"><small>jasprose♥ joined.</small></div><div class="chat"><small>sdrsdes joined.</small></div><div class="chat"><small>Nuterra joined.</small></div><div class="chat"><small>Lobari the Grey joined.</small></div><div class="chat"><small>afothnder joined.</small></div><div class="chat"><small>Tzop joined.</small></div><div class="chat chatmessage-hellsurf"><strong style="color:hsl(355,77%,47%)"><small> </small><span class="username" data-name="Hellsurf">Hellsurf</span>:</strong> <em>finals!!!</em></div><div class="chat"><small>aagarocks left.</small></div><div class="chat"><small>AceTrainer Jared joined.</small></div><div class="chat"><small>blankuser000 joined.</small></div><div class="chat"><small>Narusin12 joined.</small></div><div class="chat"><small>vicheat joined.</small></div><div class="chat chatmessage-timeguy"><strong style="color:hsl(288,70%,48%)"><small> </small><span class="username" data-name="Timeguy">Timeguy</span>:</strong> <em>Ready? Sego!</em></div><div class="chat chatmessage-hellsurf"><strong style="color:hsl(355,77%,47%)"><small> </small><span class="username" data-name="Hellsurf">Hellsurf</span>:</strong> <em>Raven FTW</em></div><div class="chat"><small>bottlez joined.</small></div><div class="chat chatmessage-tyr0nesm1th"><strong style="color:hsl(76,40%,43%)"><small> </small><span class="username" data-name="tyr0nesm1th">tyr0nesm1th</span>:</strong> <em>porygon user &gt; non porygon user</em></div><div class="chat"><small>seabass411 joined.</small></div><div class="chat"><small>aagarocks joined.</small></div><div class="chat chatmessage-bottlez"><strong style="color:hsl(87,52%,42.21415502469976%)"><small> </small><span class="username" data-name="bottlez">bottlez</span>:</strong> <em>aye</em></div><div class="chat"><small>Aguy710A2 joined.</small></div><div class="chat chatmessage-maltazar"><strong style="color:hsl(237,77%,62.58788187817374%)"><small> </small><span class="username" data-name="maltazar">maltazar</span>:</strong> <em>I wouldn´t dare playing on the phone</em></div><div class="chat"><small>David53 joined.</small></div><div class="spacer battle-history"><br></div><div class="battle-history">Battle started between RavinKing123 and PD!<br></div><div class="spacer battle-history"><br></div><div class="battle-history">Go! Rekeri :^) (<strong>Surskit</strong>)!<br></div><div class="spacer battle-history"><br></div><div class="battle-history">PD sent out FUCKINMOLEPERSON (<strong>Drilbur</strong>)!<br></div><div class="battle-history"><small>[The opposing FUCKINMOLEPERSON's Mold Breaker]</small><br><small>The opposing FUCKINMOLEPERSON breaks the mold!</small><br></div><div class="spacer battle-history"><br></div><h2 class="battle-history">Turn 1</h2><div class="chat"><small>Kchamp joined.</small></div><div class="chat"><small>ferocarril joined.</small></div><div class="chat chatmessage-timeguy"><strong style="color:hsl(288,70%,48%)"><small> </small><span class="username" data-name="Timeguy">Timeguy</span>:</strong> <em>dat name doe</em></div><div class="chat"><small>Jokardom joined.</small></div><div class="chat"><small>afothnder left.</small></div><div class="chat"><small>chopsticksman joined.</small></div><div class="chat chatmessage-hellsurf"><strong style="color:hsl(355,77%,47%)"><small> </small><span class="username" data-name="Hellsurf">Hellsurf</span>:</strong> <em>&amp;*() mole person? Really</em></div><div class="spacer battle-history"><br></div><div class="battle-history">The opposing FUCKINMOLEPERSON used <strong>Rock Tomb</strong>!<br></div><div class="battle-history"><small>It's super effective!</small><br></div><div class="battle-history"><small>(Rekeri :^) lost <abbr title="−14/21">66.7%</abbr> of its health!)</small><br></div><div class="battle-history"><small>Rekeri :^)'s Speed fell!</small><br></div><div class="spacer battle-history"><br></div><div class="battle-history">Rekeri :^) used <strong>Scald</strong>!<br></div><div class="battle-history"><small>It's super effective!</small><br></div><div class="battle-history"><small>(The opposing FUCKINMOLEPERSON lost <abbr title="−14/23">60.9%</abbr> of its health!)</small><br></div><div class="battle-history"><small>The opposing FUCKINMOLEPERSON was burned!</small><br></div><div class="spacer battle-history"><br></div><div class="battle-history"><small>The opposing FUCKINMOLEPERSON was hurt by its burn!</small><br></div><div class="spacer battle-history"><br></div><h2 class="battle-history">Turn 2</h2><div class="chat chatmessage-chopsticksman"><strong style="color:hsl(65,62%,32%)"><small> </small><span class="username" data-name="chopsticksman">chopsticksman</span>:</strong> <em>oy</em></div><div class="chat"><small>TheZeptai joined.</small></div><div class="chat chatmessage-chopsticksman"><strong style="color:hsl(65,62%,32%)"><small> </small><span class="username" data-name="chopsticksman">chopsticksman</span>:</strong> <em>GOGOGO</em></div><div class="spacer battle-history"><br></div><div class="battle-history">The opposing FUCKINMOLEPERSON used <strong>Stealth Rock</strong>!<br></div><div class="battle-history"><small>Pointed stones float in the air around your team!</small><br></div><div class="spacer battle-history"><br></div><div class="battle-history">Rekeri :^) used <strong>Sticky Web</strong>!<br></div><div class="battle-history"><small>A sticky web spreads out on the ground around the opposing team!</small><br></div><div class="spacer battle-history"><br></div><div class="battle-history"><small>The opposing FUCKINMOLEPERSON was hurt by its burn!</small><br></div><div class="spacer battle-history"><br></div><h2 class="battle-history">Turn 3</h2><div class="chat"><small>Marco25 joined.</small></div><div class="chat"><small>Marco25 left.</small></div><div class="chat"><small>kris100 joined.</small></div><div class="chat"><small>Alex♥AkSD joined.</small></div><div class="chat"><small>MightyActionX45 joined.</small></div><div class="chat"><small>NecaxaVGC joined.</small></div><div class="chat"><small>Alex♥AkSD left.</small></div><div class="chat"><small>silverneo joined.</small></div><div class="chat chatmessage-kris100"><strong style="color:hsl(23,59%,45%)"><small> </small><span class="username" data-name="kris100">kris100</span>:</strong> <em>Gi</em></div><div class="chat"><small>shofu1234 joined.</small></div><div class="chat chatmessage-chopsticksman"><strong style="color:hsl(65,62%,32%)"><small> </small><span class="username" data-name="chopsticksman">chopsticksman</span>:</strong> <em>WOW</em></div><div class="spacer battle-history"><br></div><div class="battle-history">The opposing FUCKINMOLEPERSON used <strong>Earthquake</strong>!<br></div><div class="battle-history"><small>It's not very effective...</small><br></div><div class="battle-history"><small>(Rekeri :^) lost <abbr title="−4/21">19.0%</abbr> of its health!)</small><br></div><div class="spacer battle-history"><br></div><div class="battle-history">Rekeri :^) used <strong>Scald</strong>!<br></div><div class="battle-history"><small>It's super effective!</small><br></div><div class="battle-history"><small>(The opposing FUCKINMOLEPERSON lost <abbr title="−5/23">21.7%</abbr> of its health!)</small><br></div><div class="spacer battle-history"><br></div><div class="battle-history">The opposing FUCKINMOLEPERSON fainted!<br></div><div class="chat"><small>Sally(trainer) joined.</small></div><div class="spacer battle-history"><br></div><div class="battle-history">PD sent out Fetty¢Wap (<strong>Magnemite</strong>)!<br></div><div class="battle-history"><small>The opposing Fetty¢Wap was caught in a sticky web!</small><br></div><div class="battle-history"><small>The opposing Fetty¢Wap's Speed fell!</small><br></div><div class="spacer battle-history"><br></div><h2 class="battle-history">Turn 4</h2><div class="chat"><small>gautier18 joined.</small></div><div class="chat"><small>LPDP joined.</small></div><div class="chat"><small>gautier18 left.</small></div><div class="chat"><small>YveltalAmino joined.</small></div><div class="chat chatmessage-hellsurf"><strong style="color:hsl(355,77%,47%)"><small> </small><span class="username" data-name="Hellsurf">Hellsurf</span>:</strong> <em>fell swoop</em></div><div class="chat"><small>Marco25 joined.</small></div><div class="chat chatmessage-chopsticksman"><strong style="color:hsl(65,62%,32%)"><small> </small><span class="username" data-name="chopsticksman">chopsticksman</span>:</strong> <em>Go ravinking123</em></div><div class="chat chatmessage-yveltalamino"><strong style="color:hsl(257,77%,58.88737384686337%)"><small> </small><span class="username" data-name="YveltalAmino">YveltalAmino</span>:</strong> <em>;D</em></div><div class="chat"><small>Nuterra left.</small></div><div class="chat"><small>TehHeetmang joined.</small></div><div class="chat chatmessage-bottlez"><strong style="color:hsl(87,52%,42.21415502469976%)"><small> </small><span class="username" data-name="bottlez">bottlez</span>:</strong> <em>lol fetty wap</em></div><div class="chat"><small>tyr0nesm1th left.</small></div><div class="spacer battle-history"><br></div><div class="battle-history">The opposing Fetty¢Wap used <strong>Volt Switch</strong>!<br></div><div class="battle-history"><small>It's super effective!</small><br></div><div class="battle-history"><small>(Rekeri :^) lost <abbr title="−3/21">14.3%</abbr> of its health!)</small><br></div><div class="spacer battle-history"><br></div><div class="battle-history">Rekeri :^) fainted!<br></div><div class="chat"><small>LPDP left.</small></div><div class="chat"><small>Sally(trainer) left.</small></div><div class="chat chatmessage-timeguy"><strong style="color:hsl(288,70%,48%)"><small> </small><span class="username" data-name="Timeguy">Timeguy</span>:</strong> <em>spoiler: <span class="spoiler">PD has amazing names</span></em></div><div class="spacer battle-history"><br></div><div class="battle-history">The opposing Fetty¢Wap went back to PD!<br></div><div class="battle-history">PD sent out 8 Inches (<strong>Timburr</strong>)!<br></div><div class="battle-history"><small>The opposing 8 Inches was caught in a sticky web!</small><br></div><div class="battle-history"><small>The opposing 8 Inches's Speed fell!</small><br></div><div class="chat"><small>liamwalsh10 joined.</small></div><div class="chat chatmessage-chopsticksman"><strong style="color:hsl(65,62%,32%)"><small> </small><span class="username" data-name="chopsticksman">chopsticksman</span>:</strong> <em>PD has amazing names</em></div><div class="chat chatmessage-chopsticksman"><strong style="color:hsl(65,62%,32%)"><small> </small><span class="username" data-name="chopsticksman">chopsticksman</span>:</strong> <em>?</em></div><div class="spacer battle-history"><br></div><div class="battle-history">Go! Nineage (<strong>Drilbur</strong>)!<br></div><div class="battle-history"><small>Pointed stones dug into Nineage!</small><br></div><div class="battle-history"><small>[Nineage's Mold Breaker]</small><br><small>Nineage breaks the mold!</small><br></div><div class="spacer battle-history"><br></div><h2 class="battle-history">Turn 5</h2><div class="chat chatmessage-pd"><strong style="color:hsl(13,80%,42%)"><small>★</small><span class="username" data-name="PD">PD</span>:</strong> <em>Lol I made nineage</em></div><div class="chat chatmessage-hellsurf"><strong style="color:hsl(355,77%,47%)"><small> </small><span class="username" data-name="Hellsurf">Hellsurf</span>:</strong> <em>Crystal Cup!!!!!!!!</em></div><div class="chat chatmessage-pd"><span class="message-log">nineage was promoted to Room Voice by PD.</span></div><div class="chat chatmessage-pd"><strong style="color:hsl(13,80%,42%)"><small>★</small><span class="username" data-name="PD">PD</span>:</strong> <em>is this a sample team</em></div><div class="chat chatmessage-chopsticksman"><strong style="color:hsl(65,62%,32%)"><small> </small><span class="username" data-name="chopsticksman">chopsticksman</span>:</strong> <em>hey</em></div><div class="chat"><small>sdrsdes left.</small></div><div class="chat chatmessage-pd"><strong style="color:hsl(13,80%,42%)"><small>★</small><span class="username" data-name="PD">PD</span>:</strong> <em>ravinking</em></div><div class="spacer battle-history"><br></div><div class="battle-history">Nineage used <strong>Rapid Spin</strong>!<br></div><div class="battle-history"><small>(The opposing 8 Inches lost <abbr title="−2/24">8.3%</abbr> of its health!)</small><br></div><div class="battle-history"><small>The pointed stones disappeared from around your team!</small><br></div><div class="spacer battle-history"><br></div><div class="battle-history">The opposing 8 Inches used <strong>Drain Punch</strong>!<br></div><div class="battle-history"><small>(Nineage lost <abbr title="−10/23">43.5%</abbr> of its health!)</small><br></div><div class="battle-history"><small>Nineage had its energy drained!</small><br></div><div class="spacer battle-history"><br></div><h2 class="battle-history">Turn 6</h2><div class="chat"><small>TehHeetmang left.</small></div><div class="chat"><small>chopsticksman left.</small></div><div class="spacer battle-history"><br></div><div class="battle-history">Nineage used <strong>Swords Dance</strong>!<br></div><div class="battle-history"><small>Nineage's Attack rose sharply!</small><br></div><div class="spacer battle-history"><br></div><div class="battle-history">The opposing 8 Inches used <strong>Drain Punch</strong>!<br></div><div class="battle-history"><small>(Nineage lost <abbr title="−10/23">43.5%</abbr> of its health!)</small><br></div><div class="spacer battle-history"><br></div><h2 class="battle-history">Turn 7</h2><div class="chat"><small>Sally(trainer) joined.</small></div><div class="spacer battle-history"><br></div><div class="battle-history">The opposing 8 Inches used <strong>Mach Punch</strong>!<br></div><div class="battle-history"><small>(Nineage lost <abbr title="−2/23">8.7%</abbr> of its health!)</small><br></div><div class="spacer battle-history"><br></div><div class="battle-history">Nineage fainted!<br></div><div class="spacer battle-history"><br></div><div class="battle-history">Go! GeoffBruedly (<strong>Gastly</strong>)!<br></div><div class="spacer battle-history"><br></div><h2 class="battle-history">Turn 8</h2><div class="chat"><small>seabass411 left.</small></div><div class="chat"><small>Sparkzerino joined.</small></div><div class="chat chatmessage-hellsurf"><strong style="color:hsl(355,77%,47%)"><small> </small><span class="username" data-name="Hellsurf">Hellsurf</span>:</strong> <em>spoiler: <span class="spoiler">Ravinking will beat all of you up one day</span></em></div><div class="spacer battle-history"><br></div><div class="battle-history">PD withdrew 8 Inches!<br></div><div class="battle-history">PD sent out Angler Fish (<strong>Chinchou</strong>)!<br></div><div class="battle-history"><small>The opposing Angler Fish was caught in a sticky web!</small><br></div><div class="battle-history"><small>The opposing Angler Fish's Speed fell!</small><br></div><div class="spacer battle-history"><br></div><div class="battle-history">GeoffBruedly used <strong>Substitute</strong>!<br></div><div class="battle-history"><small>GeoffBruedly put in a substitute!</small><br></div><div class="battle-history"><small>(GeoffBruedly lost <abbr title="−4/19">21.1%</abbr> of its health!)</small><br></div><div class="spacer battle-history"><br></div><h2 class="battle-history">Turn 9</h2><div class="chat"><small>Aguy710A2 left.</small></div><div class="chat"><small>bottlez left.</small></div><div class="spacer battle-history"><br></div><div class="battle-history">GeoffBruedly used <strong>Sludge Bomb</strong>!<br></div><div class="battle-history"><small>(The opposing Angler Fish lost <abbr title="−19/24">79.2%</abbr> of its health!)</small><br></div><div class="battle-history"><small>GeoffBruedly lost some of its HP!</small><br></div><div class="battle-history"><small>(The opposing Angler Fish used its Berry Juice!)</small><br></div><div class="battle-history"><small>The opposing Angler Fish restored HP using its Berry Juice!</small><br></div><div class="spacer battle-history"><br></div><div class="battle-history">The opposing Angler Fish used <strong>Scald</strong>!<br></div><div class="battle-history"><small>GeoffBruedly's substitute faded!</small><br></div><div class="spacer battle-history"><br></div><h2 class="battle-history">Turn 10</h2><div class="chat chatmessage-hellsurf"><strong style="color:hsl(355,77%,47%)"><small> </small><span class="username" data-name="Hellsurf">Hellsurf</span>:</strong> <em>Bjark</em></div><div class="chat"><small>Sparkzerino left.</small></div><div class="chat"><small>SharuDOTexe joined.</small></div><div class="chat"><small>ETD Ponko joined.</small></div><div class="chat chatmessage-hellsurf"><strong style="color:hsl(355,77%,47%)"><small> </small><span class="username" data-name="Hellsurf">Hellsurf</span>:</strong> <em>spoiler: <span class="spoiler">QWertyuiopasdfghjklzxcvbnm</span></em></div><div class="spacer battle-history"><br></div><div class="battle-history">GeoffBruedly used <strong>Shadow Ball</strong>!<br></div><div class="battle-history"><small>(The opposing Angler Fish lost <abbr title="−17/24">70.8%</abbr> of its health!)</small><br></div><div class="battle-history"><small>The opposing Angler Fish's Special Defense fell!</small><br></div><div class="battle-history"><small>GeoffBruedly lost some of its HP!</small><br></div><div class="spacer battle-history"><br></div><div class="battle-history">The opposing Angler Fish used <strong>Scald</strong>!<br></div><div class="battle-history"><small>(GeoffBruedly lost <abbr title="−13/19">68.4%</abbr> of its health!)</small><br></div><div class="spacer battle-history"><br></div><div class="battle-history">GeoffBruedly fainted!<br></div><div class="chat chatmessage-timeguy"><strong style="color:hsl(288,70%,48%)"><small> </small><span class="username" data-name="Timeguy">Timeguy</span>:</strong> <em>spoiler: <span class="spoiler">I seriously doubt that, because my Abra knows TELEPORT *Fear*</span></em></div><div class="spacer battle-history"><br></div><div class="battle-history">Go! Trickster (<strong>Mienfoo</strong>)!<br></div><div class="spacer battle-history"><br></div><h2 class="battle-history">Turn 11</h2><div class="chat chatmessage-thezeptai"><strong style="color:hsl(133,57%,31.57858322823369%)"><small> </small><span class="username" data-name="TheZeptai">TheZeptai</span>:</strong> <em>Spoiler: <span class="spoiler">xd</span></em></div><div class="chat chatmessage-hellsurf"><strong style="color:hsl(355,77%,47%)"><small> </small><span class="username" data-name="Hellsurf">Hellsurf</span>:</strong> <em>spoiler</em></div><div class="chat chatmessage-hellsurf"><strong style="color:hsl(355,77%,47%)"><small> </small><span class="username" data-name="Hellsurf">Hellsurf</span>:</strong> <em>Spoiler: <span class="spoiler">Sit down and shut up</span></em></div><div class="spacer battle-history"><br></div><div class="battle-history">PD withdrew Angler Fish!<br></div><div class="battle-history">PD sent out Matilda (<strong>Snubbull</strong>)!<br></div><div class="battle-history"><small>The opposing Matilda was caught in a sticky web!</small><br></div><div class="battle-history"><small>The opposing Matilda's Speed fell!</small><br></div><div class="battle-history"><small>[The opposing Matilda's Intimidate]</small><br></div><div class="battle-history"><small>Trickster's Attack fell!</small><br></div><div class="spacer battle-history"><br></div><div class="battle-history">Trickster used <strong>Drain Punch</strong>!<br></div><div class="battle-history"><small>It's not very effective...</small><br></div><div class="battle-history"><small>(The opposing Matilda lost <abbr title="−3/24">12.5%</abbr> of its health!)</small><br></div><div class="spacer battle-history"><br></div><h2 class="battle-history">Turn 12</h2><div class="chat chatmessage-timeguy"><strong style="color:hsl(288,70%,48%)"><small> </small><span class="username" data-name="Timeguy">Timeguy</span>:</strong> <em>no</em></div><div class="chat chatmessage-hellsurf"><strong style="color:hsl(355,77%,47%)"><small> </small><span class="username" data-name="Hellsurf">Hellsurf</span>:</strong> <em>spoiler: <span class="spoiler">you want to die buddy?</span></em></div><div class="spacer battle-history"><br></div><div class="battle-history">Trickster used <strong>U-turn</strong>!<br></div><div class="battle-history"><small>It's not very effective...</small><br></div><div class="battle-history"><small>(The opposing Matilda lost <abbr title="−2/24">8.3%</abbr> of its health!)</small><br></div><div class="chat"><small>aagarocks left.</small></div><div class="spacer battle-history"><br></div><div class="battle-history">Trickster went back to RavinKing123!<br></div><div class="battle-history">Go! DeathxShinigami (<strong>Pawniard</strong>)!<br></div><div class="spacer battle-history"><br></div><div class="battle-history">The opposing Matilda used <strong>Earthquake</strong>!<br></div><div class="battle-history"><small>It's super effective!</small><br></div><div class="battle-history"><small>(DeathxShinigami lost <abbr title="−14/21">66.7%</abbr> of its health!)</small><br></div><div class="spacer battle-history"><br></div><h2 class="battle-history">Turn 13</h2><div class="chat chatmessage-liamwalsh10"><strong style="color:hsl(22,67%,46%)"><small> </small><span class="username" data-name="liamwalsh10">liamwalsh10</span>:</strong> <em>spoiler: <span class="spoiler">shut the fuck up</span></em></div><div class="chat"><small>Heecat joined.</small></div><div class="chat chatmessage-liamwalsh10"><strong style="color:hsl(22,67%,46%)"><small> </small><span class="username" data-name="liamwalsh10">liamwalsh10</span>:</strong> <em>spoiler ur gay</em></div><div class="chat chatmessage-timeguy"><strong style="color:hsl(288,70%,48%)"><small> </small><span class="username" data-name="Timeguy">Timeguy</span>:</strong> <em>spoiler why are we even doing this?</em></div><div class="chat chatmessage-hellsurf"><strong style="color:hsl(355,77%,47%)"><small> </small><span class="username" data-name="Hellsurf">Hellsurf</span>:</strong> <em>spoiler: <span class="spoiler">liamwash10 will die\</span></em></div><div class="spacer battle-history"><br></div><div class="battle-history">PD withdrew Matilda!<br></div><div class="battle-history">PD sent out Angler Fish (<strong>Chinchou</strong>)!<br></div><div class="battle-history"><small>The opposing Angler Fish was caught in a sticky web!</small><br></div><div class="battle-history"><small>The opposing Angler Fish's Speed fell!</small><br></div><div class="spacer battle-history"><br></div><div class="battle-history">DeathxShinigami used <strong>Knock Off</strong>!<br></div><div class="battle-history"><small>(The opposing Angler Fish lost <abbr title="−7/24">29.2%</abbr> of its health!)</small><br></div><div class="spacer battle-history"><br></div><div class="battle-history">The opposing Angler Fish fainted!<br></div><div class="spacer battle-history"><br></div><div class="battle-history">PD sent out 8 Inches (<strong>Timburr</strong>)!<br></div><div class="battle-history"><small>The opposing 8 Inches was caught in a sticky web!</small><br></div><div class="battle-history"><small>The opposing 8 Inches's Speed fell!</small><br></div><div class="spacer battle-history"><br></div><h2 class="battle-history">Turn 14</h2><div class="chat chatmessage-hellsurf"><strong style="color:hsl(355,77%,47%)"><small> </small><span class="username" data-name="Hellsurf">Hellsurf</span>:</strong> <em>spoiler: <span class="spoiler">Timeguy hsould shut up</span></em></div><div class="chat"><small>David53 left.</small></div><div class="spacer battle-history"><br></div><div class="battle-history">DeathxShinigami, come back!<br></div><div class="battle-history">Go! Trickster (<strong>Mienfoo</strong>)!<br></div><div class="spacer battle-history"><br></div><div class="battle-history">The opposing 8 Inches used <strong>Mach Punch</strong>!<br></div><div class="battle-history"><small>(Trickster lost <abbr title="−4/21">19.0%</abbr> of its health!)</small><br></div><div class="spacer battle-history"><br></div><h2 class="battle-history">Turn 15</h2><div class="chat chatmessage-timeguy"><strong style="color:hsl(288,70%,48%)"><small> </small><span class="username" data-name="Timeguy">Timeguy</span>:</strong> <em>spoiler: <span class="spoiler">considering your name is Hellsurf...</span></em></div><div class="spacer battle-history"><br></div><div class="battle-history">Trickster used <strong>Knock Off</strong>!<br></div><div class="battle-history"><small>It's not very effective...</small><br></div><div class="battle-history"><small>(The opposing 8 Inches lost <abbr title="−3/24">12.5%</abbr> of its health!)</small><br></div><div class="battle-history"><small>Trickster knocked off the opposing 8 Inches's Eviolite!</small><br></div><div class="spacer battle-history"><br></div><div class="battle-history">The opposing 8 Inches used <strong>Knock Off</strong>!<br></div><div class="battle-history"><small>It's not very effective...</small><br></div><div class="battle-history"><small>(Trickster lost <abbr title="−3/21">14.3%</abbr> of its health!)</small><br></div><div class="battle-history"><small>The opposing 8 Inches knocked off Trickster's Eviolite!</small><br></div><div class="spacer battle-history"><br></div><h2 class="battle-history">Turn 16</h2><div class="chat chatmessage-kris100"><strong style="color:hsl(23,59%,45%)"><small> </small><span class="username" data-name="kris100">kris100</span>:</strong> <em>Spoiler: <span class="spoiler">ravinking will lose</span></em></div><div class="chat chatmessage-narusin12"><strong style="color:hsl(281,74%,51.658677930556706%)"><small> </small><span class="username" data-name="Narusin12">Narusin12</span>:</strong> <em>here is a spolier</em></div><div class="chat"><small>AndreFort left.</small></div><div class="chat chatmessage-hellsurf"><strong style="color:hsl(355,77%,47%)"><small> </small><span class="username" data-name="Hellsurf">Hellsurf</span>:</strong> <em>Spoiler: <span class="spoiler">Kris is dumb</span></em></div><div class="chat chatmessage-narusin12"><strong style="color:hsl(281,74%,51.658677930556706%)"><small> </small><span class="username" data-name="Narusin12">Narusin12</span>:</strong> <em>shut the fuck up and stop abusing the spolier</em></div><div class="spacer battle-history"><br></div><div class="battle-history">PD withdrew 8 Inches!<br></div><div class="battle-history">PD sent out Matilda (<strong>Snubbull</strong>)!<br></div><div class="battle-history"><small>The opposing Matilda was caught in a sticky web!</small><br></div><div class="battle-history"><small>The opposing Matilda's Speed fell!</small><br></div><div class="battle-history"><small>[The opposing Matilda's Intimidate]</small><br></div><div class="battle-history"><small>Trickster's Attack fell!</small><br></div><div class="spacer battle-history"><br></div><div class="battle-history">Trickster used <strong>Drain Punch</strong>!<br></div><div class="battle-history"><small>It's not very effective...</small><br></div><div class="battle-history"><small>(The opposing Matilda lost <abbr title="−4/24">16.7%</abbr> of its health!)</small><br></div><div class="battle-history"><small>The opposing Matilda had its energy drained!</small><br></div><div class="spacer battle-history"><br></div><h2 class="battle-history">Turn 17</h2><div class="chat chatmessage-heecat"><strong style="color:hsl(186,70%,40%)"><small> </small><span class="username" data-name="Heecat">Heecat</span>:</strong> <em>what is this</em></div><div class="spacer battle-history"><br></div><div class="battle-history">Trickster used <strong>Knock Off</strong>!<br></div><div class="battle-history"><small>It's not very effective...</small><br></div><div class="battle-history"><small>(The opposing Matilda lost <abbr title="−4/24">16.7%</abbr> of its health!)</small><br></div><div class="battle-history"><small>Trickster knocked off the opposing Matilda's Berry Juice!</small><br></div><div class="spacer battle-history"><br></div><div class="battle-history">The opposing Matilda used <strong>Play Rough</strong>!<br></div><div class="battle-history"><small>It's super effective!</small><br></div><div class="battle-history"><small>(Trickster lost <abbr title="−16/21">76.2%</abbr> of its health!)</small><br></div><div class="spacer battle-history"><br></div><div class="battle-history">Trickster fainted!<br></div><div class="chat chatmessage-hellsurf"><strong style="color:hsl(355,77%,47%)"><small> </small><span class="username" data-name="Hellsurf">Hellsurf</span>:</strong> <em>spoiler: <span class="spoiler">Shut up narusin</span></em></div><div class="chat chatmessage-heecat"><strong style="color:hsl(186,70%,40%)"><small> </small><span class="username" data-name="Heecat">Heecat</span>:</strong> <em>spoiler: <span class="spoiler">Pd wins</span></em></div><div class="chat chatmessage-liamwalsh10"><strong style="color:hsl(22,67%,46%)"><small> </small><span class="username" data-name="liamwalsh10">liamwalsh10</span>:</strong> <em>spoiler: <span class="spoiler">hell surf will die</span></em></div><div class="chat chatmessage-kris100"><strong style="color:hsl(23,59%,45%)"><small> </small><span class="username" data-name="kris100">kris100</span>:</strong> <em>Spoiler: <span class="spoiler">hellsurf is negro</span></em></div><div class="chat"><small>maltazar left.</small></div><div class="chat"><div class="broadcast-red"><b>Moderated chat was set to +!</b><br>Only users of rank + and higher can talk.</div></div><div class="chat chatmessage-pd"><strong style="color:hsl(13,80%,42%)"><small>★</small><span class="username" data-name="PD">PD</span>:</strong> <em>spoiler: <span class="spoiler">sorry my niggas</span></em></div><div class="spacer battle-history"><br></div><div class="battle-history">Go! CrushinDefeat (<strong>Omanyte</strong>)!<br></div><div class="spacer battle-history"><br></div><h2 class="battle-history">Turn 18</h2><div class="spacer battle-history"><br></div><div class="battle-history">CrushinDefeat used <strong>Shell Smash</strong>!<br></div><div class="battle-history"><small>CrushinDefeat's Defense fell!</small><br></div><div class="battle-history"><small>CrushinDefeat's Special Defense fell!</small><br></div><div class="battle-history"><small>CrushinDefeat's Attack rose sharply!</small><br></div><div class="battle-history"><small>CrushinDefeat's Special Attack rose sharply!</small><br></div><div class="battle-history"><small>CrushinDefeat's Speed rose sharply!</small><br></div><div class="spacer battle-history"><br></div><div class="battle-history">The opposing Matilda used <strong>Thunder Wave</strong>!<br></div><div class="battle-history"><small>CrushinDefeat is paralyzed! It may be unable to move!</small><br></div><div class="spacer battle-history"><br></div><h2 class="battle-history">Turn 19</h2><div class="spacer battle-history"><br></div><div class="battle-history">CrushinDefeat used <strong>Surf</strong>!<br></div><div class="battle-history"><small>(The opposing Matilda lost <abbr title="−11/24">45.8%</abbr> of its health!)</small><br></div><div class="spacer battle-history"><br></div><div class="battle-history">The opposing Matilda fainted!<br></div><div class="spacer battle-history"><br></div><div class="battle-history">PD sent out Fetty¢Wap (<strong>Magnemite</strong>)!<br></div><div class="battle-history"><small>The opposing Fetty¢Wap was caught in a sticky web!</small><br></div><div class="battle-history"><small>The opposing Fetty¢Wap's Speed fell!</small><br></div><div class="spacer battle-history"><br></div><h2 class="battle-history">Turn 20</h2><div class="spacer battle-history"><br></div><div class="battle-history">The opposing Fetty¢Wap used <strong>Thunderbolt</strong>!<br></div><div class="battle-history"><small>It's super effective!</small><br></div><div class="battle-history"><small>(CrushinDefeat lost <abbr title="−20/20">100%</abbr> of its health!)</small><br></div><div class="spacer battle-history"><br></div><div class="battle-history">CrushinDefeat fainted!<br></div><div class="spacer battle-history"><br></div><div class="battle-history">Go! DeathxShinigami (<strong>Pawniard</strong>)!<br></div><div class="spacer battle-history"><br></div><h2 class="battle-history">Turn 21</h2><div class="chat"><small>S1lf left.</small></div><div class="chat chatmessage-ravinking123"><strong style="color:hsl(167,75%,36.297954237226676%)"><small>★</small><span class="username" data-name="RavinKing123">RavinKing123</span>:</strong> <em>gg</em></div><div class="chat"><small>MightyActionX45 left.</small></div><div class="chat"><small>liamwalsh10 left.</small></div><div class="chat"><small>Timeguy left.</small></div><div class="chat"><small>Hellsurf left.</small></div><div class="spacer battle-history"><br></div><div class="battle-history">DeathxShinigami used <strong>Sucker Punch</strong>!<br></div><div class="battle-history"><small>(The opposing Fetty¢Wap lost <abbr title="−10/19">52.6%</abbr> of its health!)</small><br></div><div class="spacer battle-history"><br></div><div class="battle-history">The opposing Fetty¢Wap used <strong>Thunderbolt</strong>!<br></div><div class="battle-history"><small>(DeathxShinigami lost <abbr title="−7/21">33.3%</abbr> of its health!)</small><br></div><div class="spacer battle-history"><br></div><div class="battle-history">DeathxShinigami fainted!<br></div><div class="spacer battle-history"><br></div><div class="battle-history"><strong>PD</strong> won the battle!<br></div><div class="chat"><small>Narusin12 left.</small></div><div class="chat"><small>shofu1234 left.</small></div><div class="chat"><small>PD left.</small></div><div class="chat"><small>ferocarril left.</small></div><div class="chat"><small>Sally(trainer) left.</small></div><div class="chat"><small>Heecat left.</small></div><div class="chat"><small>YveltalAmino left.</small></div><div class="chat"><small>Kchamp left.</small></div><div class="chat"><small>Machferno joined.</small></div><div class="chat"><small>silverneo left.</small></div><div class="chat"><small>Lobari the Grey left.</small></div><div class="chat"><small>RavinKing123 left.</small></div><div class="chat"><small>SharuDOTexe left.</small></div><div class="chat"><small>David53 joined.</small></div><div class="chat"><small>David53 left.</small></div><div class="chat"><small>Marco25 left.</small></div></div><div class="inner-preempt"></div></div></div>
</div>
<script>
let daily = Math.floor(Date.now()/1000/60/60/24);document.write('<script src="https://play.pokemonshowdown.com/js/replay-embed.js?version'+daily+'"></'+'script>');
</script>
