<!DOCTYPE html>
<meta charset="utf-8" />
<!-- version 1 -->
<title>LC replay: Alphonse559 vs. HabibCdR</title>
<style>
html,body {font-family:Verdana, sans-serif;font-size:10pt;margin:0;padding:0;}body{padding:12px 0;} .battle-log {font-family:Verdana, sans-serif;font-size:10pt;} .battle-log-inline {border:1px solid #AAAAAA;background:#EEF2F5;color:black;max-width:640px;margin:0 auto 80px;padding-bottom:5px;} .battle-log .inner {padding:4px 8px 0px 8px;} .battle-log .inner-preempt {padding:0 8px 4px 8px;} .battle-log .inner-after {margin-top:0.5em;} .battle-log h2 {margin:0.5em -8px;padding:4px 8px;border:1px solid #AAAAAA;background:#E0E7EA;border-left:0;border-right:0;font-family:Verdana, sans-serif;font-size:13pt;} .battle-log .chat {vertical-align:middle;padding:3px 0 3px 0;font-size:8pt;} .battle-log .chat strong {color:#40576A;} .battle-log .chat em {padding:1px 4px 1px 3px;color:#000000;font-style:normal;} .chat.mine {background:rgba(0,0,0,0.05);margin-left:-8px;margin-right:-8px;padding-left:8px;padding-right:8px;} .spoiler {color:#BBBBBB;background:#BBBBBB;padding:0px 3px;} .spoiler:hover, .spoiler:active, .spoiler-shown {color:#000000;background:#E2E2E2;padding:0px 3px;} .spoiler a {color:#BBBBBB;} .spoiler:hover a, .spoiler:active a, .spoiler-shown a {color:#2288CC;} .chat code, .chat .spoiler:hover code, .chat .spoiler:active code, .chat .spoiler-shown code {border:1px solid #C0C0C0;background:#EEEEEE;color:black;padding:0 2px;} .chat .spoiler code {border:1px solid #CCCCCC;background:#CCCCCC;color:#CCCCCC;} .battle-log .rated {padding:3px 4px;} .battle-log .rated strong {color:white;background:#89A;padding:1px 4px;border-radius:4px;} .spacer {margin-top:0.5em;} .message-announce {background:#6688AA;color:white;padding:1px 4px 2px;} .message-announce a, .broadcast-green a, .broadcast-blue a, .broadcast-red a {color:#DDEEFF;} .broadcast-green {background-color:#559955;color:white;padding:2px 4px;} .broadcast-blue {background-color:#6688AA;color:white;padding:2px 4px;} .infobox {border:1px solid #6688AA;padding:2px 4px;} .infobox-limited {max-height:200px;overflow:auto;overflow-x:hidden;} .broadcast-red {background-color:#AA5544;color:white;padding:2px 4px;} .message-learn-canlearn {font-weight:bold;color:#228822;text-decoration:underline;} .message-learn-cannotlearn {font-weight:bold;color:#CC2222;text-decoration:underline;} .message-effect-weak {font-weight:bold;color:#CC2222;} .message-effect-resist {font-weight:bold;color:#6688AA;} .message-effect-immune {font-weight:bold;color:#666666;} .message-learn-list {margin-top:0;margin-bottom:0;} .message-throttle-notice, .message-error {color:#992222;} .message-overflow, .chat small.message-overflow {font-size:0pt;} .message-overflow::before {font-size:9pt;content:'...';} .subtle {color:#3A4A66;}
</style>
<div class="wrapper replay-wrapper" style="max-width:1180px;margin:0 auto">
<input type="hidden" name="replayid" value="lc-531953734" />
<div class="battle"></div><div class="battle-log"></div><div class="replay-controls"></div><div class="replay-controls-2"></div>
<h1 style="font-weight:normal;text-align:center"><strong>LC</strong><br /><a href="http://pokemonshowdown.com/users/alphonse559" class="subtle" target="_blank">Alphonse559</a> vs. <a href="http://pokemonshowdown.com/users/habibcdr" class="subtle" target="_blank">HabibCdR</a></h1>
<script type="text/plain" class="battle-log-data">|j|Alphonse559
|j|HabibCdR
|player|p1|Alphonse559|247
|player|p2|HabibCdR|169
|gametype|singles
|gen|6
|tier|LC
|seed|34848,41178,42572,29817
|clearpoke
|poke|p1|Mienfoo, L5, M|item
|poke|p1|Chinchou, L5, F|item
|poke|p1|Vullaby, L5, F|item
|poke|p1|Onix, L5, M|item
|poke|p1|Trubbish, L5, F|item
|poke|p1|Diglett, L5, M|item
|poke|p2|Dwebble, L5, F, shiny|item
|poke|p2|Elekid, L5, F|item
|poke|p2|Gastly, L5, M|item
|poke|p2|Mienfoo, L5, M, shiny|item
|poke|p2|Tirtouga, L5, M, shiny|item
|poke|p2|Abra, L5, M|item
|rule|Sleep Clause Mod: Limit one foe put to sleep
|rule|Species Clause: Limit one of each Pokémon
|rule|OHKO Clause: OHKO moves are banned
|rule|Moody Clause: Moody is banned
|rule|Evasion Moves Clause: Evasion moves are banned
|rule|Endless Battle Clause: Forcing endless battles is banned
|rule|HP Percentage Mod: HP is shown in percentages
|teampreview
|choice|team 4, team 2, team 3, team 1, team 5, team 6|team 1, team 2, team 3, team 4, team 5, team 6
|
|start
|switch|p1a: Onix|Onix, L5, M|21\/21
|switch|p2a: Eremita|Dwebble, L5, F, shiny|21\/21
|turn|1
|choice|move taunt|move stealthrock
|
|move|p1a: Onix|Taunt|p2a: Eremita
|-start|p2a: Eremita|move: Taunt
|cant|p2a: Eremita|move: Taunt|Stealth Rock
|
|upkeep
|turn|2
|choice|move earthquake|move rockblast
|
|move|p1a: Onix|Earthquake|p2a: Eremita
|-damage|p2a: Eremita|9\/21
|-enditem|p2a: Eremita|Berry Juice
|-heal|p2a: Eremita|21\/21|[from] item: Berry Juice
|move|p2a: Eremita|Rock Blast|p1a: Onix
|-resisted|p1a: Onix
|-damage|p1a: Onix|20\/21
|-resisted|p1a: Onix
|-damage|p1a: Onix|19\/21
|-resisted|p1a: Onix
|-damage|p1a: Onix|18\/21
|-hitcount|p1a: Onix|3
|
|upkeep
|turn|3
|choice|move stealthrock|move counter
|
|move|p1a: Onix|Stealth Rock|p2a: Eremita
|-sidestart|p2: HabibCdR|move: Stealth Rock
|move|p2a: Eremita|Counter|p1a: Onix
|-fail|p1a: Onix
|
|-end|p2a: Eremita|move: Taunt
|upkeep
|turn|4
|choice|move earthquake|move rockblast
|
|move|p1a: Onix|Earthquake|p2a: Eremita
|-damage|p2a: Eremita|9\/21
|move|p2a: Eremita|Rock Blast|p1a: Onix
|-resisted|p1a: Onix
|-damage|p1a: Onix|17\/21
|-resisted|p1a: Onix
|-damage|p1a: Onix|16\/21
|-hitcount|p1a: Onix|2
|
|upkeep
|turn|5
|choice|move earthquake|move counter
|
|move|p1a: Onix|Earthquake|p2a: Eremita
|-damage|p2a: Eremita|0 fnt
|faint|p2a: Eremita
|
|upkeep
|choice||switch 6
|
|switch|p2a: Snoozer|Abra, L5, M|19\/19
|turn|6
|choice|move rockblast|move energyball
|
|move|p2a: Snoozer|Energy Ball|p1a: Onix
|-supereffective|p1a: Onix
|-damage|p1a: Onix|0 fnt
|faint|p1a: Onix
|
|upkeep
|choice|switch 6|
|
|switch|p1a: Diglett|Diglett, L5, M|18\/18
|turn|7
|choice|move suckerpunch|move hiddenpower
|
|move|p1a: Diglett|Sucker Punch|p2a: Snoozer
|-supereffective|p2a: Snoozer
|-enditem|p2a: Snoozer|Focus Sash
|-damage|p2a: Snoozer|1\/19
|move|p2a: Snoozer|Hidden Power|p1a: Diglett
|-damage|p1a: Diglett|8\/18
|
|upkeep
|turn|8
|choice|move suckerpunch|move energyball
|
|move|p1a: Diglett|Sucker Punch|p2a: Snoozer
|-supereffective|p2a: Snoozer
|-damage|p2a: Snoozer|0 fnt
|faint|p2a: Snoozer
|
|upkeep
|choice||switch 3
|
|switch|p2a: Pum|Gastly, L5, M|19\/19
|-damage|p2a: Pum|17\/19|[from] Stealth Rock
|turn|9
|choice|move suckerpunch|move substitute
|
|move|p1a: Diglett|Sucker Punch|p2a: Pum|[still]
|-fail|p1a: Diglett
|move|p2a: Pum|Substitute|p2a: Pum
|-start|p2a: Pum|Substitute
|-damage|p2a: Pum|13\/19
|
|upkeep
|turn|10
|choice|move substitute|move sludgebomb
|
|move|p1a: Diglett|Substitute|p1a: Diglett
|-start|p1a: Diglett|Substitute
|-damage|p1a: Diglett|4\/18
|move|p2a: Pum|Sludge Bomb|p1a: Diglett
|-resisted|p1a: Diglett
|-end|p1a: Diglett|Substitute
|-damage|p2a: Pum|12\/19|[from] item: Life Orb
|
|upkeep
|turn|11
|choice|move suckerpunch|move sludgebomb
|
|move|p1a: Diglett|Sucker Punch|p2a: Pum
|-supereffective|p2a: Pum
|-end|p2a: Pum|Substitute
|move|p2a: Pum|Sludge Bomb|p1a: Diglett
|-resisted|p1a: Diglett
|-damage|p1a: Diglett|0 fnt
|-damage|p2a: Pum|11\/19|[from] item: Life Orb
|faint|p1a: Diglett
|
|upkeep
|choice|switch 4|
|
|switch|p1a: Mienfoo|Mienfoo, L5, M|21\/21
|turn|12
|choice|move knockoff|move sludgebomb
|
|move|p1a: Mienfoo|Knock Off|p2a: Pum
|-supereffective|p2a: Pum
|-damage|p2a: Pum|0 fnt
|-enditem|p2a: Pum|Life Orb|[from] move: Knock Off|[of] p1a: Mienfoo
|faint|p2a: Pum
|
|upkeep
|choice||switch 2
|
|switch|p2a: Plugue A|Elekid, L5, F|21\/21
|-damage|p2a: Plugue A|19\/21|[from] Stealth Rock
|turn|13
|choice|switch 2|move psychic
|
|switch|p1a: Chinchou|Chinchou, L5, F|25\/25
|move|p2a: Plugue A|Psychic|p1a: Chinchou
|-damage|p1a: Chinchou|12\/25
|-unboost|p1a: Chinchou|spd|1
|-enditem|p1a: Chinchou|Berry Juice
|-heal|p1a: Chinchou|25\/25|[from] item: Berry Juice
|-damage|p2a: Plugue A|17\/21|[from] item: Life Orb
|
|upkeep
|turn|14
|j|Helderb
|choice|move icebeam|move hiddenpower
|
|move|p2a: Plugue A|Hidden Power|p1a: Chinchou
|-supereffective|p1a: Chinchou
|-damage|p1a: Chinchou|2\/25
|-damage|p2a: Plugue A|15\/21|[from] item: Life Orb
|move|p1a: Chinchou|Ice Beam|p2a: Plugue A
|-damage|p2a: Plugue A|7\/21
|
|upkeep
|turn|15
|choice|move icebeam|move hiddenpower
|
|move|p2a: Plugue A|Hidden Power|p1a: Chinchou
|-supereffective|p1a: Chinchou
|-damage|p1a: Chinchou|0 fnt
|-damage|p2a: Plugue A|5\/21|[from] item: Life Orb
|faint|p1a: Chinchou
|
|upkeep
|choice|switch 2|
|
|switch|p1a: Mienfoo|Mienfoo, L5, M|21\/21
|turn|16
|choice|move highjumpkick|move psychic
|
|move|p1a: Mienfoo|High Jump Kick|p2a: Plugue A
|-damage|p2a: Plugue A|0 fnt
|faint|p2a: Plugue A
|
|upkeep
|choice||switch 4
|
|switch|p2a: Yip Boy|Mienfoo, L5, M, shiny|21\/21
|-damage|p2a: Yip Boy|20\/21|[from] Stealth Rock
|turn|17
|choice|switch 5|move drainpunch
|
|switch|p1a: Trubbish|Trubbish, L5, F|23\/23
|move|p2a: Yip Boy|Drain Punch|p1a: Trubbish
|-resisted|p1a: Trubbish
|-damage|p1a: Trubbish|17\/23
|-heal|p2a: Yip Boy|21\/21|[from] drain|[of] p1a: Trubbish
|
|upkeep
|turn|18
|choice|move gunkshot|move knockoff
|
|move|p1a: Trubbish|Gunk Shot|p2a: Yip Boy
|-damage|p2a: Yip Boy|11\/21
|move|p2a: Yip Boy|Knock Off|p1a: Trubbish
|-damage|p1a: Trubbish|8\/23
|-activate|p1a: Trubbish|ability: Sticky Hold
|-enditem|p1a: Trubbish|Berry Juice
|-heal|p1a: Trubbish|23\/23|[from] item: Berry Juice
|
|upkeep
|turn|19
|choice|move gunkshot|move drainpunch
|
|move|p1a: Trubbish|Gunk Shot|p2a: Yip Boy|[miss]
|-miss|p1a: Trubbish|p2a: Yip Boy
|move|p2a: Yip Boy|Drain Punch|p1a: Trubbish
|-resisted|p1a: Trubbish
|-damage|p1a: Trubbish|17\/23
|-heal|p2a: Yip Boy|14\/21|[from] drain|[of] p1a: Trubbish
|
|upkeep
|turn|20
|choice|move recycle|move drainpunch
|
|move|p2a: Yip Boy|Drain Punch|p1a: Trubbish
|-resisted|p1a: Trubbish
|-damage|p1a: Trubbish|12\/23
|-heal|p2a: Yip Boy|17\/21|[from] drain|[of] p1a: Trubbish
|move|p1a: Trubbish|Recycle|p1a: Trubbish
|-item|p1a: Trubbish|Berry Juice|[from] move: Recycle
|
|upkeep
|turn|21
|choice|move gunkshot|move stoneedge
|
|move|p1a: Trubbish|Gunk Shot|p2a: Yip Boy
|-damage|p2a: Yip Boy|7\/21
|-status|p2a: Yip Boy|psn
|move|p2a: Yip Boy|Stone Edge|p1a: Trubbish|[miss]
|-miss|p2a: Yip Boy|p1a: Trubbish
|
|-damage|p2a: Yip Boy|5\/21 psn|[from] psn
|upkeep
|turn|22
|choice|move gunkshot|move stoneedge
|
|move|p1a: Trubbish|Gunk Shot|p2a: Yip Boy
|-damage|p2a: Yip Boy|0 fnt
|faint|p2a: Yip Boy
|
|upkeep
|choice||switch 5
|
|switch|p2a: Donatello|Tirtouga, L5, M, shiny|22\/22
|-damage|p2a: Donatello|20\/22|[from] Stealth Rock
|turn|23
|choice|move drainpunch|move shellsmash
|
|move|p1a: Trubbish|Drain Punch|p2a: Donatello
|-supereffective|p2a: Donatello
|-damage|p2a: Donatello|13\/22
|-heal|p1a: Trubbish|16\/23|[from] drain|[of] p2a: Donatello
|move|p2a: Donatello|Shell Smash|p2a: Donatello
|-unboost|p2a: Donatello|def|1
|-unboost|p2a: Donatello|spd|1
|-boost|p2a: Donatello|atk|2
|-boost|p2a: Donatello|spa|2
|-boost|p2a: Donatello|spe|2
|
|upkeep
|turn|24
|choice|move drainpunch|move waterfall
|
|move|p2a: Donatello|Waterfall|p1a: Trubbish
|-damage|p1a: Trubbish|0 fnt
|faint|p1a: Trubbish
|
|upkeep
|choice|switch 5|
|
|switch|p1a: Mienfoo|Mienfoo, L5, M|21\/21
|turn|25
|choice|move highjumpkick|move waterfall
|
|move|p1a: Mienfoo|High Jump Kick|p2a: Donatello
|-supereffective|p2a: Donatello
|-damage|p2a: Donatello|0 fnt
|faint|p2a: Donatello
|
|win|Alphonse559
|player|p1
|player|p2
|c|★Alphonse559|GG
|c|★HabibCdR|gg
|j|LieMaster
|l|HabibCdR</script>
</div>
<div class="battle-log battle-log-inline"><div class="inner"><div class="battle-options"></div><div class="inner"><div class="chat"><small>Alphonse559 joined.</small></div><div class="chat"><small>HabibCdR joined.</small></div><div class=""><small>Format:</small> <br><strong>LC</strong></div><div class=""><small><em>Sleep Clause Mod:</em> Limit one foe put to sleep</small></div><div class=""><small><em>Species Clause:</em> Limit one of each Pokémon</small></div><div class=""><small><em>OHKO Clause:</em> OHKO moves are banned</small></div><div class=""><small><em>Moody Clause:</em> Moody is banned</small></div><div class=""><small><em>Evasion Moves Clause:</em> Evasion moves are banned</small></div><div class=""><small><em>Endless Battle Clause:</em> Forcing endless battles is banned</small></div><div class=""><small><em>HP Percentage Mod:</em> HP is shown in percentages</small></div><div class="chat battle-history"><strong>Alphonse559's team:</strong> <em style="color:#445566;display:block;">Mienfoo / Chinchou / Vullaby / Onix / Trubbish / Diglett</em></div><div class="chat battle-history"><strong>HabibCdR's team:</strong> <em style="color:#445566;display:block;">Dwebble / Elekid / Gastly / Mienfoo / Tirtouga / Abra</em></div><div class="spacer battle-history"><br></div><div class="battle-history">Battle started between Alphonse559 and HabibCdR!<br></div><div class="spacer battle-history"><br></div><div class="battle-history">Go! <strong>Onix</strong>!<br></div><div class="spacer battle-history"><br></div><div class="battle-history">HabibCdR sent out Eremita (<strong>Dwebble</strong>)!<br></div><div class="spacer battle-history"><br></div><h2 class="battle-history">Turn 1</h2><div class="spacer battle-history"><br></div><div class="battle-history">Onix used <strong>Taunt</strong>!<br></div><div class="battle-history"><small>The opposing Eremita fell for the taunt!</small><br></div><div class="spacer battle-history"><br></div><div class="battle-history">The opposing Eremita can't use Stealth Rock after the taunt!<br></div><div class="spacer battle-history"><br></div><h2 class="battle-history">Turn 2</h2><div class="spacer battle-history"><br></div><div class="battle-history">Onix used <strong>Earthquake</strong>!<br></div><div class="battle-history"><small>(The opposing Eremita lost <abbr title="−12/21">57.1%</abbr> of its health!)</small><br></div><div class="battle-history"><small>(The opposing Eremita used its Berry Juice!)</small><br></div><div class="battle-history"><small>The opposing Eremita restored HP using its Berry Juice!</small><br></div><div class="spacer battle-history"><br></div><div class="battle-history">The opposing Eremita used <strong>Rock Blast</strong>!<br></div><div class="battle-history"><small>It's not very effective...</small><br></div><div class="battle-history"><small>(Onix lost <abbr title="−1/21">4.8%</abbr> of its health!)</small><br></div><div class="battle-history"><small>It's not very effective...</small><br></div><div class="battle-history"><small>(Onix lost <abbr title="−1/21">4.8%</abbr> of its health!)</small><br></div><div class="battle-history"><small>It's not very effective...</small><br></div><div class="battle-history"><small>(Onix lost <abbr title="−1/21">4.8%</abbr> of its health!)</small><br></div><div class="battle-history"><small>Hit 3 times!</small><br></div><div class="spacer battle-history"><br></div><h2 class="battle-history">Turn 3</h2><div class="spacer battle-history"><br></div><div class="battle-history">Onix used <strong>Stealth Rock</strong>!<br></div><div class="battle-history"><small>Pointed stones float in the air around the opposing team!</small><br></div><div class="spacer battle-history"><br></div><div class="battle-history">The opposing Eremita used <strong>Counter</strong>!<br></div><div class="battle-history"><small>But it failed!</small><br></div><div class="spacer battle-history"><br></div><div class="battle-history"><small>The opposing Eremita's taunt wore off!</small><br></div><div class="spacer battle-history"><br></div><h2 class="battle-history">Turn 4</h2><div class="spacer battle-history"><br></div><div class="battle-history">Onix used <strong>Earthquake</strong>!<br></div><div class="battle-history"><small>(The opposing Eremita lost <abbr title="−12/21">57.1%</abbr> of its health!)</small><br></div><div class="spacer battle-history"><br></div><div class="battle-history">The opposing Eremita used <strong>Rock Blast</strong>!<br></div><div class="battle-history"><small>It's not very effective...</small><br></div><div class="battle-history"><small>(Onix lost <abbr title="−1/21">4.8%</abbr> of its health!)</small><br></div><div class="battle-history"><small>It's not very effective...</small><br></div><div class="battle-history"><small>(Onix lost <abbr title="−1/21">4.8%</abbr> of its health!)</small><br></div><div class="battle-history"><small>Hit 2 times!</small><br></div><div class="spacer battle-history"><br></div><h2 class="battle-history">Turn 5</h2><div class="spacer battle-history"><br></div><div class="battle-history">Onix used <strong>Earthquake</strong>!<br></div><div class="battle-history"><small>(The opposing Eremita lost <abbr title="−9/21">42.9%</abbr> of its health!)</small><br></div><div class="spacer battle-history"><br></div><div class="battle-history">The opposing Eremita fainted!<br></div><div class="spacer battle-history"><br></div><div class="battle-history">HabibCdR sent out Snoozer (<strong>Abra</strong>)!<br></div><div class="spacer battle-history"><br></div><h2 class="battle-history">Turn 6</h2><div class="spacer battle-history"><br></div><div class="battle-history">The opposing Snoozer used <strong>Energy Ball</strong>!<br></div><div class="battle-history"><small>It's super effective!</small><br></div><div class="battle-history"><small>(Onix lost <abbr title="−16/21">76.2%</abbr> of its health!)</small><br></div><div class="spacer battle-history"><br></div><div class="battle-history">Onix fainted!<br></div><div class="spacer battle-history"><br></div><div class="battle-history">Go! <strong>Diglett</strong>!<br></div><div class="spacer battle-history"><br></div><h2 class="battle-history">Turn 7</h2><div class="spacer battle-history"><br></div><div class="battle-history">Diglett used <strong>Sucker Punch</strong>!<br></div><div class="battle-history"><small>It's super effective!</small><br></div><div class="battle-history"><small>The opposing Snoozer hung on using its Focus Sash!</small><br></div><div class="battle-history"><small>(The opposing Snoozer lost <abbr title="−18/19">94.7%</abbr> of its health!)</small><br></div><div class="spacer battle-history"><br></div><div class="battle-history">The opposing Snoozer used <strong>Hidden Power</strong>!<br></div><div class="battle-history"><small>(Diglett lost <abbr title="−10/18">55.6%</abbr> of its health!)</small><br></div><div class="spacer battle-history"><br></div><h2 class="battle-history">Turn 8</h2><div class="spacer battle-history"><br></div><div class="battle-history">Diglett used <strong>Sucker Punch</strong>!<br></div><div class="battle-history"><small>It's super effective!</small><br></div><div class="battle-history"><small>(The opposing Snoozer lost <abbr title="−1/19">5.3%</abbr> of its health!)</small><br></div><div class="spacer battle-history"><br></div><div class="battle-history">The opposing Snoozer fainted!<br></div><div class="spacer battle-history"><br></div><div class="battle-history">HabibCdR sent out Pum (<strong>Gastly</strong>)!<br></div><div class="battle-history"><small>Pointed stones dug into the opposing Pum!</small><br></div><div class="spacer battle-history"><br></div><h2 class="battle-history">Turn 9</h2><div class="spacer battle-history"><br></div><div class="battle-history">Diglett used <strong>Sucker Punch</strong>!<br></div><div class="battle-history"><small>But it failed!</small><br></div><div class="spacer battle-history"><br></div><div class="battle-history">The opposing Pum used <strong>Substitute</strong>!<br></div><div class="battle-history"><small>The opposing Pum put in a substitute!</small><br></div><div class="battle-history"><small>(The opposing Pum lost <abbr title="−4/19">21.1%</abbr> of its health!)</small><br></div><div class="spacer battle-history"><br></div><h2 class="battle-history">Turn 10</h2><div class="spacer battle-history"><br></div><div class="battle-history">Diglett used <strong>Substitute</strong>!<br></div><div class="battle-history"><small>Diglett put in a substitute!</small><br></div><div class="battle-history"><small>(Diglett lost <abbr title="−4/18">22.2%</abbr> of its health!)</small><br></div><div class="spacer battle-history"><br></div><div class="battle-history">The opposing Pum used <strong>Sludge Bomb</strong>!<br></div><div class="battle-history"><small>It's not very effective...</small><br></div><div class="battle-history"><small>Diglett's substitute faded!</small><br></div><div class="battle-history"><small>The opposing Pum lost some of its HP!</small><br></div><div class="spacer battle-history"><br></div><h2 class="battle-history">Turn 11</h2><div class="spacer battle-history"><br></div><div class="battle-history">Diglett used <strong>Sucker Punch</strong>!<br></div><div class="battle-history"><small>It's super effective!</small><br></div><div class="battle-history"><small>The opposing Pum's substitute faded!</small><br></div><div class="spacer battle-history"><br></div><div class="battle-history">The opposing Pum used <strong>Sludge Bomb</strong>!<br></div><div class="battle-history"><small>It's not very effective...</small><br></div><div class="battle-history"><small>(Diglett lost <abbr title="−4/18">22.2%</abbr> of its health!)</small><br></div><div class="battle-history"><small>The opposing Pum lost some of its HP!</small><br></div><div class="spacer battle-history"><br></div><div class="battle-history">Diglett fainted!<br></div><div class="spacer battle-history"><br></div><div class="battle-history">Go! <strong>Mienfoo</strong>!<br></div><div class="spacer battle-history"><br></div><h2 class="battle-history">Turn 12</h2><div class="spacer battle-history"><br></div><div class="battle-history">Mienfoo used <strong>Knock Off</strong>!<br></div><div class="battle-history"><small>It's super effective!</small><br></div><div class="battle-history"><small>(The opposing Pum lost <abbr title="−11/19">57.9%</abbr> of its health!)</small><br></div><div class="battle-history"><small>Mienfoo knocked off the opposing Pum's Life Orb!</small><br></div><div class="spacer battle-history"><br></div><div class="battle-history">The opposing Pum fainted!<br></div><div class="spacer battle-history"><br></div><div class="battle-history">HabibCdR sent out Plugue A (<strong>Elekid</strong>)!<br></div><div class="battle-history"><small>Pointed stones dug into the opposing Plugue A!</small><br></div><div class="spacer battle-history"><br></div><h2 class="battle-history">Turn 13</h2><div class="spacer battle-history"><br></div><div class="battle-history">Mienfoo, come back!<br></div><div class="battle-history">Go! <strong>Chinchou</strong>!<br></div><div class="spacer battle-history"><br></div><div class="battle-history">The opposing Plugue A used <strong>Psychic</strong>!<br></div><div class="battle-history"><small>(Chinchou lost <abbr title="−13/25">52%</abbr> of its health!)</small><br></div><div class="battle-history"><small>Chinchou's Special Defense fell!</small><br></div><div class="battle-history"><small>(Chinchou used its Berry Juice!)</small><br></div><div class="battle-history"><small>Chinchou restored HP using its Berry Juice!</small><br></div><div class="battle-history"><small>The opposing Plugue A lost some of its HP!</small><br></div><div class="spacer battle-history"><br></div><h2 class="battle-history">Turn 14</h2><div class="chat"><small>Helderb joined.</small></div><div class="spacer battle-history"><br></div><div class="battle-history">The opposing Plugue A used <strong>Hidden Power</strong>!<br></div><div class="battle-history"><small>It's super effective!</small><br></div><div class="battle-history"><small>(Chinchou lost <abbr title="−23/25">92%</abbr> of its health!)</small><br></div><div class="battle-history"><small>The opposing Plugue A lost some of its HP!</small><br></div><div class="spacer battle-history"><br></div><div class="battle-history">Chinchou used <strong>Ice Beam</strong>!<br></div><div class="battle-history"><small>(The opposing Plugue A lost <abbr title="−8/21">38.1%</abbr> of its health!)</small><br></div><div class="spacer battle-history"><br></div><h2 class="battle-history">Turn 15</h2><div class="spacer battle-history"><br></div><div class="battle-history">The opposing Plugue A used <strong>Hidden Power</strong>!<br></div><div class="battle-history"><small>It's super effective!</small><br></div><div class="battle-history"><small>(Chinchou lost <abbr title="−2/25">8%</abbr> of its health!)</small><br></div><div class="battle-history"><small>The opposing Plugue A lost some of its HP!</small><br></div><div class="spacer battle-history"><br></div><div class="battle-history">Chinchou fainted!<br></div><div class="spacer battle-history"><br></div><div class="battle-history">Go! <strong>Mienfoo</strong>!<br></div><div class="spacer battle-history"><br></div><h2 class="battle-history">Turn 16</h2><div class="spacer battle-history"><br></div><div class="battle-history">Mienfoo used <strong>High Jump Kick</strong>!<br></div><div class="battle-history"><small>(The opposing Plugue A lost <abbr title="−5/21">23.8%</abbr> of its health!)</small><br></div><div class="spacer battle-history"><br></div><div class="battle-history">The opposing Plugue A fainted!<br></div><div class="spacer battle-history"><br></div><div class="battle-history">HabibCdR sent out Yip Boy (<strong>Mienfoo</strong>)!<br></div><div class="battle-history"><small>Pointed stones dug into the opposing Yip Boy!</small><br></div><div class="spacer battle-history"><br></div><h2 class="battle-history">Turn 17</h2><div class="spacer battle-history"><br></div><div class="battle-history">Mienfoo, come back!<br></div><div class="battle-history">Go! <strong>Trubbish</strong>!<br></div><div class="spacer battle-history"><br></div><div class="battle-history">The opposing Yip Boy used <strong>Drain Punch</strong>!<br></div><div class="battle-history"><small>It's not very effective...</small><br></div><div class="battle-history"><small>(Trubbish lost <abbr title="−6/23">26.1%</abbr> of its health!)</small><br></div><div class="battle-history"><small>Trubbish had its energy drained!</small><br></div><div class="spacer battle-history"><br></div><h2 class="battle-history">Turn 18</h2><div class="spacer battle-history"><br></div><div class="battle-history">Trubbish used <strong>Gunk Shot</strong>!<br></div><div class="battle-history"><small>(The opposing Yip Boy lost <abbr title="−10/21">47.6%</abbr> of its health!)</small><br></div><div class="spacer battle-history"><br></div><div class="battle-history">The opposing Yip Boy used <strong>Knock Off</strong>!<br></div><div class="battle-history"><small>(Trubbish lost <abbr title="−9/23">39.1%</abbr> of its health!)</small><br></div><div class="battle-history"><small>[Trubbish's Sticky Hold]</small><br><small>Trubbish's item cannot be removed!</small><br></div><div class="battle-history"><small>(Trubbish used its Berry Juice!)</small><br></div><div class="battle-history"><small>Trubbish restored HP using its Berry Juice!</small><br></div><div class="spacer battle-history"><br></div><h2 class="battle-history">Turn 19</h2><div class="spacer battle-history"><br></div><div class="battle-history">Trubbish used <strong>Gunk Shot</strong>!<br></div><div class="battle-history"><small>The opposing Yip Boy avoided the attack!</small><br></div><div class="spacer battle-history"><br></div><div class="battle-history">The opposing Yip Boy used <strong>Drain Punch</strong>!<br></div><div class="battle-history"><small>It's not very effective...</small><br></div><div class="battle-history"><small>(Trubbish lost <abbr title="−6/23">26.1%</abbr> of its health!)</small><br></div><div class="battle-history"><small>Trubbish had its energy drained!</small><br></div><div class="spacer battle-history"><br></div><h2 class="battle-history">Turn 20</h2><div class="spacer battle-history"><br></div><div class="battle-history">The opposing Yip Boy used <strong>Drain Punch</strong>!<br></div><div class="battle-history"><small>It's not very effective...</small><br></div><div class="battle-history"><small>(Trubbish lost <abbr title="−5/23">21.7%</abbr> of its health!)</small><br></div><div class="battle-history"><small>Trubbish had its energy drained!</small><br></div><div class="spacer battle-history"><br></div><div class="battle-history">Trubbish used <strong>Recycle</strong>!<br></div><div class="battle-history"><small>Trubbish found one Berry Juice!</small><br></div><div class="spacer battle-history"><br></div><h2 class="battle-history">Turn 21</h2><div class="spacer battle-history"><br></div><div class="battle-history">Trubbish used <strong>Gunk Shot</strong>!<br></div><div class="battle-history"><small>(The opposing Yip Boy lost <abbr title="−10/21">47.6%</abbr> of its health!)</small><br></div><div class="battle-history"><small>The opposing Yip Boy was poisoned!</small><br></div><div class="spacer battle-history"><br></div><div class="battle-history">The opposing Yip Boy used <strong>Stone Edge</strong>!<br></div><div class="battle-history"><small>Trubbish avoided the attack!</small><br></div><div class="spacer battle-history"><br></div><div class="battle-history"><small>The opposing Yip Boy was hurt by poison!</small><br></div><div class="spacer battle-history"><br></div><h2 class="battle-history">Turn 22</h2><div class="spacer battle-history"><br></div><div class="battle-history">Trubbish used <strong>Gunk Shot</strong>!<br></div><div class="battle-history"><small>(The opposing Yip Boy lost <abbr title="−5/21">23.8%</abbr> of its health!)</small><br></div><div class="spacer battle-history"><br></div><div class="battle-history">The opposing Yip Boy fainted!<br></div><div class="spacer battle-history"><br></div><div class="battle-history">HabibCdR sent out Donatello (<strong>Tirtouga</strong>)!<br></div><div class="battle-history"><small>Pointed stones dug into the opposing Donatello!</small><br></div><div class="spacer battle-history"><br></div><h2 class="battle-history">Turn 23</h2><div class="spacer battle-history"><br></div><div class="battle-history">Trubbish used <strong>Drain Punch</strong>!<br></div><div class="battle-history"><small>It's super effective!</small><br></div><div class="battle-history"><small>(The opposing Donatello lost <abbr title="−7/22">31.8%</abbr> of its health!)</small><br></div><div class="battle-history"><small>The opposing Donatello had its energy drained!</small><br></div><div class="spacer battle-history"><br></div><div class="battle-history">The opposing Donatello used <strong>Shell Smash</strong>!<br></div><div class="battle-history"><small>The opposing Donatello's Defense fell!</small><br></div><div class="battle-history"><small>The opposing Donatello's Special Defense fell!</small><br></div><div class="battle-history"><small>The opposing Donatello's Attack rose sharply!</small><br></div><div class="battle-history"><small>The opposing Donatello's Special Attack rose sharply!</small><br></div><div class="battle-history"><small>The opposing Donatello's Speed rose sharply!</small><br></div><div class="spacer battle-history"><br></div><h2 class="battle-history">Turn 24</h2><div class="spacer battle-history"><br></div><div class="battle-history">The opposing Donatello used <strong>Waterfall</strong>!<br></div><div class="battle-history"><small>(Trubbish lost <abbr title="−16/23">69.6%</abbr> of its health!)</small><br></div><div class="spacer battle-history"><br></div><div class="battle-history">Trubbish fainted!<br></div><div class="spacer battle-history"><br></div><div class="battle-history">Go! <strong>Mienfoo</strong>!<br></div><div class="spacer battle-history"><br></div><h2 class="battle-history">Turn 25</h2><div class="spacer battle-history"><br></div><div class="battle-history">Mienfoo used <strong>High Jump Kick</strong>!<br></div><div class="battle-history"><small>It's super effective!</small><br></div><div class="battle-history"><small>(The opposing Donatello lost <abbr title="−13/22">59.1%</abbr> of its health!)</small><br></div><div class="spacer battle-history"><br></div><div class="battle-history">The opposing Donatello fainted!<br></div><div class="spacer battle-history"><br></div><div class="battle-history"><strong>Alphonse559</strong> won the battle!<br></div><div class="chat chatmessage-alphonse559"><strong style="color:hsl(241,54%,66.452083560729%)"><small>★</small><span class="username" data-name="Alphonse559">Alphonse559</span>:</strong> <em>GG</em></div><div class="chat chatmessage-habibcdr"><strong style="color:hsl(57,48%,32%)"><small>★</small><span class="username" data-name="HabibCdR">HabibCdR</span>:</strong> <em>gg</em></div><div class="chat"><small>LieMaster joined.</small></div><div class="chat"><small>HabibCdR left.</small></div></div><div class="inner-preempt"></div></div></div>
</div>
<script>
let daily = Math.floor(Date.now()/1000/60/60/24);document.write('<script src="https://play.pokemonshowdown.com/js/replay-embed.js?version'+daily+'"></'+'script>');
</script>
