<!DOCTYPE html>
<meta charset="utf-8" />
<!-- version 1 -->
<title>LC replay: AJ Duncan vs. Jeran</title>
<style>
html,body {font-family:Verdana, sans-serif;font-size:10pt;margin:0;padding:0;}body{padding:12px 0;} .battle-log {font-family:Verdana, sans-serif;font-size:10pt;} .battle-log-inline {border:1px solid #AAAAAA;background:#EEF2F5;color:black;max-width:640px;margin:0 auto 80px;padding-bottom:5px;} .battle-log .inner {padding:4px 8px 0px 8px;} .battle-log .inner-preempt {padding:0 8px 4px 8px;} .battle-log .inner-after {margin-top:0.5em;} .battle-log h2 {margin:0.5em -8px;padding:4px 8px;border:1px solid #AAAAAA;background:#E0E7EA;border-left:0;border-right:0;font-family:Verdana, sans-serif;font-size:13pt;} .battle-log .chat {vertical-align:middle;padding:3px 0 3px 0;font-size:8pt;} .battle-log .chat strong {color:#40576A;} .battle-log .chat em {padding:1px 4px 1px 3px;color:#000000;font-style:normal;} .chat.mine {background:rgba(0,0,0,0.05);margin-left:-8px;margin-right:-8px;padding-left:8px;padding-right:8px;} .spoiler {color:#BBBBBB;background:#BBBBBB;padding:0px 3px;} .spoiler:hover, .spoiler:active, .spoiler-shown {color:#000000;background:#E2E2E2;padding:0px 3px;} .spoiler a {color:#BBBBBB;} .spoiler:hover a, .spoiler:active a, .spoiler-shown a {color:#2288CC;} .chat code, .chat .spoiler:hover code, .chat .spoiler:active code, .chat .spoiler-shown code {border:1px solid #C0C0C0;background:#EEEEEE;color:black;padding:0 2px;} .chat .spoiler code {border:1px solid #CCCCCC;background:#CCCCCC;color:#CCCCCC;} .battle-log .rated {padding:3px 4px;} .battle-log .rated strong {color:white;background:#89A;padding:1px 4px;border-radius:4px;} .spacer {margin-top:0.5em;} .message-announce {background:#6688AA;color:white;padding:1px 4px 2px;} .message-announce a, .broadcast-green a, .broadcast-blue a, .broadcast-red a {color:#DDEEFF;} .broadcast-green {background-color:#559955;color:white;padding:2px 4px;} .broadcast-blue {background-color:#6688AA;color:white;padding:2px 4px;} .infobox {border:1px solid #6688AA;padding:2px 4px;} .infobox-limited {max-height:200px;overflow:auto;overflow-x:hidden;} .broadcast-red {background-color:#AA5544;color:white;padding:2px 4px;} .message-learn-canlearn {font-weight:bold;color:#228822;text-decoration:underline;} .message-learn-cannotlearn {font-weight:bold;color:#CC2222;text-decoration:underline;} .message-effect-weak {font-weight:bold;color:#CC2222;} .message-effect-resist {font-weight:bold;color:#6688AA;} .message-effect-immune {font-weight:bold;color:#666666;} .message-learn-list {margin-top:0;margin-bottom:0;} .message-throttle-notice, .message-error {color:#992222;} .message-overflow, .chat small.message-overflow {font-size:0pt;} .message-overflow::before {font-size:9pt;content:'...';} .subtle {color:#3A4A66;}
</style>
<div class="wrapper replay-wrapper" style="max-width:1180px;margin:0 auto">
<input type="hidden" name="replayid" value="lc-477973775" />
<div class="battle"></div><div class="battle-log"></div><div class="replay-controls"></div><div class="replay-controls-2"></div>
<h1 style="font-weight:normal;text-align:center"><strong>LC</strong><br /><a href="http://pokemonshowdown.com/users/ajduncan" class="subtle" target="_blank">AJ Duncan</a> vs. <a href="http://pokemonshowdown.com/users/jeran" class="subtle" target="_blank">Jeran</a></h1>
<script type="text/plain" class="battle-log-data">|j|AJ Duncan
|j|Jeran
|player|p1|AJ Duncan|289
|player|p2|Jeran|91
|gametype|singles
|gen|6
|tier|LC
|seed|63844,34406,49908,8900
|clearpoke
|poke|p1|Snivy, L5, M|item
|poke|p1|Diglett, L5, M|item
|poke|p1|Archen, L5, M|item
|poke|p1|Pawniard, L5, M|item
|poke|p1|Spritzee, L5, M|item
|poke|p1|Skrelp, L5, F|item
|poke|p2|Scraggy, L5, M|item
|poke|p2|Gothita, L5, M|item
|poke|p2|Magnemite, L5|item
|poke|p2|Vullaby, L5, F|item
|poke|p2|Omanyte, L5, M|item
|poke|p2|Foongus, L5, M|item
|rule|Sleep Clause Mod: Limit one foe put to sleep
|rule|Species Clause: Limit one of each Pokémon
|rule|OHKO Clause: OHKO moves are banned
|rule|Moody Clause: Moody is banned
|rule|Evasion Moves Clause: Evasion moves are banned
|rule|Endless Battle Clause: Forcing endless battles is banned
|rule|HP Percentage Mod: HP is shown in percentages
|teampreview
|j|Stats Bot
|l|Stats Bot
|j|The Rarest Candy
|j|superpokemaster
|c| superpokemaster|duncankneedeep gonna win this tournament
|c| superpokemaster|duncan knee deep in that pussy
|j|enrijai-official
|j|Kentucky Kid
|j|littlelachyjn
|choice|team 3, team 2, team 1, team 4, team 5, team 6|team 4, team 2, team 3, team 1, team 5, team 6
|
|start
|switch|p1a: Archen|Archen, L5, M|23\/23
|switch|p2a: Vullaby|Vullaby, L5, F|25\/25
|turn|1
|choice|move rockslide|move knockoff
|
|move|p1a: Archen|Rock Slide|p2a: Vullaby
|-supereffective|p2a: Vullaby
|-damage|p2a: Vullaby|7\/25
|move|p2a: Vullaby|Knock Off|p1a: Archen
|-crit|p1a: Archen
|-damage|p1a: Archen|4\/23
|-enditem|p1a: Archen|Berry Juice|[from] move: Knock Off|[of] p2a: Vullaby
|
|turn|2
|choice|move rockslide|switch 5
|
|switch|p2a: Omanyte|Omanyte, L5, M|21\/21
|move|p1a: Archen|Rock Slide|p2a: Omanyte
|-damage|p2a: Omanyte|17\/21
|-ability|p2a: Omanyte|Weak Armor|boost
|-unboost|p2a: Omanyte|def|1
|-boost|p2a: Omanyte|spe|1
|
|turn|3
|c| superpokemaster|lucky crit
|j|UU Superstars
|choice|move earthquake|move stealthrock
|
|move|p2a: Omanyte|Stealth Rock|p1a: Archen
|-sidestart|p1: AJ Duncan|move: Stealth Rock
|move|p1a: Archen|Earthquake|p2a: Omanyte
|-supereffective|p2a: Omanyte
|-damage|p2a: Omanyte|7\/21
|-ability|p2a: Omanyte|Weak Armor|boost
|-unboost|p2a: Omanyte|def|1
|-boost|p2a: Omanyte|spe|1
|
|turn|4
|j|konsntev
|choice|move defog|move icebeam
|
|move|p2a: Omanyte|Ice Beam|p1a: Archen
|-supereffective|p1a: Archen
|-damage|p1a: Archen|0 fnt
|faint|p1a: Archen
|
|c| superpokemaster|damn omanyte op as crap
|choice|switch 6|
|
|switch|p1a: Skrelp|Skrelp, L5, F|22\/22
|-damage|p1a: Skrelp|20\/22|[from] Stealth Rock
|turn|5
|l|littlelachyjn
|c| superpokemaster|they allow lord helix into lc?
|choice|move scald|move knockoff
|
|move|p2a: Omanyte|Knock Off|p1a: Skrelp
|-damage|p1a: Skrelp|16\/22
|-enditem|p1a: Skrelp|Eviolite|[from] move: Knock Off|[of] p2a: Omanyte
|move|p1a: Skrelp|Scald|p2a: Omanyte
|-damage|p2a: Omanyte|0 fnt
|faint|p2a: Omanyte
|
|j|Arctiplex
|choice||switch 2
|
|switch|p2a: Gothita|Gothita, L5, M|21\/21
|turn|6
|choice|move scald|move psychic
|
|move|p2a: Gothita|Psychic|p1a: Skrelp
|-supereffective|p1a: Skrelp
|-damage|p1a: Skrelp|0 fnt
|faint|p1a: Skrelp
|
|choice|switch 4|
|
|switch|p1a: Pawniard|Pawniard, L5, M|21\/21
|-damage|p1a: Pawniard|20\/21|[from] Stealth Rock
|turn|7
|c| superpokemaster|damn wtf op
|j|WashingtonWailords
|choice|move pursuit|switch 5
|
|-activate|p2a: Gothita|move: Pursuit
|move|p1a: Pawniard|Pursuit|p2a: Gothita|[from]Pursuit
|-supereffective|p2a: Gothita
|-damage|p2a: Gothita|0 fnt
|faint|p2a: Gothita
|
|c| superpokemaster|damn rekt
|choice||switch 4
|
|switch|p2a: Scraggy|Scraggy, L5, M|22\/22
|turn|8
|c| enrijai-official|CAN U PLS STFU?
|choice|switch 5|move knockoff
|
|switch|p1a: Spritzee|Spritzee, L5, M|26\/26
|-damage|p1a: Spritzee|23\/26|[from] Stealth Rock
|move|p2a: Scraggy|Knock Off|p1a: Spritzee
|-resisted|p1a: Spritzee
|-crit|p1a: Spritzee
|-damage|p1a: Spritzee|15\/26
|-enditem|p1a: Spritzee|Eviolite|[from] move: Knock Off|[of] p2a: Scraggy
|
|turn|9
|c| superpokemaster|no
|c| Arctiplex|enrijai-official, why stfu?
|c| superpokemaster|yeah just giving my comments no big deal
|c| Arctiplex|lol
|choice|switch 5|switch 3
|
|switch|p2a: Magnemite|Magnemite, L5|19\/19
|switch|p1a: Pawniard|Pawniard, L5, M|20\/21
|-damage|p1a: Pawniard|19\/21|[from] Stealth Rock
|
|turn|10
|c| enrijai-official|just doing a the pussy poopy boy
|choice|move knockoff|switch 5
|
|switch|p2a: Vullaby|Vullaby, L5, F|7\/25
|move|p1a: Pawniard|Knock Off|p2a: Vullaby
|-resisted|p2a: Vullaby
|-crit|p2a: Vullaby
|-damage|p2a: Vullaby|0 fnt
|-enditem|p2a: Vullaby|Eviolite|[from] move: Knock Off|[of] p1a: Pawniard
|faint|p2a: Vullaby
|
|c| superpokemaster|pussy poopy boy? wtf
|choice||switch 3
|
|switch|p2a: Scraggy|Scraggy, L5, M|22\/22
|turn|11
|c| Arctiplex|lmao english
|c| enrijai-official|f a g
|choice|switch 5|move highjumpkick
|
|switch|p1a: Spritzee|Spritzee, L5, M|15\/26
|-damage|p1a: Spritzee|12\/26|[from] Stealth Rock
|move|p2a: Scraggy|High Jump Kick|p1a: Spritzee
|-resisted|p1a: Spritzee
|-damage|p1a: Spritzee|3\/26
|
|turn|12
|c| enrijai-official|fuckin sd
|choice|move protect|move drainpunch
|
|move|p1a: Spritzee|Protect|p1a: Spritzee
|-singleturn|p1a: Spritzee|Protect
|move|p2a: Scraggy|Drain Punch|p1a: Spritzee
|-activate|p1a: Spritzee|move: Protect
|
|turn|13
|choice|move protect|move drainpunch
|
|move|p1a: Spritzee|Protect|p1a: Spritzee
|-fail|p1a: Spritzee
|move|p2a: Scraggy|Drain Punch|p1a: Spritzee
|-resisted|p1a: Spritzee
|-damage|p1a: Spritzee|0 fnt
|faint|p1a: Spritzee
|
|c| Arctiplex|too close..
|choice|switch 3|
|
|switch|p1a: Snivy|Snivy, L5, M|21\/21
|-damage|p1a: Snivy|19\/21|[from] Stealth Rock
|turn|14
|j|andrewbuster7
|c| superpokemaster|you got this duncankneedeep
|choice|move knockoff|move dragondance
|
|move|p1a: Snivy|Knock Off|p2a: Scraggy
|-resisted|p2a: Scraggy
|-damage|p2a: Scraggy|21\/22
|-enditem|p2a: Scraggy|Eviolite|[from] move: Knock Off|[of] p1a: Snivy
|move|p2a: Scraggy|Dragon Dance|p2a: Scraggy
|-boost|p2a: Scraggy|atk|1
|-boost|p2a: Scraggy|spe|1
|
|turn|15
|choice|move leafstorm|move highjumpkick
|
|move|p2a: Scraggy|High Jump Kick|p1a: Snivy
|-damage|p1a: Snivy|0 fnt
|faint|p1a: Snivy
|
|c| Arctiplex|damn..
|choice|switch 5|
|
|switch|p1a: Pawniard|Pawniard, L5, M|19\/21
|-damage|p1a: Pawniard|18\/21|[from] Stealth Rock
|turn|16
|c| superpokemaster|damn wtf scraggy ain't even a dragon so op dd and hjk
|c| Arctiplex|ikr
|l|UU Superstars
|choice|move ironhead|move dragondance
|
|move|p1a: Pawniard|Iron Head|p2a: Scraggy
|-damage|p2a: Scraggy|9\/22
|move|p2a: Scraggy|Dragon Dance|p2a: Scraggy
|-boost|p2a: Scraggy|atk|1
|-boost|p2a: Scraggy|spe|1
|
|turn|17
|choice|move ironhead|move drainpunch
|
|move|p2a: Scraggy|Drain Punch|p1a: Pawniard
|-supereffective|p1a: Pawniard
|-damage|p1a: Pawniard|0 fnt
|-heal|p2a: Scraggy|18\/22|[from] drain|[of] p1a: Pawniard
|faint|p1a: Pawniard
|
|c| superpokemaster|nooooooo
|choice|switch 2|
|
|switch|p1a: Diglett|Diglett, L5, M|18\/18
|-damage|p1a: Diglett|17\/18|[from] Stealth Rock
|turn|18
|choice|move stealthrock|move drainpunch
|
|move|p2a: Scraggy|Drain Punch|p1a: Diglett
|-crit|p1a: Diglett
|-damage|p1a: Diglett|0 fnt
|-heal|p2a: Scraggy|22\/22|[from] drain|[of] p1a: Diglett
|faint|p1a: Diglett
|
|win|Jeran
|player|p1
|player|p2
|c| superpokemaster|scraggy should be banned
|l|Kentucky Kid
|l|The Rarest Candy
|c| superpokemaster|you did good duncan
|l|enrijai-official
|l|andrewbuster7
|c| Arctiplex|Jeran good job</script>
</div>
<div class="battle-log battle-log-inline"><div class="inner"><div class="battle-options"></div><div class="inner"><div class="chat"><small>AJ Duncan joined.</small></div><div class="chat"><small>Jeran joined.</small></div><div class=""><small>Format:</small> <br><strong>LC</strong></div><div class=""><small><em>Sleep Clause Mod:</em> Limit one foe put to sleep</small></div><div class=""><small><em>Species Clause:</em> Limit one of each Pokémon</small></div><div class=""><small><em>OHKO Clause:</em> OHKO moves are banned</small></div><div class=""><small><em>Moody Clause:</em> Moody is banned</small></div><div class=""><small><em>Evasion Moves Clause:</em> Evasion moves are banned</small></div><div class=""><small><em>Endless Battle Clause:</em> Forcing endless battles is banned</small></div><div class=""><small><em>HP Percentage Mod:</em> HP is shown in percentages</small></div><div class="chat battle-history"><strong>AJ Duncan's team:</strong> <em style="color:#445566;display:block;">Snivy / Diglett / Archen / Pawniard / Spritzee / Skrelp</em></div><div class="chat battle-history"><strong>Jeran's team:</strong> <em style="color:#445566;display:block;">Scraggy / Gothita / Magnemite / Vullaby / Omanyte / Foongus</em></div><div class="chat"><small>Stats Bot joined.</small></div><div class="chat"><small>Stats Bot left.</small></div><div class="chat"><small>The Rarest Candy joined.</small></div><div class="chat"><small>superpokemaster joined.</small></div><div class="chat chatmessage-superpokemaster"><strong style="color:hsl(201,69%,42.18622876475065%)"><small> </small><span class="username" data-name="superpokemaster">superpokemaster</span>:</strong> <em>duncankneedeep gonna win this tournament</em></div><div class="chat chatmessage-superpokemaster"><strong style="color:hsl(201,69%,42.18622876475065%)"><small> </small><span class="username" data-name="superpokemaster">superpokemaster</span>:</strong> <em>duncan knee deep in that pussy</em></div><div class="chat"><small>enrijai-official joined.</small></div><div class="chat"><small>Kentucky Kid joined.</small></div><div class="chat"><small>littlelachyjn joined.</small></div><div class="spacer battle-history"><br></div><div class="battle-history">Battle started between AJ Duncan and Jeran!<br></div><div class="spacer battle-history"><br></div><div class="battle-history">Go! <strong>Archen</strong>!<br></div><div class="spacer battle-history"><br></div><div class="battle-history">Jeran sent out <strong>Vullaby</strong>!<br></div><div class="spacer battle-history"><br></div><h2 class="battle-history">Turn 1</h2><div class="spacer battle-history"><br></div><div class="battle-history">Archen used <strong>Rock Slide</strong>!<br></div><div class="battle-history"><small>It's super effective!</small><br></div><div class="battle-history"><small>(The opposing Vullaby lost <abbr title="−18/25">72%</abbr> of its health!)</small><br></div><div class="spacer battle-history"><br></div><div class="battle-history">The opposing Vullaby used <strong>Knock Off</strong>!<br></div><div class="battle-history"><small>A critical hit!</small><br></div><div class="battle-history"><small>(Archen lost <abbr title="−19/23">82.6%</abbr> of its health!)</small><br></div><div class="battle-history"><small>The opposing Vullaby knocked off Archen's Berry Juice!</small><br></div><div class="spacer battle-history"><br></div><h2 class="battle-history">Turn 2</h2><div class="spacer battle-history"><br></div><div class="battle-history">Jeran withdrew Vullaby!<br></div><div class="battle-history">Jeran sent out <strong>Omanyte</strong>!<br></div><div class="spacer battle-history"><br></div><div class="battle-history">Archen used <strong>Rock Slide</strong>!<br></div><div class="battle-history"><small>(The opposing Omanyte lost <abbr title="−4/21">19.0%</abbr> of its health!)</small><br></div><div class="battle-history"><small>[The opposing Omanyte's Weak Armor]</small><br></div><div class="battle-history"><small>The opposing Omanyte's Defense fell!</small><br></div><div class="battle-history"><small>The opposing Omanyte's Speed rose!</small><br></div><div class="spacer battle-history"><br></div><h2 class="battle-history">Turn 3</h2><div class="chat chatmessage-superpokemaster"><strong style="color:hsl(201,69%,42.18622876475065%)"><small> </small><span class="username" data-name="superpokemaster">superpokemaster</span>:</strong> <em>lucky crit</em></div><div class="chat"><small>UU Superstars joined.</small></div><div class="spacer battle-history"><br></div><div class="battle-history">The opposing Omanyte used <strong>Stealth Rock</strong>!<br></div><div class="battle-history"><small>Pointed stones float in the air around your team!</small><br></div><div class="spacer battle-history"><br></div><div class="battle-history">Archen used <strong>Earthquake</strong>!<br></div><div class="battle-history"><small>It's super effective!</small><br></div><div class="battle-history"><small>(The opposing Omanyte lost <abbr title="−10/21">47.6%</abbr> of its health!)</small><br></div><div class="battle-history"><small>[The opposing Omanyte's Weak Armor]</small><br></div><div class="battle-history"><small>The opposing Omanyte's Defense fell!</small><br></div><div class="battle-history"><small>The opposing Omanyte's Speed rose!</small><br></div><div class="spacer battle-history"><br></div><h2 class="battle-history">Turn 4</h2><div class="chat"><small>konsntev joined.</small></div><div class="spacer battle-history"><br></div><div class="battle-history">The opposing Omanyte used <strong>Ice Beam</strong>!<br></div><div class="battle-history"><small>It's super effective!</small><br></div><div class="battle-history"><small>(Archen lost <abbr title="−4/23">17.4%</abbr> of its health!)</small><br></div><div class="spacer battle-history"><br></div><div class="battle-history">Archen fainted!<br></div><div class="chat chatmessage-superpokemaster"><strong style="color:hsl(201,69%,42.18622876475065%)"><small> </small><span class="username" data-name="superpokemaster">superpokemaster</span>:</strong> <em>damn omanyte op as crap</em></div><div class="spacer battle-history"><br></div><div class="battle-history">Go! <strong>Skrelp</strong>!<br></div><div class="battle-history"><small>Pointed stones dug into Skrelp!</small><br></div><div class="spacer battle-history"><br></div><h2 class="battle-history">Turn 5</h2><div class="chat"><small>littlelachyjn left.</small></div><div class="chat chatmessage-superpokemaster"><strong style="color:hsl(201,69%,42.18622876475065%)"><small> </small><span class="username" data-name="superpokemaster">superpokemaster</span>:</strong> <em>they allow lord helix into lc?</em></div><div class="spacer battle-history"><br></div><div class="battle-history">The opposing Omanyte used <strong>Knock Off</strong>!<br></div><div class="battle-history"><small>(Skrelp lost <abbr title="−4/22">18.2%</abbr> of its health!)</small><br></div><div class="battle-history"><small>The opposing Omanyte knocked off Skrelp's Eviolite!</small><br></div><div class="spacer battle-history"><br></div><div class="battle-history">Skrelp used <strong>Scald</strong>!<br></div><div class="battle-history"><small>(The opposing Omanyte lost <abbr title="−7/21">33.3%</abbr> of its health!)</small><br></div><div class="spacer battle-history"><br></div><div class="battle-history">The opposing Omanyte fainted!<br></div><div class="chat"><small>Arctiplex joined.</small></div><div class="spacer battle-history"><br></div><div class="battle-history">Jeran sent out <strong>Gothita</strong>!<br></div><div class="spacer battle-history"><br></div><h2 class="battle-history">Turn 6</h2><div class="spacer battle-history"><br></div><div class="battle-history">The opposing Gothita used <strong>Psychic</strong>!<br></div><div class="battle-history"><small>It's super effective!</small><br></div><div class="battle-history"><small>(Skrelp lost <abbr title="−16/22">72.7%</abbr> of its health!)</small><br></div><div class="spacer battle-history"><br></div><div class="battle-history">Skrelp fainted!<br></div><div class="spacer battle-history"><br></div><div class="battle-history">Go! <strong>Pawniard</strong>!<br></div><div class="battle-history"><small>Pointed stones dug into Pawniard!</small><br></div><div class="spacer battle-history"><br></div><h2 class="battle-history">Turn 7</h2><div class="chat chatmessage-superpokemaster"><strong style="color:hsl(201,69%,42.18622876475065%)"><small> </small><span class="username" data-name="superpokemaster">superpokemaster</span>:</strong> <em>damn wtf op</em></div><div class="chat"><small>WashingtonWailords joined.</small></div><div class="spacer battle-history"><br></div><div class="battle-history"><small>(The opposing Gothita is being withdrawn...)</small><br></div><div class="spacer battle-history"><br></div><div class="battle-history">Pawniard used <strong>Pursuit</strong>!<br></div><div class="battle-history"><small>It's super effective!</small><br></div><div class="battle-history"><small>(The opposing Gothita lost <abbr title="−21/21">100%</abbr> of its health!)</small><br></div><div class="spacer battle-history"><br></div><div class="battle-history">The opposing Gothita fainted!<br></div><div class="chat chatmessage-superpokemaster"><strong style="color:hsl(201,69%,42.18622876475065%)"><small> </small><span class="username" data-name="superpokemaster">superpokemaster</span>:</strong> <em>damn rekt</em></div><div class="spacer battle-history"><br></div><div class="battle-history">Jeran sent out <strong>Scraggy</strong>!<br></div><div class="spacer battle-history"><br></div><h2 class="battle-history">Turn 8</h2><div class="chat chatmessage-enrijaiofficial"><strong style="color:hsl(210,88%,47.64641485617281%)"><small> </small><span class="username" data-name="enrijai-official">enrijai-official</span>:</strong> <em>CAN U PLS STFU?</em></div><div class="spacer battle-history"><br></div><div class="battle-history">Pawniard, come back!<br></div><div class="battle-history">Go! <strong>Spritzee</strong>!<br></div><div class="battle-history"><small>Pointed stones dug into Spritzee!</small><br></div><div class="spacer battle-history"><br></div><div class="battle-history">The opposing Scraggy used <strong>Knock Off</strong>!<br></div><div class="battle-history"><small>It's not very effective...</small><br></div><div class="battle-history"><small>A critical hit!</small><br></div><div class="battle-history"><small>(Spritzee lost <abbr title="−8/26">30.8%</abbr> of its health!)</small><br></div><div class="battle-history"><small>The opposing Scraggy knocked off Spritzee's Eviolite!</small><br></div><div class="spacer battle-history"><br></div><h2 class="battle-history">Turn 9</h2><div class="chat chatmessage-superpokemaster"><strong style="color:hsl(201,69%,42.18622876475065%)"><small> </small><span class="username" data-name="superpokemaster">superpokemaster</span>:</strong> <em>no</em></div><div class="chat chatmessage-arctiplex"><strong style="color:hsl(43,60%,40%)"><small> </small><span class="username" data-name="Arctiplex">Arctiplex</span>:</strong> <em>enrijai-official, why stfu?</em></div><div class="chat chatmessage-superpokemaster"><strong style="color:hsl(201,69%,42.18622876475065%)"><small> </small><span class="username" data-name="superpokemaster">superpokemaster</span>:</strong> <em>yeah just giving my comments no big deal</em></div><div class="chat chatmessage-arctiplex"><strong style="color:hsl(43,60%,40%)"><small> </small><span class="username" data-name="Arctiplex">Arctiplex</span>:</strong> <em>lol</em></div><div class="spacer battle-history"><br></div><div class="battle-history">Jeran withdrew Scraggy!<br></div><div class="battle-history">Jeran sent out <strong>Magnemite</strong>!<br></div><div class="spacer battle-history"><br></div><div class="battle-history">Spritzee, come back!<br></div><div class="battle-history">Go! <strong>Pawniard</strong>!<br></div><div class="battle-history"><small>Pointed stones dug into Pawniard!</small><br></div><div class="spacer battle-history"><br></div><h2 class="battle-history">Turn 10</h2><div class="chat chatmessage-enrijaiofficial"><strong style="color:hsl(210,88%,47.64641485617281%)"><small> </small><span class="username" data-name="enrijai-official">enrijai-official</span>:</strong> <em>just doing a the pussy poopy boy</em></div><div class="spacer battle-history"><br></div><div class="battle-history">Jeran withdrew Magnemite!<br></div><div class="battle-history">Jeran sent out <strong>Vullaby</strong>!<br></div><div class="spacer battle-history"><br></div><div class="battle-history">Pawniard used <strong>Knock Off</strong>!<br></div><div class="battle-history"><small>It's not very effective...</small><br></div><div class="battle-history"><small>A critical hit!</small><br></div><div class="battle-history"><small>(The opposing Vullaby lost <abbr title="−7/25">28.0%</abbr> of its health!)</small><br></div><div class="battle-history"><small>Pawniard knocked off the opposing Vullaby's Eviolite!</small><br></div><div class="spacer battle-history"><br></div><div class="battle-history">The opposing Vullaby fainted!<br></div><div class="chat chatmessage-superpokemaster"><strong style="color:hsl(201,69%,42.18622876475065%)"><small> </small><span class="username" data-name="superpokemaster">superpokemaster</span>:</strong> <em>pussy poopy boy? wtf</em></div><div class="spacer battle-history"><br></div><div class="battle-history">Jeran sent out <strong>Scraggy</strong>!<br></div><div class="spacer battle-history"><br></div><h2 class="battle-history">Turn 11</h2><div class="chat chatmessage-arctiplex"><strong style="color:hsl(43,60%,40%)"><small> </small><span class="username" data-name="Arctiplex">Arctiplex</span>:</strong> <em>lmao english</em></div><div class="chat chatmessage-enrijaiofficial"><strong style="color:hsl(210,88%,47.64641485617281%)"><small> </small><span class="username" data-name="enrijai-official">enrijai-official</span>:</strong> <em>f a g</em></div><div class="spacer battle-history"><br></div><div class="battle-history">Pawniard, come back!<br></div><div class="battle-history">Go! <strong>Spritzee</strong>!<br></div><div class="battle-history"><small>Pointed stones dug into Spritzee!</small><br></div><div class="spacer battle-history"><br></div><div class="battle-history">The opposing Scraggy used <strong>High Jump Kick</strong>!<br></div><div class="battle-history"><small>It's not very effective...</small><br></div><div class="battle-history"><small>(Spritzee lost <abbr title="−9/26">34.6%</abbr> of its health!)</small><br></div><div class="spacer battle-history"><br></div><h2 class="battle-history">Turn 12</h2><div class="chat chatmessage-enrijaiofficial"><strong style="color:hsl(210,88%,47.64641485617281%)"><small> </small><span class="username" data-name="enrijai-official">enrijai-official</span>:</strong> <em>fuckin sd</em></div><div class="spacer battle-history"><br></div><div class="battle-history">Spritzee used <strong>Protect</strong>!<br></div><div class="battle-history"><small>Spritzee protected itself!</small><br></div><div class="spacer battle-history"><br></div><div class="battle-history">The opposing Scraggy used <strong>Drain Punch</strong>!<br></div><div class="battle-history"><small>Spritzee protected itself!</small><br></div><div class="spacer battle-history"><br></div><h2 class="battle-history">Turn 13</h2><div class="spacer battle-history"><br></div><div class="battle-history">Spritzee used <strong>Protect</strong>!<br></div><div class="battle-history"><small>But it failed!</small><br></div><div class="spacer battle-history"><br></div><div class="battle-history">The opposing Scraggy used <strong>Drain Punch</strong>!<br></div><div class="battle-history"><small>It's not very effective...</small><br></div><div class="battle-history"><small>(Spritzee lost <abbr title="−3/26">11.5%</abbr> of its health!)</small><br></div><div class="spacer battle-history"><br></div><div class="battle-history">Spritzee fainted!<br></div><div class="chat chatmessage-arctiplex"><strong style="color:hsl(43,60%,40%)"><small> </small><span class="username" data-name="Arctiplex">Arctiplex</span>:</strong> <em>too close..</em></div><div class="spacer battle-history"><br></div><div class="battle-history">Go! <strong>Snivy</strong>!<br></div><div class="battle-history"><small>Pointed stones dug into Snivy!</small><br></div><div class="spacer battle-history"><br></div><h2 class="battle-history">Turn 14</h2><div class="chat"><small>andrewbuster7 joined.</small></div><div class="chat chatmessage-superpokemaster"><strong style="color:hsl(201,69%,42.18622876475065%)"><small> </small><span class="username" data-name="superpokemaster">superpokemaster</span>:</strong> <em>you got this duncankneedeep</em></div><div class="spacer battle-history"><br></div><div class="battle-history">Snivy used <strong>Knock Off</strong>!<br></div><div class="battle-history"><small>It's not very effective...</small><br></div><div class="battle-history"><small>(The opposing Scraggy lost <abbr title="−1/22">4.5%</abbr> of its health!)</small><br></div><div class="battle-history"><small>Snivy knocked off the opposing Scraggy's Eviolite!</small><br></div><div class="spacer battle-history"><br></div><div class="battle-history">The opposing Scraggy used <strong>Dragon Dance</strong>!<br></div><div class="battle-history"><small>The opposing Scraggy's Attack rose!</small><br></div><div class="battle-history"><small>The opposing Scraggy's Speed rose!</small><br></div><div class="spacer battle-history"><br></div><h2 class="battle-history">Turn 15</h2><div class="spacer battle-history"><br></div><div class="battle-history">The opposing Scraggy used <strong>High Jump Kick</strong>!<br></div><div class="battle-history"><small>(Snivy lost <abbr title="−19/21">90.5%</abbr> of its health!)</small><br></div><div class="spacer battle-history"><br></div><div class="battle-history">Snivy fainted!<br></div><div class="chat chatmessage-arctiplex"><strong style="color:hsl(43,60%,40%)"><small> </small><span class="username" data-name="Arctiplex">Arctiplex</span>:</strong> <em>damn..</em></div><div class="spacer battle-history"><br></div><div class="battle-history">Go! <strong>Pawniard</strong>!<br></div><div class="battle-history"><small>Pointed stones dug into Pawniard!</small><br></div><div class="spacer battle-history"><br></div><h2 class="battle-history">Turn 16</h2><div class="chat chatmessage-superpokemaster"><strong style="color:hsl(201,69%,42.18622876475065%)"><small> </small><span class="username" data-name="superpokemaster">superpokemaster</span>:</strong> <em>damn wtf scraggy ain't even a dragon so op dd and hjk</em></div><div class="chat chatmessage-arctiplex"><strong style="color:hsl(43,60%,40%)"><small> </small><span class="username" data-name="Arctiplex">Arctiplex</span>:</strong> <em>ikr</em></div><div class="chat"><small>UU Superstars left.</small></div><div class="spacer battle-history"><br></div><div class="battle-history">Pawniard used <strong>Iron Head</strong>!<br></div><div class="battle-history"><small>(The opposing Scraggy lost <abbr title="−12/22">54.5%</abbr> of its health!)</small><br></div><div class="spacer battle-history"><br></div><div class="battle-history">The opposing Scraggy used <strong>Dragon Dance</strong>!<br></div><div class="battle-history"><small>The opposing Scraggy's Attack rose!</small><br></div><div class="battle-history"><small>The opposing Scraggy's Speed rose!</small><br></div><div class="spacer battle-history"><br></div><h2 class="battle-history">Turn 17</h2><div class="spacer battle-history"><br></div><div class="battle-history">The opposing Scraggy used <strong>Drain Punch</strong>!<br></div><div class="battle-history"><small>It's super effective!</small><br></div><div class="battle-history"><small>(Pawniard lost <abbr title="−18/21">85.7%</abbr> of its health!)</small><br></div><div class="battle-history"><small>Pawniard had its energy drained!</small><br></div><div class="spacer battle-history"><br></div><div class="battle-history">Pawniard fainted!<br></div><div class="chat chatmessage-superpokemaster"><strong style="color:hsl(201,69%,42.18622876475065%)"><small> </small><span class="username" data-name="superpokemaster">superpokemaster</span>:</strong> <em>nooooooo</em></div><div class="spacer battle-history"><br></div><div class="battle-history">Go! <strong>Diglett</strong>!<br></div><div class="battle-history"><small>Pointed stones dug into Diglett!</small><br></div><div class="spacer battle-history"><br></div><h2 class="battle-history">Turn 18</h2><div class="spacer battle-history"><br></div><div class="battle-history">The opposing Scraggy used <strong>Drain Punch</strong>!<br></div><div class="battle-history"><small>A critical hit!</small><br></div><div class="battle-history"><small>(Diglett lost <abbr title="−17/18">94.4%</abbr> of its health!)</small><br></div><div class="battle-history"><small>Diglett had its energy drained!</small><br></div><div class="spacer battle-history"><br></div><div class="battle-history">Diglett fainted!<br></div><div class="spacer battle-history"><br></div><div class="battle-history"><strong>Jeran</strong> won the battle!<br></div><div class="chat chatmessage-superpokemaster"><strong style="color:hsl(201,69%,42.18622876475065%)"><small> </small><span class="username" data-name="superpokemaster">superpokemaster</span>:</strong> <em>scraggy should be banned</em></div><div class="chat"><small>Kentucky Kid left.</small></div><div class="chat"><small>The Rarest Candy left.</small></div><div class="chat chatmessage-superpokemaster"><strong style="color:hsl(201,69%,42.18622876475065%)"><small> </small><span class="username" data-name="superpokemaster">superpokemaster</span>:</strong> <em>you did good duncan</em></div><div class="chat"><small>enrijai-official left.</small></div><div class="chat"><small>andrewbuster7 left.</small></div><div class="chat chatmessage-arctiplex"><strong style="color:hsl(43,60%,40%)"><small> </small><span class="username" data-name="Arctiplex">Arctiplex</span>:</strong> <em>Jeran good job</em></div></div><div class="inner-preempt"></div></div></div>
</div>
<script>
let daily = Math.floor(Date.now()/1000/60/60/24);document.write('<script src="https://play.pokemonshowdown.com/js/replay-embed.js?version'+daily+'"></'+'script>');
</script>
