<!DOCTYPE html>
<meta charset="utf-8" />
<!-- version 1 -->
<title>LC replay: Super is ultra vs. Mega-Amphi</title>
<style>
html,body {font-family:Verdana, sans-serif;font-size:10pt;margin:0;padding:0;}body{padding:12px 0;} .battle-log {font-family:Verdana, sans-serif;font-size:10pt;} .battle-log-inline {border:1px solid #AAAAAA;background:#EEF2F5;color:black;max-width:640px;margin:0 auto 80px;padding-bottom:5px;} .battle-log .inner {padding:4px 8px 0px 8px;} .battle-log .inner-preempt {padding:0 8px 4px 8px;} .battle-log .inner-after {margin-top:0.5em;} .battle-log h2 {margin:0.5em -8px;padding:4px 8px;border:1px solid #AAAAAA;background:#E0E7EA;border-left:0;border-right:0;font-family:Verdana, sans-serif;font-size:13pt;} .battle-log .chat {vertical-align:middle;padding:3px 0 3px 0;font-size:8pt;} .battle-log .chat strong {color:#40576A;} .battle-log .chat em {padding:1px 4px 1px 3px;color:#000000;font-style:normal;} .chat.mine {background:rgba(0,0,0,0.05);margin-left:-8px;margin-right:-8px;padding-left:8px;padding-right:8px;} .spoiler {color:#BBBBBB;background:#BBBBBB;padding:0px 3px;} .spoiler:hover, .spoiler:active, .spoiler-shown {color:#000000;background:#E2E2E2;padding:0px 3px;} .spoiler a {color:#BBBBBB;} .spoiler:hover a, .spoiler:active a, .spoiler-shown a {color:#2288CC;} .chat code, .chat .spoiler:hover code, .chat .spoiler:active code, .chat .spoiler-shown code {border:1px solid #C0C0C0;background:#EEEEEE;color:black;padding:0 2px;} .chat .spoiler code {border:1px solid #CCCCCC;background:#CCCCCC;color:#CCCCCC;} .battle-log .rated {padding:3px 4px;} .battle-log .rated strong {color:white;background:#89A;padding:1px 4px;border-radius:4px;} .spacer {margin-top:0.5em;} .message-announce {background:#6688AA;color:white;padding:1px 4px 2px;} .message-announce a, .broadcast-green a, .broadcast-blue a, .broadcast-red a {color:#DDEEFF;} .broadcast-green {background-color:#559955;color:white;padding:2px 4px;} .broadcast-blue {background-color:#6688AA;color:white;padding:2px 4px;} .infobox {border:1px solid #6688AA;padding:2px 4px;} .infobox-limited {max-height:200px;overflow:auto;overflow-x:hidden;} .broadcast-red {background-color:#AA5544;color:white;padding:2px 4px;} .message-learn-canlearn {font-weight:bold;color:#228822;text-decoration:underline;} .message-learn-cannotlearn {font-weight:bold;color:#CC2222;text-decoration:underline;} .message-effect-weak {font-weight:bold;color:#CC2222;} .message-effect-resist {font-weight:bold;color:#6688AA;} .message-effect-immune {font-weight:bold;color:#666666;} .message-learn-list {margin-top:0;margin-bottom:0;} .message-throttle-notice, .message-error {color:#992222;} .message-overflow, .chat small.message-overflow {font-size:0pt;} .message-overflow::before {font-size:9pt;content:'...';} .subtle {color:#3A4A66;}
</style>
<div class="wrapper replay-wrapper" style="max-width:1180px;margin:0 auto">
<input type="hidden" name="replayid" value="lc-492761594" />
<div class="battle"></div><div class="battle-log"></div><div class="replay-controls"></div><div class="replay-controls-2"></div>
<h1 style="font-weight:normal;text-align:center"><strong>LC</strong><br /><a href="http://pokemonshowdown.com/users/superisultra" class="subtle" target="_blank">Super is ultra</a> vs. <a href="http://pokemonshowdown.com/users/megaamphi" class="subtle" target="_blank">Mega-Amphi</a></h1>
<script type="text/plain" class="battle-log-data">|j|Super is ultra
|j|Mega-Amphi
|player|p1|Super is ultra|192
|player|p2|Mega-Amphi|167
|gametype|singles
|gen|6
|tier|LC
|rated
|seed|49726,27046,13881,9115
|clearpoke
|poke|p1|Purrloin, L5, F, shiny|item
|poke|p1|Aipom, L5, F|item
|poke|p1|Axew, L5, F, shiny|item
|poke|p1|Munna, L5, F, shiny|item
|poke|p1|Eevee, L5, F, shiny|item
|poke|p1|Bronzor, L5|item
|poke|p2|Abra, L5, M|item
|poke|p2|Mienfoo, L5, M, shiny|item
|poke|p2|Snivy, L5, M, shiny|item
|poke|p2|Vullaby, L5, F|item
|poke|p2|Electrike, L5, F, shiny|item
|poke|p2|Omanyte, L5, M, shiny|item
|rule|Sleep Clause Mod: Limit one foe put to sleep
|rule|Species Clause: Limit one of each Pokémon
|rule|OHKO Clause: OHKO moves are banned
|rule|Moody Clause: Moody is banned
|rule|Evasion Moves Clause: Evasion moves are banned
|rule|Endless Battle Clause: Forcing endless battles is banned
|rule|HP Percentage Mod: HP is shown in percentages
|teampreview
|choice|team 1, team 2, team 3, team 4, team 5, team 6|team 6, team 2, team 3, team 4, team 5, team 1
|
|start
|switch|p1a: Purrloin|Purrloin, L5, F, shiny|20\/20
|switch|p2a: Omanyte|Omanyte, L5, M, shiny|21\/21
|turn|1
|choice|move fakeout|move toxicspikes
|
|move|p1a: Purrloin|Fake Out|p2a: Omanyte
|-resisted|p2a: Omanyte
|-damage|p2a: Omanyte|20\/21
|cant|p2a: Omanyte|flinch
|
|upkeep
|turn|2
|choice|move thunderwave|move toxicspikes
|
|move|p1a: Purrloin|Thunder Wave|p2a: Omanyte
|-status|p2a: Omanyte|par
|move|p2a: Omanyte|Toxic Spikes|p1a: Purrloin
|-sidestart|p1: Super is ultra|move: Toxic Spikes
|
|upkeep
|turn|3
|choice|move darkpulse|move toxicspikes
|
|move|p1a: Purrloin|Dark Pulse|p2a: Omanyte
|-damage|p2a: Omanyte|14\/21 par
|move|p2a: Omanyte|Toxic Spikes|p1a: Purrloin
|-sidestart|p1: Super is ultra|move: Toxic Spikes
|
|upkeep
|turn|4
|choice|move darkpulse|move stealthrock
|
|move|p1a: Purrloin|Dark Pulse|p2a: Omanyte
|-damage|p2a: Omanyte|7\/21 par
|cant|p2a: Omanyte|flinch
|
|upkeep
|turn|5
|choice|move gunkshot|move stealthrock
|
|move|p1a: Purrloin|Gunk Shot|p2a: Omanyte
|-resisted|p2a: Omanyte
|-damage|p2a: Omanyte|4\/21 par
|move|p2a: Omanyte|Stealth Rock|p1a: Purrloin
|-sidestart|p1: Super is ultra|move: Stealth Rock
|
|upkeep
|turn|6
|choice|move darkpulse|move spikes
|
|move|p1a: Purrloin|Dark Pulse|p2a: Omanyte
|-damage|p2a: Omanyte|0 fnt
|faint|p2a: Omanyte
|
|upkeep
|choice||switch 2
|
|switch|p2a: Mienfoo|Mienfoo, L5, M, shiny|22\/22
|turn|7
|choice|move thunderwave|move fakeout
|
|move|p2a: Mienfoo|Fake Out|p1a: Purrloin
|-damage|p1a: Purrloin|13\/20
|cant|p1a: Purrloin|flinch
|
|-heal|p1a: Purrloin|14\/20|[from] item: Leftovers
|upkeep
|turn|8
|choice|move thunderwave|move drainpunch
|
|move|p1a: Purrloin|Thunder Wave|p2a: Mienfoo
|-status|p2a: Mienfoo|par
|move|p2a: Mienfoo|Drain Punch|p1a: Purrloin
|-supereffective|p1a: Purrloin
|-damage|p1a: Purrloin|0 fnt
|faint|p1a: Purrloin
|
|upkeep
|choice|switch 6|
|
|switch|p1a: Bronzor|Bronzor, L5|22\/22
|-damage|p1a: Bronzor|21\/22|[from] Stealth Rock
|turn|9
|choice|move psychic|move knockoff
|
|move|p1a: Bronzor|Psychic|p2a: Mienfoo
|-supereffective|p2a: Mienfoo
|-damage|p2a: Mienfoo|0 fnt
|faint|p2a: Mienfoo
|
|-heal|p1a: Bronzor|22\/22|[from] item: Leftovers
|upkeep
|choice||switch 4
|
|switch|p2a: Vullaby|Vullaby, L5, F|26\/26
|turn|10
|choice|move gyroball|move knockoff
|
|move|p2a: Vullaby|Knock Off|p1a: Bronzor
|-supereffective|p1a: Bronzor
|-damage|p1a: Bronzor|2\/22
|-enditem|p1a: Bronzor|Leftovers|[from] move: Knock Off|[of] p2a: Vullaby
|move|p1a: Bronzor|Gyro Ball|p2a: Vullaby
|-damage|p2a: Vullaby|23\/26
|
|upkeep
|turn|11
|choice|move flashcannon|move knockoff
|
|move|p2a: Vullaby|Knock Off|p1a: Bronzor
|-supereffective|p1a: Bronzor
|-damage|p1a: Bronzor|0 fnt
|faint|p1a: Bronzor
|
|upkeep
|choice|switch 3|
|
|switch|p1a: Axew|Axew, L5, F, shiny|21\/21
|-status|p1a: Axew|tox
|-damage|p1a: Axew|19\/21 tox|[from] Stealth Rock
|turn|12
|choice|move dualchop|move knockoff
|
|move|p1a: Axew|Dual Chop|p2a: Vullaby
|-damage|p2a: Vullaby|15\/26
|-damage|p2a: Vullaby|7\/26
|-hitcount|p2a: Vullaby|2
|-damage|p1a: Axew|17\/21 tox|[from] item: Life Orb
|move|p2a: Vullaby|Knock Off|p1a: Axew
|-damage|p1a: Axew|5\/21 tox
|-enditem|p1a: Axew|Life Orb|[from] move: Knock Off|[of] p2a: Vullaby
|
|-damage|p1a: Axew|4\/21 tox|[from] psn
|upkeep
|turn|13
|choice|move poisonjab|move roost
|
|move|p1a: Axew|Poison Jab|p2a: Vullaby
|-damage|p2a: Vullaby|1\/26
|move|p2a: Vullaby|Roost|p2a: Vullaby
|-heal|p2a: Vullaby|14\/26
|
|-damage|p1a: Axew|2\/21 tox|[from] psn
|upkeep
|turn|14
|choice|move poisonjab|move roost
|
|move|p1a: Axew|Poison Jab|p2a: Vullaby
|-damage|p2a: Vullaby|7\/26
|move|p2a: Vullaby|Roost|p2a: Vullaby
|-heal|p2a: Vullaby|20\/26
|
|-damage|p1a: Axew|0 fnt|[from] psn
|upkeep
|faint|p1a: Axew
|choice|switch 2|
|
|switch|p1a: Aipom|Aipom, L5, F|22\/22
|-status|p1a: Aipom|tox
|-damage|p1a: Aipom|20\/22 tox|[from] Stealth Rock
|turn|15
|choice|move fakeout|move knockoff
|
|move|p1a: Aipom|Fake Out|p2a: Vullaby
|-damage|p2a: Vullaby|15\/26
|-damage|p1a: Aipom|18\/22 tox|[from] item: Life Orb
|cant|p2a: Vullaby|flinch
|
|-damage|p1a: Aipom|17\/22 tox|[from] psn
|upkeep
|turn|16
|choice|move furyswipes|move knockoff
|
|move|p1a: Aipom|Fury Swipes|p2a: Vullaby
|-damage|p2a: Vullaby|10\/26
|-damage|p2a: Vullaby|6\/26
|-damage|p2a: Vullaby|2\/26
|-damage|p2a: Vullaby|0 fnt
|-hitcount|p2a: Vullaby|4
|-damage|p1a: Aipom|15\/22 tox|[from] item: Life Orb
|faint|p2a: Vullaby
|
|-damage|p1a: Aipom|13\/22 tox|[from] psn
|upkeep
|choice||switch 3
|
|switch|p2a: Snivy|Snivy, L5, M, shiny|21\/21
|turn|17
|choice|move gunkshot|move leafstorm
|
|move|p1a: Aipom|Gunk Shot|p2a: Snivy
|-supereffective|p2a: Snivy
|-damage|p2a: Snivy|0 fnt
|-damage|p1a: Aipom|11\/22 tox|[from] item: Life Orb
|faint|p2a: Snivy
|
|-damage|p1a: Aipom|8\/22 tox|[from] psn
|upkeep
|choice||switch 5
|
|switch|p2a: Electrike|Electrike, L5, F, shiny|20\/20
|turn|18
|choice|move furyswipes|move discharge
|
|move|p1a: Aipom|Fury Swipes|p2a: Electrike
|-damage|p2a: Electrike|15\/20
|-damage|p2a: Electrike|10\/20
|-enditem|p2a: Electrike|Berry Juice
|-heal|p2a: Electrike|20\/20|[from] item: Berry Juice
|-damage|p2a: Electrike|12\/20
|-damage|p2a: Electrike|7\/20
|-damage|p2a: Electrike|2\/20
|-hitcount|p2a: Electrike|5
|-damage|p1a: Aipom|6\/22 tox|[from] item: Life Orb
|move|p2a: Electrike|Discharge|p1a: Aipom
|-damage|p1a: Aipom|0 fnt
|faint|p1a: Aipom
|
|upkeep
|j|Drakka
|choice|switch 5|
|
|switch|p1a: Eevee|Eevee, L5, F, shiny|22\/22
|-status|p1a: Eevee|tox
|-damage|p1a: Eevee|20\/22 tox|[from] Stealth Rock
|turn|19
|choice|move headbutt|move discharge
|
|move|p2a: Electrike|Discharge|p1a: Eevee
|-damage|p1a: Eevee|8\/22 tox
|move|p1a: Eevee|Headbutt|p2a: Electrike
|-damage|p2a: Electrike|0 fnt
|faint|p2a: Electrike
|
|-heal|p1a: Eevee|9\/22 tox|[from] item: Leftovers
|-damage|p1a: Eevee|8\/22 tox|[from] psn
|upkeep
|choice||switch 6
|
|switch|p2a: Abra|Abra, L5, M|19\/19
|turn|20
|choice|move protect|move hiddenpower
|
|move|p1a: Eevee|Protect|p1a: Eevee
|-singleturn|p1a: Eevee|Protect
|move|p2a: Abra|Hidden Power|p1a: Eevee
|-activate|p1a: Eevee|move: Protect
|
|-heal|p1a: Eevee|9\/22 tox|[from] item: Leftovers
|-damage|p1a: Eevee|7\/22 tox|[from] psn
|upkeep
|turn|21
|choice|move shadowball|move psychic
|
|move|p2a: Abra|Psychic|p1a: Eevee
|-damage|p1a: Eevee|0 fnt
|faint|p1a: Eevee
|
|upkeep
|choice|switch 4|
|
|switch|p1a: Munna|Munna, L5, F, shiny|24\/24
|-damage|p1a: Munna|21\/24|[from] Stealth Rock
|-status|p1a: Munna|tox
|turn|22
|choice|move psychic|move shadowball
|
|move|p2a: Abra|Shadow Ball|p1a: Munna
|-supereffective|p1a: Munna
|-damage|p1a: Munna|0 fnt
|faint|p1a: Munna
|
|win|Mega-Amphi
|player|p1
|player|p2
|l|Super is ultra
|l|Drakka</script>
</div>
<div class="battle-log battle-log-inline"><div class="inner"><div class="battle-options"></div><div class="inner"><div class="chat"><small>Super is ultra joined.</small></div><div class="chat"><small>Mega-Amphi joined.</small></div><div class=""><small>Format:</small> <br><strong>LC</strong></div><div class="rated"><strong>Rated battle</strong></div><div class=""><small><em>Sleep Clause Mod:</em> Limit one foe put to sleep</small></div><div class=""><small><em>Species Clause:</em> Limit one of each Pokémon</small></div><div class=""><small><em>OHKO Clause:</em> OHKO moves are banned</small></div><div class=""><small><em>Moody Clause:</em> Moody is banned</small></div><div class=""><small><em>Evasion Moves Clause:</em> Evasion moves are banned</small></div><div class=""><small><em>Endless Battle Clause:</em> Forcing endless battles is banned</small></div><div class=""><small><em>HP Percentage Mod:</em> HP is shown in percentages</small></div><div class="chat battle-history"><strong>Super is ultra's team:</strong> <em style="color:#445566;display:block;">Purrloin / Aipom / Axew / Munna / Eevee / Bronzor</em></div><div class="chat battle-history"><strong>Mega-Amphi's team:</strong> <em style="color:#445566;display:block;">Abra / Mienfoo / Snivy / Vullaby / Electrike / Omanyte</em></div><div class="spacer battle-history"><br></div><div class="battle-history">Battle started between Super is ultra and Mega-Amphi!<br></div><div class="spacer battle-history"><br></div><div class="battle-history">Go! <strong>Purrloin</strong>!<br></div><div class="spacer battle-history"><br></div><div class="battle-history">Mega-Amphi sent out <strong>Omanyte</strong>!<br></div><div class="spacer battle-history"><br></div><h2 class="battle-history">Turn 1</h2><div class="spacer battle-history"><br></div><div class="battle-history">Purrloin used <strong>Fake Out</strong>!<br></div><div class="battle-history"><small>It's not very effective...</small><br></div><div class="battle-history"><small>(The opposing Omanyte lost <abbr title="−1/21">4.8%</abbr> of its health!)</small><br></div><div class="spacer battle-history"><br></div><div class="battle-history">The opposing Omanyte flinched and couldn't move!<br></div><div class="spacer battle-history"><br></div><h2 class="battle-history">Turn 2</h2><div class="spacer battle-history"><br></div><div class="battle-history">Purrloin used <strong>Thunder Wave</strong>!<br></div><div class="battle-history"><small>The opposing Omanyte is paralyzed! It may be unable to move!</small><br></div><div class="spacer battle-history"><br></div><div class="battle-history">The opposing Omanyte used <strong>Toxic Spikes</strong>!<br></div><div class="battle-history"><small>Poison spikes were scattered on the ground all around your team!</small><br></div><div class="spacer battle-history"><br></div><h2 class="battle-history">Turn 3</h2><div class="spacer battle-history"><br></div><div class="battle-history">Purrloin used <strong>Dark Pulse</strong>!<br></div><div class="battle-history"><small>(The opposing Omanyte lost <abbr title="−6/21">28.6%</abbr> of its health!)</small><br></div><div class="spacer battle-history"><br></div><div class="battle-history">The opposing Omanyte used <strong>Toxic Spikes</strong>!<br></div><div class="battle-history"><small>Poison spikes were scattered on the ground all around your team!</small><br></div><div class="spacer battle-history"><br></div><h2 class="battle-history">Turn 4</h2><div class="spacer battle-history"><br></div><div class="battle-history">Purrloin used <strong>Dark Pulse</strong>!<br></div><div class="battle-history"><small>(The opposing Omanyte lost <abbr title="−7/21">33.3%</abbr> of its health!)</small><br></div><div class="spacer battle-history"><br></div><div class="battle-history">The opposing Omanyte flinched and couldn't move!<br></div><div class="spacer battle-history"><br></div><h2 class="battle-history">Turn 5</h2><div class="spacer battle-history"><br></div><div class="battle-history">Purrloin used <strong>Gunk Shot</strong>!<br></div><div class="battle-history"><small>It's not very effective...</small><br></div><div class="battle-history"><small>(The opposing Omanyte lost <abbr title="−3/21">14.3%</abbr> of its health!)</small><br></div><div class="spacer battle-history"><br></div><div class="battle-history">The opposing Omanyte used <strong>Stealth Rock</strong>!<br></div><div class="battle-history"><small>Pointed stones float in the air around your team!</small><br></div><div class="spacer battle-history"><br></div><h2 class="battle-history">Turn 6</h2><div class="spacer battle-history"><br></div><div class="battle-history">Purrloin used <strong>Dark Pulse</strong>!<br></div><div class="battle-history"><small>(The opposing Omanyte lost <abbr title="−4/21">19.0%</abbr> of its health!)</small><br></div><div class="spacer battle-history"><br></div><div class="battle-history">The opposing Omanyte fainted!<br></div><div class="spacer battle-history"><br></div><div class="battle-history">Mega-Amphi sent out <strong>Mienfoo</strong>!<br></div><div class="spacer battle-history"><br></div><h2 class="battle-history">Turn 7</h2><div class="spacer battle-history"><br></div><div class="battle-history">The opposing Mienfoo used <strong>Fake Out</strong>!<br></div><div class="battle-history"><small>(Purrloin lost <abbr title="−7/20">35%</abbr> of its health!)</small><br></div><div class="spacer battle-history"><br></div><div class="battle-history">Purrloin flinched and couldn't move!<br></div><div class="spacer battle-history"><br></div><div class="battle-history"><small>Purrloin restored a little HP using its Leftovers!</small><br></div><div class="spacer battle-history"><br></div><h2 class="battle-history">Turn 8</h2><div class="spacer battle-history"><br></div><div class="battle-history">Purrloin used <strong>Thunder Wave</strong>!<br></div><div class="battle-history"><small>The opposing Mienfoo is paralyzed! It may be unable to move!</small><br></div><div class="spacer battle-history"><br></div><div class="battle-history">The opposing Mienfoo used <strong>Drain Punch</strong>!<br></div><div class="battle-history"><small>It's super effective!</small><br></div><div class="battle-history"><small>(Purrloin lost <abbr title="−14/20">70%</abbr> of its health!)</small><br></div><div class="spacer battle-history"><br></div><div class="battle-history">Purrloin fainted!<br></div><div class="spacer battle-history"><br></div><div class="battle-history">Go! <strong>Bronzor</strong>!<br></div><div class="battle-history"><small>Pointed stones dug into Bronzor!</small><br></div><div class="spacer battle-history"><br></div><h2 class="battle-history">Turn 9</h2><div class="spacer battle-history"><br></div><div class="battle-history">Bronzor used <strong>Psychic</strong>!<br></div><div class="battle-history"><small>It's super effective!</small><br></div><div class="battle-history"><small>(The opposing Mienfoo lost <abbr title="−22/22">100%</abbr> of its health!)</small><br></div><div class="spacer battle-history"><br></div><div class="battle-history">The opposing Mienfoo fainted!<br></div><div class="spacer battle-history"><br></div><div class="battle-history"><small>Bronzor restored a little HP using its Leftovers!</small><br></div><div class="spacer battle-history"><br></div><div class="battle-history">Mega-Amphi sent out <strong>Vullaby</strong>!<br></div><div class="spacer battle-history"><br></div><h2 class="battle-history">Turn 10</h2><div class="spacer battle-history"><br></div><div class="battle-history">The opposing Vullaby used <strong>Knock Off</strong>!<br></div><div class="battle-history"><small>It's super effective!</small><br></div><div class="battle-history"><small>(Bronzor lost <abbr title="−20/22">90.9%</abbr> of its health!)</small><br></div><div class="battle-history"><small>The opposing Vullaby knocked off Bronzor's Leftovers!</small><br></div><div class="spacer battle-history"><br></div><div class="battle-history">Bronzor used <strong>Gyro Ball</strong>!<br></div><div class="battle-history"><small>(The opposing Vullaby lost <abbr title="−3/26">11.5%</abbr> of its health!)</small><br></div><div class="spacer battle-history"><br></div><h2 class="battle-history">Turn 11</h2><div class="spacer battle-history"><br></div><div class="battle-history">The opposing Vullaby used <strong>Knock Off</strong>!<br></div><div class="battle-history"><small>It's super effective!</small><br></div><div class="battle-history"><small>(Bronzor lost <abbr title="−2/22">9.1%</abbr> of its health!)</small><br></div><div class="spacer battle-history"><br></div><div class="battle-history">Bronzor fainted!<br></div><div class="spacer battle-history"><br></div><div class="battle-history">Go! <strong>Axew</strong>!<br></div><div class="battle-history"><small>Axew was badly poisoned!</small><br></div><div class="battle-history"><small>Pointed stones dug into Axew!</small><br></div><div class="spacer battle-history"><br></div><h2 class="battle-history">Turn 12</h2><div class="spacer battle-history"><br></div><div class="battle-history">Axew used <strong>Dual Chop</strong>!<br></div><div class="battle-history"><small>(The opposing Vullaby lost <abbr title="−8/26">30.8%</abbr> of its health!)</small><br></div><div class="battle-history"><small>(The opposing Vullaby lost <abbr title="−8/26">30.8%</abbr> of its health!)</small><br></div><div class="battle-history"><small>Hit 2 times!</small><br></div><div class="battle-history"><small>Axew lost some of its HP!</small><br></div><div class="spacer battle-history"><br></div><div class="battle-history">The opposing Vullaby used <strong>Knock Off</strong>!<br></div><div class="battle-history"><small>(Axew lost <abbr title="−12/21">57.1%</abbr> of its health!)</small><br></div><div class="battle-history"><small>The opposing Vullaby knocked off Axew's Life Orb!</small><br></div><div class="spacer battle-history"><br></div><div class="battle-history"><small>Axew was hurt by poison!</small><br></div><div class="spacer battle-history"><br></div><h2 class="battle-history">Turn 13</h2><div class="spacer battle-history"><br></div><div class="battle-history">Axew used <strong>Poison Jab</strong>!<br></div><div class="battle-history"><small>(The opposing Vullaby lost <abbr title="−6/26">23.1%</abbr> of its health!)</small><br></div><div class="spacer battle-history"><br></div><div class="battle-history">The opposing Vullaby used <strong>Roost</strong>!<br></div><div class="battle-history"><small>The opposing Vullaby restored its HP.</small><br></div><div class="spacer battle-history"><br></div><div class="battle-history"><small>Axew was hurt by poison!</small><br></div><div class="spacer battle-history"><br></div><h2 class="battle-history">Turn 14</h2><div class="spacer battle-history"><br></div><div class="battle-history">Axew used <strong>Poison Jab</strong>!<br></div><div class="battle-history"><small>(The opposing Vullaby lost <abbr title="−7/26">26.9%</abbr> of its health!)</small><br></div><div class="spacer battle-history"><br></div><div class="battle-history">The opposing Vullaby used <strong>Roost</strong>!<br></div><div class="battle-history"><small>The opposing Vullaby restored its HP.</small><br></div><div class="spacer battle-history"><br></div><div class="battle-history"><small>Axew was hurt by poison!</small><br></div><div class="spacer battle-history"><br></div><div class="battle-history">Axew fainted!<br></div><div class="spacer battle-history"><br></div><div class="battle-history">Go! <strong>Aipom</strong>!<br></div><div class="battle-history"><small>Aipom was badly poisoned!</small><br></div><div class="battle-history"><small>Pointed stones dug into Aipom!</small><br></div><div class="spacer battle-history"><br></div><h2 class="battle-history">Turn 15</h2><div class="spacer battle-history"><br></div><div class="battle-history">Aipom used <strong>Fake Out</strong>!<br></div><div class="battle-history"><small>(The opposing Vullaby lost <abbr title="−5/26">19.2%</abbr> of its health!)</small><br></div><div class="battle-history"><small>Aipom lost some of its HP!</small><br></div><div class="spacer battle-history"><br></div><div class="battle-history">The opposing Vullaby flinched and couldn't move!<br></div><div class="spacer battle-history"><br></div><div class="battle-history"><small>Aipom was hurt by poison!</small><br></div><div class="spacer battle-history"><br></div><h2 class="battle-history">Turn 16</h2><div class="spacer battle-history"><br></div><div class="battle-history">Aipom used <strong>Fury Swipes</strong>!<br></div><div class="battle-history"><small>(The opposing Vullaby lost <abbr title="−5/26">19.2%</abbr> of its health!)</small><br></div><div class="battle-history"><small>(The opposing Vullaby lost <abbr title="−4/26">15.4%</abbr> of its health!)</small><br></div><div class="battle-history"><small>(The opposing Vullaby lost <abbr title="−4/26">15.4%</abbr> of its health!)</small><br></div><div class="battle-history"><small>(The opposing Vullaby lost <abbr title="−2/26">7.7%</abbr> of its health!)</small><br></div><div class="battle-history"><small>Hit 4 times!</small><br></div><div class="battle-history"><small>Aipom lost some of its HP!</small><br></div><div class="spacer battle-history"><br></div><div class="battle-history">The opposing Vullaby fainted!<br></div><div class="spacer battle-history"><br></div><div class="battle-history"><small>Aipom was hurt by poison!</small><br></div><div class="spacer battle-history"><br></div><div class="battle-history">Mega-Amphi sent out <strong>Snivy</strong>!<br></div><div class="spacer battle-history"><br></div><h2 class="battle-history">Turn 17</h2><div class="spacer battle-history"><br></div><div class="battle-history">Aipom used <strong>Gunk Shot</strong>!<br></div><div class="battle-history"><small>It's super effective!</small><br></div><div class="battle-history"><small>(The opposing Snivy lost <abbr title="−21/21">100%</abbr> of its health!)</small><br></div><div class="battle-history"><small>Aipom lost some of its HP!</small><br></div><div class="spacer battle-history"><br></div><div class="battle-history">The opposing Snivy fainted!<br></div><div class="spacer battle-history"><br></div><div class="battle-history"><small>Aipom was hurt by poison!</small><br></div><div class="spacer battle-history"><br></div><div class="battle-history">Mega-Amphi sent out <strong>Electrike</strong>!<br></div><div class="spacer battle-history"><br></div><h2 class="battle-history">Turn 18</h2><div class="spacer battle-history"><br></div><div class="battle-history">Aipom used <strong>Fury Swipes</strong>!<br></div><div class="battle-history"><small>(The opposing Electrike lost <abbr title="−5/20">25%</abbr> of its health!)</small><br></div><div class="battle-history"><small>(The opposing Electrike lost <abbr title="−5/20">25%</abbr> of its health!)</small><br></div><div class="battle-history"><small>(The opposing Electrike used its Berry Juice!)</small><br></div><div class="battle-history"><small>The opposing Electrike restored HP using its Berry Juice!</small><br></div><div class="battle-history"><small>(The opposing Electrike lost <abbr title="−8/20">40%</abbr> of its health!)</small><br></div><div class="battle-history"><small>(The opposing Electrike lost <abbr title="−5/20">25%</abbr> of its health!)</small><br></div><div class="battle-history"><small>(The opposing Electrike lost <abbr title="−5/20">25%</abbr> of its health!)</small><br></div><div class="battle-history"><small>Hit 5 times!</small><br></div><div class="battle-history"><small>Aipom lost some of its HP!</small><br></div><div class="spacer battle-history"><br></div><div class="battle-history">The opposing Electrike used <strong>Discharge</strong>!<br></div><div class="battle-history"><small>(Aipom lost <abbr title="−6/22">27.3%</abbr> of its health!)</small><br></div><div class="spacer battle-history"><br></div><div class="battle-history">Aipom fainted!<br></div><div class="chat"><small>Drakka joined.</small></div><div class="spacer battle-history"><br></div><div class="battle-history">Go! <strong>Eevee</strong>!<br></div><div class="battle-history"><small>Eevee was badly poisoned!</small><br></div><div class="battle-history"><small>Pointed stones dug into Eevee!</small><br></div><div class="spacer battle-history"><br></div><h2 class="battle-history">Turn 19</h2><div class="spacer battle-history"><br></div><div class="battle-history">The opposing Electrike used <strong>Discharge</strong>!<br></div><div class="battle-history"><small>(Eevee lost <abbr title="−12/22">54.5%</abbr> of its health!)</small><br></div><div class="spacer battle-history"><br></div><div class="battle-history">Eevee used <strong>Headbutt</strong>!<br></div><div class="battle-history"><small>(The opposing Electrike lost <abbr title="−2/20">10%</abbr> of its health!)</small><br></div><div class="spacer battle-history"><br></div><div class="battle-history">The opposing Electrike fainted!<br></div><div class="spacer battle-history"><br></div><div class="battle-history"><small>Eevee restored a little HP using its Leftovers!</small><br></div><div class="battle-history"><small>Eevee was hurt by poison!</small><br></div><div class="spacer battle-history"><br></div><div class="battle-history">Mega-Amphi sent out <strong>Abra</strong>!<br></div><div class="spacer battle-history"><br></div><h2 class="battle-history">Turn 20</h2><div class="spacer battle-history"><br></div><div class="battle-history">Eevee used <strong>Protect</strong>!<br></div><div class="battle-history"><small>Eevee protected itself!</small><br></div><div class="spacer battle-history"><br></div><div class="battle-history">The opposing Abra used <strong>Hidden Power</strong>!<br></div><div class="battle-history"><small>Eevee protected itself!</small><br></div><div class="spacer battle-history"><br></div><div class="battle-history"><small>Eevee restored a little HP using its Leftovers!</small><br></div><div class="battle-history"><small>Eevee was hurt by poison!</small><br></div><div class="spacer battle-history"><br></div><h2 class="battle-history">Turn 21</h2><div class="spacer battle-history"><br></div><div class="battle-history">The opposing Abra used <strong>Psychic</strong>!<br></div><div class="battle-history"><small>(Eevee lost <abbr title="−7/22">31.8%</abbr> of its health!)</small><br></div><div class="spacer battle-history"><br></div><div class="battle-history">Eevee fainted!<br></div><div class="spacer battle-history"><br></div><div class="battle-history">Go! <strong>Munna</strong>!<br></div><div class="battle-history"><small>Pointed stones dug into Munna!</small><br></div><div class="battle-history"><small>Munna was badly poisoned!</small><br></div><div class="spacer battle-history"><br></div><h2 class="battle-history">Turn 22</h2><div class="spacer battle-history"><br></div><div class="battle-history">The opposing Abra used <strong>Shadow Ball</strong>!<br></div><div class="battle-history"><small>It's super effective!</small><br></div><div class="battle-history"><small>(Munna lost <abbr title="−21/24">87.5%</abbr> of its health!)</small><br></div><div class="spacer battle-history"><br></div><div class="battle-history">Munna fainted!<br></div><div class="spacer battle-history"><br></div><div class="battle-history"><strong>Mega-Amphi</strong> won the battle!<br></div><div class="chat"><small>Super is ultra left.</small></div><div class="chat"><small>Drakka left.</small></div></div><div class="inner-preempt"></div></div></div>
</div>
<script>
let daily = Math.floor(Date.now()/1000/60/60/24);document.write('<script src="https://play.pokemonshowdown.com/js/replay-embed.js?version'+daily+'"></'+'script>');
</script>
