<!DOCTYPE html>
<meta charset="utf-8" />
<!-- version 1 -->
<title>LC replay: Bypassed vs. RafanPM</title>
<style>
html,body {font-family:Verdana, sans-serif;font-size:10pt;margin:0;padding:0;}body{padding:12px 0;} .battle-log {font-family:Verdana, sans-serif;font-size:10pt;} .battle-log-inline {border:1px solid #AAAAAA;background:#EEF2F5;color:black;max-width:640px;margin:0 auto 80px;padding-bottom:5px;} .battle-log .inner {padding:4px 8px 0px 8px;} .battle-log .inner-preempt {padding:0 8px 4px 8px;} .battle-log .inner-after {margin-top:0.5em;} .battle-log h2 {margin:0.5em -8px;padding:4px 8px;border:1px solid #AAAAAA;background:#E0E7EA;border-left:0;border-right:0;font-family:Verdana, sans-serif;font-size:13pt;} .battle-log .chat {vertical-align:middle;padding:3px 0 3px 0;font-size:8pt;} .battle-log .chat strong {color:#40576A;} .battle-log .chat em {padding:1px 4px 1px 3px;color:#000000;font-style:normal;} .chat.mine {background:rgba(0,0,0,0.05);margin-left:-8px;margin-right:-8px;padding-left:8px;padding-right:8px;} .spoiler {color:#BBBBBB;background:#BBBBBB;padding:0px 3px;} .spoiler:hover, .spoiler:active, .spoiler-shown {color:#000000;background:#E2E2E2;padding:0px 3px;} .spoiler a {color:#BBBBBB;} .spoiler:hover a, .spoiler:active a, .spoiler-shown a {color:#2288CC;} .chat code, .chat .spoiler:hover code, .chat .spoiler:active code, .chat .spoiler-shown code {border:1px solid #C0C0C0;background:#EEEEEE;color:black;padding:0 2px;} .chat .spoiler code {border:1px solid #CCCCCC;background:#CCCCCC;color:#CCCCCC;} .battle-log .rated {padding:3px 4px;} .battle-log .rated strong {color:white;background:#89A;padding:1px 4px;border-radius:4px;} .spacer {margin-top:0.5em;} .message-announce {background:#6688AA;color:white;padding:1px 4px 2px;} .message-announce a, .broadcast-green a, .broadcast-blue a, .broadcast-red a {color:#DDEEFF;} .broadcast-green {background-color:#559955;color:white;padding:2px 4px;} .broadcast-blue {background-color:#6688AA;color:white;padding:2px 4px;} .infobox {border:1px solid #6688AA;padding:2px 4px;} .infobox-limited {max-height:200px;overflow:auto;overflow-x:hidden;} .broadcast-red {background-color:#AA5544;color:white;padding:2px 4px;} .message-learn-canlearn {font-weight:bold;color:#228822;text-decoration:underline;} .message-learn-cannotlearn {font-weight:bold;color:#CC2222;text-decoration:underline;} .message-effect-weak {font-weight:bold;color:#CC2222;} .message-effect-resist {font-weight:bold;color:#6688AA;} .message-effect-immune {font-weight:bold;color:#666666;} .message-learn-list {margin-top:0;margin-bottom:0;} .message-throttle-notice, .message-error {color:#992222;} .message-overflow, .chat small.message-overflow {font-size:0pt;} .message-overflow::before {font-size:9pt;content:'...';} .subtle {color:#3A4A66;}
</style>
<div class="wrapper replay-wrapper" style="max-width:1180px;margin:0 auto">
<input type="hidden" name="replayid" value="lc-480518356" />
<div class="battle"></div><div class="battle-log"></div><div class="replay-controls"></div><div class="replay-controls-2"></div>
<h1 style="font-weight:normal;text-align:center"><strong>LC</strong><br /><a href="http://pokemonshowdown.com/users/bypassed" class="subtle" target="_blank">Bypassed</a> vs. <a href="http://pokemonshowdown.com/users/rafanpm" class="subtle" target="_blank">RafanPM</a></h1>
<script type="text/plain" class="battle-log-data">|j|Bypassed
|j|RafanPM
|player|p1|Bypassed|269
|player|p2|RafanPM|191
|gametype|singles
|gen|6
|tier|LC
|seed|25999,27014,28999,51909
|clearpoke
|poke|p1|Scraggy, L5, M|item
|poke|p1|Slugma, L5, M|item
|poke|p1|Abra, L5, M|item
|poke|p1|Magnemite, L5|item
|poke|p1|Pawniard, L5, M|item
|poke|p1|Mienfoo, L5, F|item
|poke|p2|Numel, L5, M|item
|poke|p2|Wooper, L5, F|item
|poke|p2|Hippopotas, L5, M|item
|poke|p2|Cubone, L5, F|item
|poke|p2|Diglett, L5, M|item
|poke|p2|Golett, L5|item
|rule|Sleep Clause Mod: Limit one foe put to sleep
|rule|Species Clause: Limit one of each Pokémon
|rule|OHKO Clause: OHKO moves are banned
|rule|Moody Clause: Moody is banned
|rule|Evasion Moves Clause: Evasion moves are banned
|rule|Endless Battle Clause: Forcing endless battles is banned
|rule|HP Percentage Mod: HP is shown in percentages
|teampreview
|c|★RafanPM|gl hf
|c|★Bypassed|GLHF :3
|choice|team 4, team 2, team 3, team 1, team 5, team 6|team 1, team 2, team 3, team 4, team 5, team 6
|
|start
|switch|p1a: Magnemite|Magnemite, L5|20\/20
|switch|p2a: Numel|Numel, L5, M|23\/23
|turn|1
|choice|move flashcannon|move earthpower
|
|move|p1a: Magnemite|Flash Cannon|p2a: Numel
|-resisted|p2a: Numel
|-damage|p2a: Numel|19\/23
|move|p2a: Numel|Earth Power|p1a: Magnemite
|-supereffective|p1a: Magnemite
|-damage|p1a: Magnemite|0 fnt
|faint|p1a: Magnemite
|
|c|★Bypassed|peccatyo
|c|★Bypassed|volevo calargli la difesa xD
|choice|switch 3|
|
|switch|p1a: Abra|Abra, L5, M|19\/19
|turn|2
|c|★Bypassed|!weak Numel
|html|<div class="infobox">Numel (ignoring abilities):<br><span class="message-effect-weak">Weaknesses<\/span>: Ground, <b>Water<\/b><br><span class="message-effect-resist">Resistances<\/span>: Bug, Fairy, Fire, Poison, Steel<br><span class="message-effect-immune">Immunities<\/span>: Electric<\/div>
|choice|move psychic|move ancientpower
|
|move|p1a: Abra|Psychic|p2a: Numel
|-damage|p2a: Numel|9\/23
|move|p2a: Numel|Ancient Power|p1a: Abra
|-damage|p1a: Abra|12\/19
|
|turn|3
|c|★RafanPM|hai portato 3 pokemon con la debolezza a terra? ç_ç
|choice|move knockoff|switch 3
|
|switch|p2a: Hippopotas|Hippopotas, L5, M|25\/25
|-weather|Sandstorm|[from] ability: Sand Stream|[of] p2a: Hippopotas
|move|p1a: Abra|Knock Off|p2a: Hippopotas
|-damage|p2a: Hippopotas|22\/25
|-enditem|p2a: Hippopotas|Eviolite|[from] move: Knock Off|[of] p1a: Abra
|
|-weather|Sandstorm|[upkeep]
|turn|4
|c|★Bypassed|lel, quei tre li ho preso a caso
|choice|move dazzlinggleam|move stealthrock
|
|move|p1a: Abra|Dazzling Gleam|p2a: Hippopotas
|-damage|p2a: Hippopotas|12\/25
|move|p2a: Hippopotas|Stealth Rock|p1a: Abra
|-sidestart|p1: Bypassed|move: Stealth Rock
|
|-weather|Sandstorm|[upkeep]
|turn|5
|c|★RafanPM|lel
|choice|move psychic|move slackoff
|
|move|p1a: Abra|Psychic|p2a: Hippopotas
|-damage|p2a: Hippopotas|0 fnt
|faint|p2a: Hippopotas
|
|-weather|Sandstorm|[upkeep]
|choice||switch 5
|
|switch|p2a: Diglett|Diglett, L5, M|18\/18
|turn|6
|choice|move knockoff|move suckerpunch
|
|move|p2a: Diglett|Sucker Punch|p1a: Abra
|-supereffective|p1a: Abra
|-damage|p1a: Abra|0 fnt
|-damage|p2a: Diglett|17\/18|[from] item: Life Orb
|faint|p1a: Abra
|
|-weather|Sandstorm|[upkeep]
|choice|switch 2|
|
|switch|p1a: Slugma|Slugma, L5, M|23\/23
|-damage|p1a: Slugma|18\/23|[from] Stealth Rock
|turn|7
|choice|move willowisp|move earthquake
|
|move|p2a: Diglett|Earthquake|p1a: Slugma
|-supereffective|p1a: Slugma
|-damage|p1a: Slugma|0 fnt
|-damage|p2a: Diglett|16\/18|[from] item: Life Orb
|faint|p1a: Slugma
|
|-weather|none
|choice|switch 6|
|
|switch|p1a: Mienfoo|Mienfoo, L5, F|21\/21
|-damage|p1a: Mienfoo|20\/21|[from] Stealth Rock
|turn|8
|choice|move fakeout|move substitute
|
|move|p1a: Mienfoo|Fake Out|p2a: Diglett
|-damage|p2a: Diglett|10\/18
|cant|p2a: Diglett|flinch
|
|turn|9
|c|★Bypassed|!weak Fighting
|html|<div class="infobox">Fighting:<br><span class="message-effect-weak">Weaknesses<\/span>: Fairy, Flying, Psychic<br><span class="message-effect-resist">Resistances<\/span>: Bug, Dark, Rock<br><span class="message-effect-immune">Immunities<\/span>: <font color=#999999>None<\/font><\/div>
|choice|move knockoff|switch 6
|
|switch|p2a: Golett|Golett, L5|23\/23
|move|p1a: Mienfoo|Knock Off|p2a: Golett
|-supereffective|p2a: Golett
|-damage|p2a: Golett|11\/23
|-enditem|p2a: Golett|Eviolite|[from] move: Knock Off|[of] p1a: Mienfoo
|
|turn|10
|c|★RafanPM|fail
|choice|move swordsdance|move earthquake
|
|move|p1a: Mienfoo|Swords Dance|p1a: Mienfoo
|-boost|p1a: Mienfoo|atk|2
|move|p2a: Golett|Earthquake|p1a: Mienfoo
|-damage|p1a: Mienfoo|10\/21
|
|turn|11
|choice|move knockoff|move earthquake
|
|move|p1a: Mienfoo|Knock Off|p2a: Golett
|-supereffective|p2a: Golett
|-damage|p2a: Golett|0 fnt
|faint|p2a: Golett
|
|choice||switch 6
|
|switch|p2a: Diglett|Diglett, L5, M|10\/18
|turn|12
|c|★Bypassed|lel xDù
|choice|move knockoff|move earthquake
|
|move|p2a: Diglett|Earthquake|p1a: Mienfoo
|-damage|p1a: Mienfoo|0 fnt
|-damage|p2a: Diglett|9\/18|[from] item: Life Orb
|faint|p1a: Mienfoo
|
|choice|switch 4|
|
|switch|p1a: Scraggy|Scraggy, L5, M|22\/22
|-damage|p1a: Scraggy|21\/22|[from] Stealth Rock
|turn|13
|choice|move dragondance|switch 2
|
|switch|p2a: Wooper|Wooper, L5, F|23\/23
|move|p1a: Scraggy|Dragon Dance|p1a: Scraggy
|-boost|p1a: Scraggy|atk|1
|-boost|p1a: Scraggy|spe|1
|
|turn|14
|choice|move knockoff|move toxic
|
|move|p1a: Scraggy|Knock Off|p2a: Wooper
|-damage|p2a: Wooper|10\/23
|-enditem|p2a: Wooper|Eviolite|[from] move: Knock Off|[of] p1a: Scraggy
|move|p2a: Wooper|Toxic|p1a: Scraggy
|-status|p1a: Scraggy|tox
|
|-damage|p1a: Scraggy|20\/22 tox|[from] psn
|turn|15
|choice|move dragondance|move recover
|
|move|p1a: Scraggy|Dragon Dance|p1a: Scraggy
|-boost|p1a: Scraggy|atk|1
|-boost|p1a: Scraggy|spe|1
|move|p2a: Wooper|Recover|p2a: Wooper
|-heal|p2a: Wooper|22\/23
|
|-activate|p1a: Scraggy|ability: Shed Skin
|-curestatus|p1a: Scraggy|tox|[msg]
|turn|16
|c|★RafanPM|aia
|c|★Bypassed|!weak Wooper
|html|<div class="infobox">Wooper (ignoring abilities):<br><span class="message-effect-weak">Weaknesses<\/span>: <b>Grass<\/b><br><span class="message-effect-resist">Resistances<\/span>: Fire, Poison, Rock, Steel<br><span class="message-effect-immune">Immunities<\/span>: Electric<\/div>
|choice|move drainpunch|move earthquake
|
|move|p1a: Scraggy|Drain Punch|p2a: Wooper
|-damage|p2a: Wooper|3\/23
|-heal|p1a: Scraggy|22\/22|[from] drain|[of] p2a: Wooper
|move|p2a: Wooper|Earthquake|p1a: Scraggy
|-damage|p1a: Scraggy|15\/22
|
|turn|17
|c|★Bypassed|potevi riusare toxic
|choice|move drainpunch|move toxic
|
|move|p1a: Scraggy|Drain Punch|p2a: Wooper
|-damage|p2a: Wooper|0 fnt
|-heal|p1a: Scraggy|17\/22|[from] drain|[of] p2a: Wooper
|faint|p2a: Wooper
|
|c|★Bypassed|ah no
|choice||switch 4
|
|switch|p2a: Cubone|Cubone, L5, F|21\/21
|turn|18
|choice|move knockoff|move bonemerang
|
|move|p1a: Scraggy|Knock Off|p2a: Cubone
|-damage|p2a: Cubone|0 fnt
|-enditem|p2a: Cubone|Thick Club|[from] move: Knock Off|[of] p1a: Scraggy
|faint|p2a: Cubone
|
|choice||switch 3
|
|switch|p2a: Numel|Numel, L5, M|9\/23
|turn|19
|choice|move drainpunch|move willowisp
|
|move|p1a: Scraggy|Drain Punch|p2a: Numel
|-damage|p2a: Numel|0 fnt
|-heal|p1a: Scraggy|22\/22|[from] drain|[of] p2a: Numel
|faint|p2a: Numel
|
|c|★Bypassed|gg. :3
|choice||switch 2
|
|switch|p2a: Diglett|Diglett, L5, M|9\/18
|turn|20
|choice|move knockoff|move suckerpunch
|
|move|p2a: Diglett|Sucker Punch|p1a: Scraggy
|-resisted|p1a: Scraggy
|-damage|p1a: Scraggy|21\/22
|-damage|p2a: Diglett|8\/18|[from] item: Life Orb
|move|p1a: Scraggy|Knock Off|p2a: Diglett
|-damage|p2a: Diglett|0 fnt
|-enditem|p2a: Diglett|Life Orb|[from] move: Knock Off|[of] p1a: Scraggy
|faint|p2a: Diglett
|
|win|Bypassed
|player|p1
|player|p2
|c|★RafanPM|gg</script>
</div>
<div class="battle-log battle-log-inline"><div class="inner"><div class="battle-options"></div><div class="inner"><div class="chat"><small>Bypassed joined.</small></div><div class="chat"><small>RafanPM joined.</small></div><div class=""><small>Format:</small> <br><strong>LC</strong></div><div class=""><small><em>Sleep Clause Mod:</em> Limit one foe put to sleep</small></div><div class=""><small><em>Species Clause:</em> Limit one of each Pokémon</small></div><div class=""><small><em>OHKO Clause:</em> OHKO moves are banned</small></div><div class=""><small><em>Moody Clause:</em> Moody is banned</small></div><div class=""><small><em>Evasion Moves Clause:</em> Evasion moves are banned</small></div><div class=""><small><em>Endless Battle Clause:</em> Forcing endless battles is banned</small></div><div class=""><small><em>HP Percentage Mod:</em> HP is shown in percentages</small></div><div class="chat battle-history"><strong>Bypassed's team:</strong> <em style="color:#445566;display:block;">Scraggy / Slugma / Abra / Magnemite / Pawniard / Mienfoo</em></div><div class="chat battle-history"><strong>RafanPM's team:</strong> <em style="color:#445566;display:block;">Numel / Wooper / Hippopotas / Cubone / Diglett / Golett</em></div><div class="chat chatmessage-rafanpm"><strong style="color:hsl(274,45%,54.721668588339206%)"><small>★</small><span class="username" data-name="RafanPM">RafanPM</span>:</strong> <em>gl hf</em></div><div class="chat chatmessage-bypassed"><strong style="color:hsl(181,44%,49.60290945065863%)"><small>★</small><span class="username" data-name="Bypassed">Bypassed</span>:</strong> <em>GLHF :3</em></div><div class="spacer battle-history"><br></div><div class="battle-history">Battle started between Bypassed and RafanPM!<br></div><div class="spacer battle-history"><br></div><div class="battle-history">Go! <strong>Magnemite</strong>!<br></div><div class="spacer battle-history"><br></div><div class="battle-history">RafanPM sent out <strong>Numel</strong>!<br></div><div class="spacer battle-history"><br></div><h2 class="battle-history">Turn 1</h2><div class="spacer battle-history"><br></div><div class="battle-history">Magnemite used <strong>Flash Cannon</strong>!<br></div><div class="battle-history"><small>It's not very effective...</small><br></div><div class="battle-history"><small>(The opposing Numel lost <abbr title="−4/23">17.4%</abbr> of its health!)</small><br></div><div class="spacer battle-history"><br></div><div class="battle-history">The opposing Numel used <strong>Earth Power</strong>!<br></div><div class="battle-history"><small>It's super effective!</small><br></div><div class="battle-history"><small>(Magnemite lost <abbr title="−20/20">100%</abbr> of its health!)</small><br></div><div class="spacer battle-history"><br></div><div class="battle-history">Magnemite fainted!<br></div><div class="chat chatmessage-bypassed"><strong style="color:hsl(181,44%,49.60290945065863%)"><small>★</small><span class="username" data-name="Bypassed">Bypassed</span>:</strong> <em>peccatyo</em></div><div class="chat chatmessage-bypassed"><strong style="color:hsl(181,44%,49.60290945065863%)"><small>★</small><span class="username" data-name="Bypassed">Bypassed</span>:</strong> <em>volevo calargli la difesa xD</em></div><div class="spacer battle-history"><br></div><div class="battle-history">Go! <strong>Abra</strong>!<br></div><div class="spacer battle-history"><br></div><h2 class="battle-history">Turn 2</h2><div class="chat chatmessage-bypassed"><strong style="color:hsl(181,44%,49.60290945065863%)"><small>★</small><span class="username" data-name="Bypassed">Bypassed</span>:</strong> <em>!weak Numel</em></div><div class="chat"><div class="infobox">Numel (ignoring abilities):<br><span class="message-effect-weak">Weaknesses</span>: Ground, <b>Water</b><br><span class="message-effect-resist">Resistances</span>: Bug, Fairy, Fire, Poison, Steel<br><span class="message-effect-immune">Immunities</span>: Electric</div></div><div class="spacer battle-history"><br></div><div class="battle-history">Abra used <strong>Psychic</strong>!<br></div><div class="battle-history"><small>(The opposing Numel lost <abbr title="−10/23">43.5%</abbr> of its health!)</small><br></div><div class="spacer battle-history"><br></div><div class="battle-history">The opposing Numel used <strong>Ancient Power</strong>!<br></div><div class="battle-history"><small>(Abra lost <abbr title="−7/19">36.8%</abbr> of its health!)</small><br></div><div class="spacer battle-history"><br></div><h2 class="battle-history">Turn 3</h2><div class="chat chatmessage-rafanpm"><strong style="color:hsl(274,45%,54.721668588339206%)"><small>★</small><span class="username" data-name="RafanPM">RafanPM</span>:</strong> <em>hai portato 3 pokemon con la debolezza a terra? ç_ç</em></div><div class="spacer battle-history"><br></div><div class="battle-history">RafanPM withdrew Numel!<br></div><div class="battle-history">RafanPM sent out <strong>Hippopotas</strong>!<br></div><div class="battle-history"><small>[The opposing Hippopotas's Sand Stream]</small><br><small>A sandstorm kicked up!</small><br></div><div class="spacer battle-history"><br></div><div class="battle-history">Abra used <strong>Knock Off</strong>!<br></div><div class="battle-history"><small>(The opposing Hippopotas lost <abbr title="−3/25">12%</abbr> of its health!)</small><br></div><div class="battle-history"><small>Abra knocked off the opposing Hippopotas's Eviolite!</small><br></div><div class="spacer battle-history"><br></div><div class="battle-history"><small>The sandstorm is raging.</small><br></div><div class="spacer battle-history"><br></div><h2 class="battle-history">Turn 4</h2><div class="chat chatmessage-bypassed"><strong style="color:hsl(181,44%,49.60290945065863%)"><small>★</small><span class="username" data-name="Bypassed">Bypassed</span>:</strong> <em>lel, quei tre li ho preso a caso</em></div><div class="spacer battle-history"><br></div><div class="battle-history">Abra used <strong>Dazzling Gleam</strong>!<br></div><div class="battle-history"><small>(The opposing Hippopotas lost <abbr title="−10/25">40%</abbr> of its health!)</small><br></div><div class="spacer battle-history"><br></div><div class="battle-history">The opposing Hippopotas used <strong>Stealth Rock</strong>!<br></div><div class="battle-history"><small>Pointed stones float in the air around your team!</small><br></div><div class="spacer battle-history"><br></div><div class="battle-history"><small>The sandstorm is raging.</small><br></div><div class="spacer battle-history"><br></div><h2 class="battle-history">Turn 5</h2><div class="chat chatmessage-rafanpm"><strong style="color:hsl(274,45%,54.721668588339206%)"><small>★</small><span class="username" data-name="RafanPM">RafanPM</span>:</strong> <em>lel</em></div><div class="spacer battle-history"><br></div><div class="battle-history">Abra used <strong>Psychic</strong>!<br></div><div class="battle-history"><small>(The opposing Hippopotas lost <abbr title="−12/25">48%</abbr> of its health!)</small><br></div><div class="spacer battle-history"><br></div><div class="battle-history">The opposing Hippopotas fainted!<br></div><div class="spacer battle-history"><br></div><div class="battle-history"><small>The sandstorm is raging.</small><br></div><div class="spacer battle-history"><br></div><div class="battle-history">RafanPM sent out <strong>Diglett</strong>!<br></div><div class="spacer battle-history"><br></div><h2 class="battle-history">Turn 6</h2><div class="spacer battle-history"><br></div><div class="battle-history">The opposing Diglett used <strong>Sucker Punch</strong>!<br></div><div class="battle-history"><small>It's super effective!</small><br></div><div class="battle-history"><small>(Abra lost <abbr title="−12/19">63.2%</abbr> of its health!)</small><br></div><div class="battle-history"><small>The opposing Diglett lost some of its HP!</small><br></div><div class="spacer battle-history"><br></div><div class="battle-history">Abra fainted!<br></div><div class="spacer battle-history"><br></div><div class="battle-history"><small>The sandstorm is raging.</small><br></div><div class="spacer battle-history"><br></div><div class="battle-history">Go! <strong>Slugma</strong>!<br></div><div class="battle-history"><small>Pointed stones dug into Slugma!</small><br></div><div class="spacer battle-history"><br></div><h2 class="battle-history">Turn 7</h2><div class="spacer battle-history"><br></div><div class="battle-history">The opposing Diglett used <strong>Earthquake</strong>!<br></div><div class="battle-history"><small>It's super effective!</small><br></div><div class="battle-history"><small>(Slugma lost <abbr title="−18/23">78.3%</abbr> of its health!)</small><br></div><div class="battle-history"><small>The opposing Diglett lost some of its HP!</small><br></div><div class="spacer battle-history"><br></div><div class="battle-history">Slugma fainted!<br></div><div class="spacer battle-history"><br></div><div class="battle-history"><small>The sandstorm subsided.</small><br></div><div class="spacer battle-history"><br></div><div class="battle-history">Go! <strong>Mienfoo</strong>!<br></div><div class="battle-history"><small>Pointed stones dug into Mienfoo!</small><br></div><div class="spacer battle-history"><br></div><h2 class="battle-history">Turn 8</h2><div class="spacer battle-history"><br></div><div class="battle-history">Mienfoo used <strong>Fake Out</strong>!<br></div><div class="battle-history"><small>(The opposing Diglett lost <abbr title="−6/18">33.3%</abbr> of its health!)</small><br></div><div class="spacer battle-history"><br></div><div class="battle-history">The opposing Diglett flinched and couldn't move!<br></div><div class="spacer battle-history"><br></div><h2 class="battle-history">Turn 9</h2><div class="chat chatmessage-bypassed"><strong style="color:hsl(181,44%,49.60290945065863%)"><small>★</small><span class="username" data-name="Bypassed">Bypassed</span>:</strong> <em>!weak Fighting</em></div><div class="chat"><div class="infobox">Fighting:<br><span class="message-effect-weak">Weaknesses</span>: Fairy, Flying, Psychic<br><span class="message-effect-resist">Resistances</span>: Bug, Dark, Rock<br><span class="message-effect-immune">Immunities</span>: <font color="#999999">None</font></div></div><div class="spacer battle-history"><br></div><div class="battle-history">RafanPM withdrew Diglett!<br></div><div class="battle-history">RafanPM sent out <strong>Golett</strong>!<br></div><div class="spacer battle-history"><br></div><div class="battle-history">Mienfoo used <strong>Knock Off</strong>!<br></div><div class="battle-history"><small>It's super effective!</small><br></div><div class="battle-history"><small>(The opposing Golett lost <abbr title="−12/23">52.2%</abbr> of its health!)</small><br></div><div class="battle-history"><small>Mienfoo knocked off the opposing Golett's Eviolite!</small><br></div><div class="spacer battle-history"><br></div><h2 class="battle-history">Turn 10</h2><div class="chat chatmessage-rafanpm"><strong style="color:hsl(274,45%,54.721668588339206%)"><small>★</small><span class="username" data-name="RafanPM">RafanPM</span>:</strong> <em>fail</em></div><div class="spacer battle-history"><br></div><div class="battle-history">Mienfoo used <strong>Swords Dance</strong>!<br></div><div class="battle-history"><small>Mienfoo's Attack rose sharply!</small><br></div><div class="spacer battle-history"><br></div><div class="battle-history">The opposing Golett used <strong>Earthquake</strong>!<br></div><div class="battle-history"><small>(Mienfoo lost <abbr title="−10/21">47.6%</abbr> of its health!)</small><br></div><div class="spacer battle-history"><br></div><h2 class="battle-history">Turn 11</h2><div class="spacer battle-history"><br></div><div class="battle-history">Mienfoo used <strong>Knock Off</strong>!<br></div><div class="battle-history"><small>It's super effective!</small><br></div><div class="battle-history"><small>(The opposing Golett lost <abbr title="−11/23">47.8%</abbr> of its health!)</small><br></div><div class="spacer battle-history"><br></div><div class="battle-history">The opposing Golett fainted!<br></div><div class="spacer battle-history"><br></div><div class="battle-history">RafanPM sent out <strong>Diglett</strong>!<br></div><div class="spacer battle-history"><br></div><h2 class="battle-history">Turn 12</h2><div class="chat chatmessage-bypassed"><strong style="color:hsl(181,44%,49.60290945065863%)"><small>★</small><span class="username" data-name="Bypassed">Bypassed</span>:</strong> <em>lel xDù</em></div><div class="spacer battle-history"><br></div><div class="battle-history">The opposing Diglett used <strong>Earthquake</strong>!<br></div><div class="battle-history"><small>(Mienfoo lost <abbr title="−10/21">47.6%</abbr> of its health!)</small><br></div><div class="battle-history"><small>The opposing Diglett lost some of its HP!</small><br></div><div class="spacer battle-history"><br></div><div class="battle-history">Mienfoo fainted!<br></div><div class="spacer battle-history"><br></div><div class="battle-history">Go! <strong>Scraggy</strong>!<br></div><div class="battle-history"><small>Pointed stones dug into Scraggy!</small><br></div><div class="spacer battle-history"><br></div><h2 class="battle-history">Turn 13</h2><div class="spacer battle-history"><br></div><div class="battle-history">RafanPM withdrew Diglett!<br></div><div class="battle-history">RafanPM sent out <strong>Wooper</strong>!<br></div><div class="spacer battle-history"><br></div><div class="battle-history">Scraggy used <strong>Dragon Dance</strong>!<br></div><div class="battle-history"><small>Scraggy's Attack rose!</small><br></div><div class="battle-history"><small>Scraggy's Speed rose!</small><br></div><div class="spacer battle-history"><br></div><h2 class="battle-history">Turn 14</h2><div class="spacer battle-history"><br></div><div class="battle-history">Scraggy used <strong>Knock Off</strong>!<br></div><div class="battle-history"><small>(The opposing Wooper lost <abbr title="−13/23">56.5%</abbr> of its health!)</small><br></div><div class="battle-history"><small>Scraggy knocked off the opposing Wooper's Eviolite!</small><br></div><div class="spacer battle-history"><br></div><div class="battle-history">The opposing Wooper used <strong>Toxic</strong>!<br></div><div class="battle-history"><small>Scraggy was badly poisoned!</small><br></div><div class="spacer battle-history"><br></div><div class="battle-history"><small>Scraggy was hurt by poison!</small><br></div><div class="spacer battle-history"><br></div><h2 class="battle-history">Turn 15</h2><div class="spacer battle-history"><br></div><div class="battle-history">Scraggy used <strong>Dragon Dance</strong>!<br></div><div class="battle-history"><small>Scraggy's Attack rose!</small><br></div><div class="battle-history"><small>Scraggy's Speed rose!</small><br></div><div class="spacer battle-history"><br></div><div class="battle-history">The opposing Wooper used <strong>Recover</strong>!<br></div><div class="battle-history"><small>The opposing Wooper restored its HP.</small><br></div><div class="spacer battle-history"><br></div><div class="battle-history"><small>[Scraggy's Shed Skin]</small><br></div><div class="battle-history"><small>Scraggy was cured of its poisoning.</small><br></div><div class="spacer battle-history"><br></div><h2 class="battle-history">Turn 16</h2><div class="chat chatmessage-rafanpm"><strong style="color:hsl(274,45%,54.721668588339206%)"><small>★</small><span class="username" data-name="RafanPM">RafanPM</span>:</strong> <em>aia</em></div><div class="chat chatmessage-bypassed"><strong style="color:hsl(181,44%,49.60290945065863%)"><small>★</small><span class="username" data-name="Bypassed">Bypassed</span>:</strong> <em>!weak Wooper</em></div><div class="chat"><div class="infobox">Wooper (ignoring abilities):<br><span class="message-effect-weak">Weaknesses</span>: <b>Grass</b><br><span class="message-effect-resist">Resistances</span>: Fire, Poison, Rock, Steel<br><span class="message-effect-immune">Immunities</span>: Electric</div></div><div class="spacer battle-history"><br></div><div class="battle-history">Scraggy used <strong>Drain Punch</strong>!<br></div><div class="battle-history"><small>(The opposing Wooper lost <abbr title="−19/23">82.6%</abbr> of its health!)</small><br></div><div class="battle-history"><small>The opposing Wooper had its energy drained!</small><br></div><div class="spacer battle-history"><br></div><div class="battle-history">The opposing Wooper used <strong>Earthquake</strong>!<br></div><div class="battle-history"><small>(Scraggy lost <abbr title="−7/22">31.8%</abbr> of its health!)</small><br></div><div class="spacer battle-history"><br></div><h2 class="battle-history">Turn 17</h2><div class="chat chatmessage-bypassed"><strong style="color:hsl(181,44%,49.60290945065863%)"><small>★</small><span class="username" data-name="Bypassed">Bypassed</span>:</strong> <em>potevi riusare toxic</em></div><div class="spacer battle-history"><br></div><div class="battle-history">Scraggy used <strong>Drain Punch</strong>!<br></div><div class="battle-history"><small>(The opposing Wooper lost <abbr title="−3/23">13.0%</abbr> of its health!)</small><br></div><div class="battle-history"><small>The opposing Wooper had its energy drained!</small><br></div><div class="spacer battle-history"><br></div><div class="battle-history">The opposing Wooper fainted!<br></div><div class="chat chatmessage-bypassed"><strong style="color:hsl(181,44%,49.60290945065863%)"><small>★</small><span class="username" data-name="Bypassed">Bypassed</span>:</strong> <em>ah no</em></div><div class="spacer battle-history"><br></div><div class="battle-history">RafanPM sent out <strong>Cubone</strong>!<br></div><div class="spacer battle-history"><br></div><h2 class="battle-history">Turn 18</h2><div class="spacer battle-history"><br></div><div class="battle-history">Scraggy used <strong>Knock Off</strong>!<br></div><div class="battle-history"><small>(The opposing Cubone lost <abbr title="−21/21">100%</abbr> of its health!)</small><br></div><div class="battle-history"><small>Scraggy knocked off the opposing Cubone's Thick Club!</small><br></div><div class="spacer battle-history"><br></div><div class="battle-history">The opposing Cubone fainted!<br></div><div class="spacer battle-history"><br></div><div class="battle-history">RafanPM sent out <strong>Numel</strong>!<br></div><div class="spacer battle-history"><br></div><h2 class="battle-history">Turn 19</h2><div class="spacer battle-history"><br></div><div class="battle-history">Scraggy used <strong>Drain Punch</strong>!<br></div><div class="battle-history"><small>(The opposing Numel lost <abbr title="−9/23">39.1%</abbr> of its health!)</small><br></div><div class="battle-history"><small>The opposing Numel had its energy drained!</small><br></div><div class="spacer battle-history"><br></div><div class="battle-history">The opposing Numel fainted!<br></div><div class="chat chatmessage-bypassed"><strong style="color:hsl(181,44%,49.60290945065863%)"><small>★</small><span class="username" data-name="Bypassed">Bypassed</span>:</strong> <em>gg. :3</em></div><div class="spacer battle-history"><br></div><div class="battle-history">RafanPM sent out <strong>Diglett</strong>!<br></div><div class="spacer battle-history"><br></div><h2 class="battle-history">Turn 20</h2><div class="spacer battle-history"><br></div><div class="battle-history">The opposing Diglett used <strong>Sucker Punch</strong>!<br></div><div class="battle-history"><small>It's not very effective...</small><br></div><div class="battle-history"><small>(Scraggy lost <abbr title="−1/22">4.5%</abbr> of its health!)</small><br></div><div class="battle-history"><small>The opposing Diglett lost some of its HP!</small><br></div><div class="spacer battle-history"><br></div><div class="battle-history">Scraggy used <strong>Knock Off</strong>!<br></div><div class="battle-history"><small>(The opposing Diglett lost <abbr title="−8/18">44.4%</abbr> of its health!)</small><br></div><div class="battle-history"><small>Scraggy knocked off the opposing Diglett's Life Orb!</small><br></div><div class="spacer battle-history"><br></div><div class="battle-history">The opposing Diglett fainted!<br></div><div class="spacer battle-history"><br></div><div class="battle-history"><strong>Bypassed</strong> won the battle!<br></div><div class="chat chatmessage-rafanpm"><strong style="color:hsl(274,45%,54.721668588339206%)"><small>★</small><span class="username" data-name="RafanPM">RafanPM</span>:</strong> <em>gg</em></div></div><div class="inner-preempt"></div></div></div>
</div>
<script>
let daily = Math.floor(Date.now()/1000/60/60/24);document.write('<script src="https://play.pokemonshowdown.com/js/replay-embed.js?version'+daily+'"></'+'script>');
</script>
