<!DOCTYPE html>
<meta charset="utf-8" />
<!-- version 1 -->
<title>LC replay: joltage vs. tko</title>
<style>
html,body {font-family:Verdana, sans-serif;font-size:10pt;margin:0;padding:0;}body{padding:12px 0;} .battle-log {font-family:Verdana, sans-serif;font-size:10pt;} .battle-log-inline {border:1px solid #AAAAAA;background:#EEF2F5;color:black;max-width:640px;margin:0 auto 80px;padding-bottom:5px;} .battle-log .inner {padding:4px 8px 0px 8px;} .battle-log .inner-preempt {padding:0 8px 4px 8px;} .battle-log .inner-after {margin-top:0.5em;} .battle-log h2 {margin:0.5em -8px;padding:4px 8px;border:1px solid #AAAAAA;background:#E0E7EA;border-left:0;border-right:0;font-family:Verdana, sans-serif;font-size:13pt;} .battle-log .chat {vertical-align:middle;padding:3px 0 3px 0;font-size:8pt;} .battle-log .chat strong {color:#40576A;} .battle-log .chat em {padding:1px 4px 1px 3px;color:#000000;font-style:normal;} .chat.mine {background:rgba(0,0,0,0.05);margin-left:-8px;margin-right:-8px;padding-left:8px;padding-right:8px;} .spoiler {color:#BBBBBB;background:#BBBBBB;padding:0px 3px;} .spoiler:hover, .spoiler:active, .spoiler-shown {color:#000000;background:#E2E2E2;padding:0px 3px;} .spoiler a {color:#BBBBBB;} .spoiler:hover a, .spoiler:active a, .spoiler-shown a {color:#2288CC;} .chat code, .chat .spoiler:hover code, .chat .spoiler:active code, .chat .spoiler-shown code {border:1px solid #C0C0C0;background:#EEEEEE;color:black;padding:0 2px;} .chat .spoiler code {border:1px solid #CCCCCC;background:#CCCCCC;color:#CCCCCC;} .battle-log .rated {padding:3px 4px;} .battle-log .rated strong {color:white;background:#89A;padding:1px 4px;border-radius:4px;} .spacer {margin-top:0.5em;} .message-announce {background:#6688AA;color:white;padding:1px 4px 2px;} .message-announce a, .broadcast-green a, .broadcast-blue a, .broadcast-red a {color:#DDEEFF;} .broadcast-green {background-color:#559955;color:white;padding:2px 4px;} .broadcast-blue {background-color:#6688AA;color:white;padding:2px 4px;} .infobox {border:1px solid #6688AA;padding:2px 4px;} .infobox-limited {max-height:200px;overflow:auto;overflow-x:hidden;} .broadcast-red {background-color:#AA5544;color:white;padding:2px 4px;} .message-learn-canlearn {font-weight:bold;color:#228822;text-decoration:underline;} .message-learn-cannotlearn {font-weight:bold;color:#CC2222;text-decoration:underline;} .message-effect-weak {font-weight:bold;color:#CC2222;} .message-effect-resist {font-weight:bold;color:#6688AA;} .message-effect-immune {font-weight:bold;color:#666666;} .message-learn-list {margin-top:0;margin-bottom:0;} .message-throttle-notice, .message-error {color:#992222;} .message-overflow, .chat small.message-overflow {font-size:0pt;} .message-overflow::before {font-size:9pt;content:'...';} .subtle {color:#3A4A66;}
</style>
<div class="wrapper replay-wrapper" style="max-width:1180px;margin:0 auto">
<input type="hidden" name="replayid" value="smogtours-lc-231615" />
<div class="battle"></div><div class="battle-log"></div><div class="replay-controls"></div><div class="replay-controls-2"></div>
<h1 style="font-weight:normal;text-align:center"><strong>LC</strong><br /><a href="http://pokemonshowdown.com/users/joltage" class="subtle" target="_blank">joltage</a> vs. <a href="http://pokemonshowdown.com/users/tko" class="subtle" target="_blank">tko</a></h1>
<script type="text/plain" class="battle-log-data">|inactive|Battle timer is ON: inactive players will automatically lose when time's up.
|J|joltage
|J|tko
|player|p1|joltage|239
|player|p2|tko|73
|gametype|singles
|gen|6
|tier|LC
|seed|18097,58739,43712,4224
|clearpoke
|poke|p1|Archen, L5, M|item
|poke|p1|Staryu, L5|item
|poke|p1|Hippopotas, L5, M|item
|poke|p1|Cottonee, L5, M|item
|poke|p1|Magnemite, L5|item
|poke|p1|Croagunk, L5, F|item
|poke|p2|Omanyte, L5, M|item
|poke|p2|Cottonee, L5, F|item
|poke|p2|Gastly, L5, F|item
|poke|p2|Magnemite, L5|item
|poke|p2|Vullaby, L5, F|item
|poke|p2|Diglett, L5, M|item
|rule|Sleep Clause Mod: Limit one foe put to sleep
|rule|Species Clause: Limit one of each Pokémon
|rule|OHKO Clause: OHKO moves are banned
|rule|Moody Clause: Moody is banned
|rule|Evasion Moves Clause: Evasion moves are banned
|rule|Endless Battle Clause: Forcing endless battles is banned
|rule|HP Percentage Mod: HP is shown in percentages
|teampreview
|c|★tko|am i using ur team
|c|★joltage|idk lemme check
|c|★tko|i think i am.
|c|★tko|f
|c|★joltage|yeah looks like it
|choice|team 3, team 2, team 1, team 4, team 5, team 6|team 5, team 2, team 3, team 4, team 1, team 6
|
|start
|switch|p1a: Hippopotas|Hippopotas, L5, M|25\/25
|switch|p2a: Vullaby|Vullaby, L5, F|25\/25
|-weather|Sandstorm|[from] ability: Sand Stream|[of] p1a: Hippopotas
|turn|1
|choice|move stealthrock|move knockoff
|
|move|p2a: Vullaby|Knock Off|p1a: Hippopotas
|-crit|p1a: Hippopotas
|-damage|p1a: Hippopotas|13\/25
|-enditem|p1a: Hippopotas|Eviolite|[from] move: Knock Off|[of] p2a: Vullaby
|move|p1a: Hippopotas|Stealth Rock|p2a: Vullaby
|-sidestart|p2: tko|move: Stealth Rock
|
|-weather|Sandstorm|[upkeep]
|upkeep
|turn|2
|choice|move slackoff|move knockoff
|
|move|p2a: Vullaby|Knock Off|p1a: Hippopotas
|-damage|p1a: Hippopotas|6\/25
|move|p1a: Hippopotas|Slack Off|p1a: Hippopotas
|-heal|p1a: Hippopotas|19\/25
|
|-weather|Sandstorm|[upkeep]
|upkeep
|turn|3
|choice|move rocktomb|move knockoff
|
|move|p2a: Vullaby|Knock Off|p1a: Hippopotas
|-damage|p1a: Hippopotas|12\/25
|move|p1a: Hippopotas|Rock Tomb|p2a: Vullaby
|-supereffective|p2a: Vullaby
|-damage|p2a: Vullaby|17\/25
|-unboost|p2a: Vullaby|spe|1
|
|-weather|Sandstorm|[upkeep]
|upkeep
|turn|4
|choice|move slackoff|move uturn
|
|move|p1a: Hippopotas|Slack Off|p1a: Hippopotas
|-heal|p1a: Hippopotas|25\/25
|move|p2a: Vullaby|U-turn|p1a: Hippopotas
|-damage|p1a: Hippopotas|19\/25
|choice||switch 2
|
|switch|p2a: Cottonee|Cottonee, L5, F|21\/21
|-damage|p2a: Cottonee|19\/21|[from] Stealth Rock
|
|-weather|Sandstorm|[upkeep]
|-damage|p2a: Cottonee|18\/21|[from] sandstorm
|upkeep
|turn|5
|choice|switch 4|move knockoff
|
|switch|p1a: Cottonee|Cottonee, L5, M|23\/23
|move|p2a: Cottonee|Knock Off|p1a: Cottonee
|-resisted|p1a: Cottonee
|-damage|p1a: Cottonee|22\/23
|-enditem|p1a: Cottonee|Eviolite|[from] move: Knock Off|[of] p2a: Cottonee
|
|-weather|none
|upkeep
|turn|6
|choice|move knockoff|move dazzlinggleam
|
|move|p2a: Cottonee|Dazzling Gleam|p1a: Cottonee
|-damage|p1a: Cottonee|13\/23
|move|p1a: Cottonee|Knock Off|p2a: Cottonee
|-resisted|p2a: Cottonee
|-damage|p2a: Cottonee|16\/21
|-enditem|p2a: Cottonee|Eviolite|[from] move: Knock Off|[of] p1a: Cottonee
|
|upkeep
|turn|7
|choice|switch 5|move encore
|
|switch|p1a: Magnemite|Magnemite, L5|19\/19
|move|p2a: Cottonee|Encore|p1a: Magnemite
|-fail|p1a: Magnemite
|
|upkeep
|turn|8
|J|6-0nMyShoulders
|choice|move voltswitch|switch 4
|
|switch|p2a: Magnemite|Magnemite, L5|20\/20
|-damage|p2a: Magnemite|19\/20|[from] Stealth Rock
|move|p1a: Magnemite|Volt Switch|p2a: Magnemite
|-resisted|p2a: Magnemite
|-damage|p2a: Magnemite|15\/20
|choice|switch 4|
|
|switch|p1a: Hippopotas|Hippopotas, L5, M|19\/25
|-weather|Sandstorm|[from] ability: Sand Stream|[of] p1a: Hippopotas
|
|-weather|Sandstorm|[upkeep]
|upkeep
|turn|9
|choice|move earthquake|switch 4
|
|switch|p2a: Cottonee|Cottonee, L5, F|16\/21
|-damage|p2a: Cottonee|14\/21|[from] Stealth Rock
|move|p1a: Hippopotas|Earthquake|p2a: Cottonee
|-resisted|p2a: Cottonee
|-damage|p2a: Cottonee|8\/21
|
|-weather|Sandstorm|[upkeep]
|-damage|p2a: Cottonee|7\/21|[from] sandstorm
|upkeep
|turn|10
|choice|move earthquake|move dazzlinggleam
|
|move|p2a: Cottonee|Dazzling Gleam|p1a: Hippopotas
|-damage|p1a: Hippopotas|10\/25
|move|p1a: Hippopotas|Earthquake|p2a: Cottonee
|-resisted|p2a: Cottonee
|-crit|p2a: Cottonee
|-damage|p2a: Cottonee|0 fnt
|faint|p2a: Cottonee
|
|-weather|Sandstorm|[upkeep]
|upkeep
|choice||switch 6
|
|switch|p2a: Diglett|Diglett, L5, M|18\/18
|-damage|p2a: Diglett|17\/18|[from] Stealth Rock
|turn|11
|choice|move earthquake|move earthquake
|
|move|p2a: Diglett|Earthquake|p1a: Hippopotas
|-crit|p1a: Hippopotas
|-damage|p1a: Hippopotas|0 fnt
|-damage|p2a: Diglett|16\/18|[from] item: Life Orb
|faint|p1a: Hippopotas
|
|-weather|Sandstorm|[upkeep]
|upkeep
|choice|switch 2|
|
|switch|p1a: Staryu|Staryu, L5|20\/20
|turn|12
|choice|move scald|move earthquake
|
|move|p2a: Diglett|Earthquake|p1a: Staryu
|-damage|p1a: Staryu|7\/20
|-damage|p2a: Diglett|15\/18|[from] item: Life Orb
|move|p1a: Staryu|Scald|p2a: Diglett
|-supereffective|p2a: Diglett
|-damage|p2a: Diglett|0 fnt
|faint|p2a: Diglett
|
|-weather|none
|upkeep
|choice||switch 4
|
|switch|p2a: Magnemite|Magnemite, L5|15\/20
|-damage|p2a: Magnemite|14\/20|[from] Stealth Rock
|turn|13
|choice|switch 4|move voltswitch
|
|switch|p1a: Magnemite|Magnemite, L5|19\/19
|move|p2a: Magnemite|Volt Switch|p1a: Magnemite
|-resisted|p1a: Magnemite
|-damage|p1a: Magnemite|13\/19
|choice||switch 3
|
|switch|p2a: Gastly|Gastly, L5, F|19\/19
|-damage|p2a: Gastly|17\/19|[from] Stealth Rock
|
|upkeep
|turn|14
|J|partys over
|choice|move voltswitch|move hiddenpower
|
|move|p1a: Magnemite|Volt Switch|p2a: Gastly
|-damage|p2a: Gastly|0 fnt
|faint|p2a: Gastly
|J|ItzViper482
|choice|switch 4|
|
|switch|p1a: Staryu|Staryu, L5|7\/20
|
|upkeep
|choice||switch 3
|
|switch|p2a: Magnemite|Magnemite, L5|14\/20
|-damage|p2a: Magnemite|13\/20|[from] Stealth Rock
|turn|15
|choice|move scald|move thunderbolt
|
|move|p1a: Staryu|Scald|p2a: Magnemite
|-damage|p2a: Magnemite|4\/20
|move|p2a: Magnemite|Thunderbolt|p1a: Staryu
|-supereffective|p1a: Staryu
|-damage|p1a: Staryu|0 fnt
|faint|p1a: Staryu
|
|upkeep
|choice|switch 3|
|
|switch|p1a: Archen|Archen, L5, M|22\/22
|turn|16
|choice|move earthquake|move thunderbolt
|
|move|p1a: Archen|Earthquake|p2a: Magnemite
|-supereffective|p2a: Magnemite
|-damage|p2a: Magnemite|0 fnt
|faint|p2a: Magnemite
|
|upkeep
|choice||switch 5
|
|switch|p2a: Omanyte|Omanyte, L5, M|21\/21
|-damage|p2a: Omanyte|19\/21|[from] Stealth Rock
|turn|17
|choice|switch 5|move icebeam
|
|switch|p1a: Cottonee|Cottonee, L5, M|13\/23
|move|p2a: Omanyte|Ice Beam|p1a: Cottonee
|-supereffective|p1a: Cottonee
|-crit|p1a: Cottonee
|-damage|p1a: Cottonee|0 fnt
|faint|p1a: Cottonee
|
|upkeep
|choice|switch 4|
|
|switch|p1a: Magnemite|Magnemite, L5|13\/19
|turn|18
|choice|move thunderbolt|switch 2
|
|switch|p2a: Vullaby|Vullaby, L5, F|17\/25
|-damage|p2a: Vullaby|11\/25|[from] Stealth Rock
|move|p1a: Magnemite|Thunderbolt|p2a: Vullaby
|-supereffective|p2a: Vullaby
|-damage|p2a: Vullaby|0 fnt
|faint|p2a: Vullaby
|
|upkeep
|choice||switch 2
|
|switch|p2a: Omanyte|Omanyte, L5, M|19\/21
|-damage|p2a: Omanyte|17\/21|[from] Stealth Rock
|turn|19
|choice|move thunderbolt|move earthpower
|
|move|p1a: Magnemite|Thunderbolt|p2a: Omanyte
|-supereffective|p2a: Omanyte
|-damage|p2a: Omanyte|0 fnt
|faint|p2a: Omanyte
|
|win|joltage</script>
</div>
<div class="battle-log battle-log-inline"><div class="inner"><div class="battle-options"></div><div class="inner"><div class="chat message-error">Battle timer is ON: inactive players will automatically lose when time's up.</div><div class=""><small>Format:</small> <br><strong>LC</strong></div><div class=""><small><em>Sleep Clause Mod:</em> Limit one foe put to sleep</small></div><div class=""><small><em>Species Clause:</em> Limit one of each Pokémon</small></div><div class=""><small><em>OHKO Clause:</em> OHKO moves are banned</small></div><div class=""><small><em>Moody Clause:</em> Moody is banned</small></div><div class=""><small><em>Evasion Moves Clause:</em> Evasion moves are banned</small></div><div class=""><small><em>Endless Battle Clause:</em> Forcing endless battles is banned</small></div><div class=""><small><em>HP Percentage Mod:</em> HP is shown in percentages</small></div><div class="chat battle-history"><strong>joltage's team:</strong> <em style="color:#445566;display:block;">Archen / Staryu / Hippopotas / Cottonee / Magnemite / Croagunk</em></div><div class="chat battle-history"><strong>tko's team:</strong> <em style="color:#445566;display:block;">Omanyte / Cottonee / Gastly / Magnemite / Vullaby / Diglett</em></div><div class="chat chatmessage-tko"><strong style="color:hsl(152,69%,38.419153807401294%)"><small>★</small><span class="username" data-name="tko">tko</span>:</strong> <em>am i using ur team</em></div><div class="chat chatmessage-joltage"><strong style="color:hsl(135,42%,44%)"><small>★</small><span class="username" data-name="joltage">joltage</span>:</strong> <em>idk lemme check</em></div><div class="chat chatmessage-tko"><strong style="color:hsl(152,69%,38.419153807401294%)"><small>★</small><span class="username" data-name="tko">tko</span>:</strong> <em>i think i am.</em></div><div class="chat chatmessage-tko"><strong style="color:hsl(152,69%,38.419153807401294%)"><small>★</small><span class="username" data-name="tko">tko</span>:</strong> <em>f</em></div><div class="chat chatmessage-joltage"><strong style="color:hsl(135,42%,44%)"><small>★</small><span class="username" data-name="joltage">joltage</span>:</strong> <em>yeah looks like it</em></div><div class="spacer battle-history"><br></div><div class="battle-history">Battle started between joltage and tko!<br></div><div class="spacer battle-history"><br></div><div class="battle-history">Go! <strong>Hippopotas</strong>!<br></div><div class="spacer battle-history"><br></div><div class="battle-history">tko sent out <strong>Vullaby</strong>!<br></div><div class="battle-history"><small>[Hippopotas's Sand Stream]</small><br><small>A sandstorm kicked up!</small><br></div><div class="spacer battle-history"><br></div><h2 class="battle-history">Turn 1</h2><div class="spacer battle-history"><br></div><div class="battle-history">The opposing Vullaby used <strong>Knock Off</strong>!<br></div><div class="battle-history"><small>A critical hit!</small><br></div><div class="battle-history"><small>(Hippopotas lost <abbr title="−12/25">48%</abbr> of its health!)</small><br></div><div class="battle-history"><small>The opposing Vullaby knocked off Hippopotas's Eviolite!</small><br></div><div class="spacer battle-history"><br></div><div class="battle-history">Hippopotas used <strong>Stealth Rock</strong>!<br></div><div class="battle-history"><small>Pointed stones float in the air around the opposing team!</small><br></div><div class="spacer battle-history"><br></div><div class="battle-history"><small>The sandstorm is raging.</small><br></div><div class="spacer battle-history"><br></div><h2 class="battle-history">Turn 2</h2><div class="spacer battle-history"><br></div><div class="battle-history">The opposing Vullaby used <strong>Knock Off</strong>!<br></div><div class="battle-history"><small>(Hippopotas lost <abbr title="−7/25">28.0%</abbr> of its health!)</small><br></div><div class="spacer battle-history"><br></div><div class="battle-history">Hippopotas used <strong>Slack Off</strong>!<br></div><div class="battle-history"><small>Hippopotas restored its HP.</small><br></div><div class="spacer battle-history"><br></div><div class="battle-history"><small>The sandstorm is raging.</small><br></div><div class="spacer battle-history"><br></div><h2 class="battle-history">Turn 3</h2><div class="spacer battle-history"><br></div><div class="battle-history">The opposing Vullaby used <strong>Knock Off</strong>!<br></div><div class="battle-history"><small>(Hippopotas lost <abbr title="−7/25">28.0%</abbr> of its health!)</small><br></div><div class="spacer battle-history"><br></div><div class="battle-history">Hippopotas used <strong>Rock Tomb</strong>!<br></div><div class="battle-history"><small>It's super effective!</small><br></div><div class="battle-history"><small>(The opposing Vullaby lost <abbr title="−8/25">32%</abbr> of its health!)</small><br></div><div class="battle-history"><small>The opposing Vullaby's Speed fell!</small><br></div><div class="spacer battle-history"><br></div><div class="battle-history"><small>The sandstorm is raging.</small><br></div><div class="spacer battle-history"><br></div><h2 class="battle-history">Turn 4</h2><div class="spacer battle-history"><br></div><div class="battle-history">Hippopotas used <strong>Slack Off</strong>!<br></div><div class="battle-history"><small>Hippopotas restored its HP.</small><br></div><div class="spacer battle-history"><br></div><div class="battle-history">The opposing Vullaby used <strong>U-turn</strong>!<br></div><div class="battle-history"><small>(Hippopotas lost <abbr title="−6/25">24%</abbr> of its health!)</small><br></div><div class="spacer battle-history"><br></div><div class="battle-history">The opposing Vullaby went back to tko!<br></div><div class="battle-history">tko sent out <strong>Cottonee</strong>!<br></div><div class="battle-history"><small>Pointed stones dug into the opposing Cottonee!</small><br></div><div class="spacer battle-history"><br></div><div class="battle-history"><small>The sandstorm is raging.</small><br></div><div class="battle-history"><small>The opposing Cottonee is buffeted by the sandstorm!</small><br></div><div class="spacer battle-history"><br></div><h2 class="battle-history">Turn 5</h2><div class="spacer battle-history"><br></div><div class="battle-history">Hippopotas, come back!<br></div><div class="battle-history">Go! <strong>Cottonee</strong>!<br></div><div class="spacer battle-history"><br></div><div class="battle-history">The opposing Cottonee used <strong>Knock Off</strong>!<br></div><div class="battle-history"><small>It's not very effective...</small><br></div><div class="battle-history"><small>(Cottonee lost <abbr title="−1/23">4.3%</abbr> of its health!)</small><br></div><div class="battle-history"><small>The opposing Cottonee knocked off Cottonee's Eviolite!</small><br></div><div class="spacer battle-history"><br></div><div class="battle-history"><small>The sandstorm subsided.</small><br></div><div class="spacer battle-history"><br></div><h2 class="battle-history">Turn 6</h2><div class="spacer battle-history"><br></div><div class="battle-history">The opposing Cottonee used <strong>Dazzling Gleam</strong>!<br></div><div class="battle-history"><small>(Cottonee lost <abbr title="−9/23">39.1%</abbr> of its health!)</small><br></div><div class="spacer battle-history"><br></div><div class="battle-history">Cottonee used <strong>Knock Off</strong>!<br></div><div class="battle-history"><small>It's not very effective...</small><br></div><div class="battle-history"><small>(The opposing Cottonee lost <abbr title="−2/21">9.5%</abbr> of its health!)</small><br></div><div class="battle-history"><small>Cottonee knocked off the opposing Cottonee's Eviolite!</small><br></div><div class="spacer battle-history"><br></div><h2 class="battle-history">Turn 7</h2><div class="spacer battle-history"><br></div><div class="battle-history">Cottonee, come back!<br></div><div class="battle-history">Go! <strong>Magnemite</strong>!<br></div><div class="spacer battle-history"><br></div><div class="battle-history">The opposing Cottonee used <strong>Encore</strong>!<br></div><div class="battle-history"><small>But it failed!</small><br></div><div class="spacer battle-history"><br></div><h2 class="battle-history">Turn 8</h2><div class="spacer battle-history"><br></div><div class="battle-history">tko withdrew Cottonee!<br></div><div class="battle-history">tko sent out <strong>Magnemite</strong>!<br></div><div class="battle-history"><small>Pointed stones dug into the opposing Magnemite!</small><br></div><div class="spacer battle-history"><br></div><div class="battle-history">Magnemite used <strong>Volt Switch</strong>!<br></div><div class="battle-history"><small>It's not very effective...</small><br></div><div class="battle-history"><small>(The opposing Magnemite lost <abbr title="−4/20">20%</abbr> of its health!)</small><br></div><div class="spacer battle-history"><br></div><div class="battle-history">Magnemite went back to joltage!<br></div><div class="battle-history">Go! <strong>Hippopotas</strong>!<br></div><div class="battle-history"><small>[Hippopotas's Sand Stream]</small><br><small>A sandstorm kicked up!</small><br></div><div class="spacer battle-history"><br></div><div class="battle-history"><small>The sandstorm is raging.</small><br></div><div class="spacer battle-history"><br></div><h2 class="battle-history">Turn 9</h2><div class="spacer battle-history"><br></div><div class="battle-history">tko withdrew Magnemite!<br></div><div class="battle-history">tko sent out <strong>Cottonee</strong>!<br></div><div class="battle-history"><small>Pointed stones dug into the opposing Cottonee!</small><br></div><div class="spacer battle-history"><br></div><div class="battle-history">Hippopotas used <strong>Earthquake</strong>!<br></div><div class="battle-history"><small>It's not very effective...</small><br></div><div class="battle-history"><small>(The opposing Cottonee lost <abbr title="−6/21">28.6%</abbr> of its health!)</small><br></div><div class="spacer battle-history"><br></div><div class="battle-history"><small>The sandstorm is raging.</small><br></div><div class="battle-history"><small>The opposing Cottonee is buffeted by the sandstorm!</small><br></div><div class="spacer battle-history"><br></div><h2 class="battle-history">Turn 10</h2><div class="spacer battle-history"><br></div><div class="battle-history">The opposing Cottonee used <strong>Dazzling Gleam</strong>!<br></div><div class="battle-history"><small>(Hippopotas lost <abbr title="−9/25">36%</abbr> of its health!)</small><br></div><div class="spacer battle-history"><br></div><div class="battle-history">Hippopotas used <strong>Earthquake</strong>!<br></div><div class="battle-history"><small>It's not very effective...</small><br></div><div class="battle-history"><small>A critical hit!</small><br></div><div class="battle-history"><small>(The opposing Cottonee lost <abbr title="−7/21">33.3%</abbr> of its health!)</small><br></div><div class="spacer battle-history"><br></div><div class="battle-history">The opposing Cottonee fainted!<br></div><div class="spacer battle-history"><br></div><div class="battle-history"><small>The sandstorm is raging.</small><br></div><div class="spacer battle-history"><br></div><div class="battle-history">tko sent out <strong>Diglett</strong>!<br></div><div class="battle-history"><small>Pointed stones dug into the opposing Diglett!</small><br></div><div class="spacer battle-history"><br></div><h2 class="battle-history">Turn 11</h2><div class="spacer battle-history"><br></div><div class="battle-history">The opposing Diglett used <strong>Earthquake</strong>!<br></div><div class="battle-history"><small>A critical hit!</small><br></div><div class="battle-history"><small>(Hippopotas lost <abbr title="−10/25">40%</abbr> of its health!)</small><br></div><div class="battle-history"><small>The opposing Diglett lost some of its HP!</small><br></div><div class="spacer battle-history"><br></div><div class="battle-history">Hippopotas fainted!<br></div><div class="spacer battle-history"><br></div><div class="battle-history"><small>The sandstorm is raging.</small><br></div><div class="spacer battle-history"><br></div><div class="battle-history">Go! <strong>Staryu</strong>!<br></div><div class="spacer battle-history"><br></div><h2 class="battle-history">Turn 12</h2><div class="spacer battle-history"><br></div><div class="battle-history">The opposing Diglett used <strong>Earthquake</strong>!<br></div><div class="battle-history"><small>(Staryu lost <abbr title="−13/20">65%</abbr> of its health!)</small><br></div><div class="battle-history"><small>The opposing Diglett lost some of its HP!</small><br></div><div class="spacer battle-history"><br></div><div class="battle-history">Staryu used <strong>Scald</strong>!<br></div><div class="battle-history"><small>It's super effective!</small><br></div><div class="battle-history"><small>(The opposing Diglett lost <abbr title="−15/18">83.3%</abbr> of its health!)</small><br></div><div class="spacer battle-history"><br></div><div class="battle-history">The opposing Diglett fainted!<br></div><div class="spacer battle-history"><br></div><div class="battle-history"><small>The sandstorm subsided.</small><br></div><div class="spacer battle-history"><br></div><div class="battle-history">tko sent out <strong>Magnemite</strong>!<br></div><div class="battle-history"><small>Pointed stones dug into the opposing Magnemite!</small><br></div><div class="spacer battle-history"><br></div><h2 class="battle-history">Turn 13</h2><div class="spacer battle-history"><br></div><div class="battle-history">Staryu, come back!<br></div><div class="battle-history">Go! <strong>Magnemite</strong>!<br></div><div class="spacer battle-history"><br></div><div class="battle-history">The opposing Magnemite used <strong>Volt Switch</strong>!<br></div><div class="battle-history"><small>It's not very effective...</small><br></div><div class="battle-history"><small>(Magnemite lost <abbr title="−6/19">31.6%</abbr> of its health!)</small><br></div><div class="spacer battle-history"><br></div><div class="battle-history">The opposing Magnemite went back to tko!<br></div><div class="battle-history">tko sent out <strong>Gastly</strong>!<br></div><div class="battle-history"><small>Pointed stones dug into the opposing Gastly!</small><br></div><div class="spacer battle-history"><br></div><h2 class="battle-history">Turn 14</h2><div class="spacer battle-history"><br></div><div class="battle-history">Magnemite used <strong>Volt Switch</strong>!<br></div><div class="battle-history"><small>(The opposing Gastly lost <abbr title="−17/19">89.5%</abbr> of its health!)</small><br></div><div class="spacer battle-history"><br></div><div class="battle-history">The opposing Gastly fainted!<br></div><div class="spacer battle-history"><br></div><div class="battle-history">Magnemite went back to joltage!<br></div><div class="battle-history">Go! <strong>Staryu</strong>!<br></div><div class="spacer battle-history"><br></div><div class="battle-history">tko sent out <strong>Magnemite</strong>!<br></div><div class="battle-history"><small>Pointed stones dug into the opposing Magnemite!</small><br></div><div class="spacer battle-history"><br></div><h2 class="battle-history">Turn 15</h2><div class="spacer battle-history"><br></div><div class="battle-history">Staryu used <strong>Scald</strong>!<br></div><div class="battle-history"><small>(The opposing Magnemite lost <abbr title="−9/20">45%</abbr> of its health!)</small><br></div><div class="spacer battle-history"><br></div><div class="battle-history">The opposing Magnemite used <strong>Thunderbolt</strong>!<br></div><div class="battle-history"><small>It's super effective!</small><br></div><div class="battle-history"><small>(Staryu lost <abbr title="−7/20">35%</abbr> of its health!)</small><br></div><div class="spacer battle-history"><br></div><div class="battle-history">Staryu fainted!<br></div><div class="spacer battle-history"><br></div><div class="battle-history">Go! <strong>Archen</strong>!<br></div><div class="spacer battle-history"><br></div><h2 class="battle-history">Turn 16</h2><div class="spacer battle-history"><br></div><div class="battle-history">Archen used <strong>Earthquake</strong>!<br></div><div class="battle-history"><small>It's super effective!</small><br></div><div class="battle-history"><small>(The opposing Magnemite lost <abbr title="−4/20">20%</abbr> of its health!)</small><br></div><div class="spacer battle-history"><br></div><div class="battle-history">The opposing Magnemite fainted!<br></div><div class="spacer battle-history"><br></div><div class="battle-history">tko sent out <strong>Omanyte</strong>!<br></div><div class="battle-history"><small>Pointed stones dug into the opposing Omanyte!</small><br></div><div class="spacer battle-history"><br></div><h2 class="battle-history">Turn 17</h2><div class="spacer battle-history"><br></div><div class="battle-history">Archen, come back!<br></div><div class="battle-history">Go! <strong>Cottonee</strong>!<br></div><div class="spacer battle-history"><br></div><div class="battle-history">The opposing Omanyte used <strong>Ice Beam</strong>!<br></div><div class="battle-history"><small>It's super effective!</small><br></div><div class="battle-history"><small>A critical hit!</small><br></div><div class="battle-history"><small>(Cottonee lost <abbr title="−13/23">56.5%</abbr> of its health!)</small><br></div><div class="spacer battle-history"><br></div><div class="battle-history">Cottonee fainted!<br></div><div class="spacer battle-history"><br></div><div class="battle-history">Go! <strong>Magnemite</strong>!<br></div><div class="spacer battle-history"><br></div><h2 class="battle-history">Turn 18</h2><div class="spacer battle-history"><br></div><div class="battle-history">tko withdrew Omanyte!<br></div><div class="battle-history">tko sent out <strong>Vullaby</strong>!<br></div><div class="battle-history"><small>Pointed stones dug into the opposing Vullaby!</small><br></div><div class="spacer battle-history"><br></div><div class="battle-history">Magnemite used <strong>Thunderbolt</strong>!<br></div><div class="battle-history"><small>It's super effective!</small><br></div><div class="battle-history"><small>(The opposing Vullaby lost <abbr title="−11/25">44%</abbr> of its health!)</small><br></div><div class="spacer battle-history"><br></div><div class="battle-history">The opposing Vullaby fainted!<br></div><div class="spacer battle-history"><br></div><div class="battle-history">tko sent out <strong>Omanyte</strong>!<br></div><div class="battle-history"><small>Pointed stones dug into the opposing Omanyte!</small><br></div><div class="spacer battle-history"><br></div><h2 class="battle-history">Turn 19</h2><div class="spacer battle-history"><br></div><div class="battle-history">Magnemite used <strong>Thunderbolt</strong>!<br></div><div class="battle-history"><small>It's super effective!</small><br></div><div class="battle-history"><small>(The opposing Omanyte lost <abbr title="−17/21">81.0%</abbr> of its health!)</small><br></div><div class="spacer battle-history"><br></div><div class="battle-history">The opposing Omanyte fainted!<br></div><div class="spacer battle-history"><br></div><div class="battle-history"><strong>joltage</strong> won the battle!<br></div></div><div class="inner-preempt"></div></div></div>
</div>
<script>
let daily = Math.floor(Date.now()/1000/60/60/24);document.write('<script src="https://play.pokemonshowdown.com/js/replay-embed.js?version'+daily+'"></'+'script>');
</script>
