<!DOCTYPE html>
<meta charset="utf-8" />
<!-- version 1 -->
<title>LC replay: pool88888 vs. Kretzel23</title>
<style>
html,body {font-family:Verdana, sans-serif;font-size:10pt;margin:0;padding:0;}body{padding:12px 0;} .battle-log {font-family:Verdana, sans-serif;font-size:10pt;} .battle-log-inline {border:1px solid #AAAAAA;background:#EEF2F5;color:black;max-width:640px;margin:0 auto 80px;padding-bottom:5px;} .battle-log .inner {padding:4px 8px 0px 8px;} .battle-log .inner-preempt {padding:0 8px 4px 8px;} .battle-log .inner-after {margin-top:0.5em;} .battle-log h2 {margin:0.5em -8px;padding:4px 8px;border:1px solid #AAAAAA;background:#E0E7EA;border-left:0;border-right:0;font-family:Verdana, sans-serif;font-size:13pt;} .battle-log .chat {vertical-align:middle;padding:3px 0 3px 0;font-size:8pt;} .battle-log .chat strong {color:#40576A;} .battle-log .chat em {padding:1px 4px 1px 3px;color:#000000;font-style:normal;} .chat.mine {background:rgba(0,0,0,0.05);margin-left:-8px;margin-right:-8px;padding-left:8px;padding-right:8px;} .spoiler {color:#BBBBBB;background:#BBBBBB;padding:0px 3px;} .spoiler:hover, .spoiler:active, .spoiler-shown {color:#000000;background:#E2E2E2;padding:0px 3px;} .spoiler a {color:#BBBBBB;} .spoiler:hover a, .spoiler:active a, .spoiler-shown a {color:#2288CC;} .chat code, .chat .spoiler:hover code, .chat .spoiler:active code, .chat .spoiler-shown code {border:1px solid #C0C0C0;background:#EEEEEE;color:black;padding:0 2px;} .chat .spoiler code {border:1px solid #CCCCCC;background:#CCCCCC;color:#CCCCCC;} .battle-log .rated {padding:3px 4px;} .battle-log .rated strong {color:white;background:#89A;padding:1px 4px;border-radius:4px;} .spacer {margin-top:0.5em;} .message-announce {background:#6688AA;color:white;padding:1px 4px 2px;} .message-announce a, .broadcast-green a, .broadcast-blue a, .broadcast-red a {color:#DDEEFF;} .broadcast-green {background-color:#559955;color:white;padding:2px 4px;} .broadcast-blue {background-color:#6688AA;color:white;padding:2px 4px;} .infobox {border:1px solid #6688AA;padding:2px 4px;} .infobox-limited {max-height:200px;overflow:auto;overflow-x:hidden;} .broadcast-red {background-color:#AA5544;color:white;padding:2px 4px;} .message-learn-canlearn {font-weight:bold;color:#228822;text-decoration:underline;} .message-learn-cannotlearn {font-weight:bold;color:#CC2222;text-decoration:underline;} .message-effect-weak {font-weight:bold;color:#CC2222;} .message-effect-resist {font-weight:bold;color:#6688AA;} .message-effect-immune {font-weight:bold;color:#666666;} .message-learn-list {margin-top:0;margin-bottom:0;} .message-throttle-notice, .message-error {color:#992222;} .message-overflow, .chat small.message-overflow {font-size:0pt;} .message-overflow::before {font-size:9pt;content:'...';} .subtle {color:#3A4A66;}
</style>
<div class="wrapper replay-wrapper" style="max-width:1180px;margin:0 auto">
<input type="hidden" name="replayid" value="lc-494386052" />
<div class="battle"></div><div class="battle-log"></div><div class="replay-controls"></div><div class="replay-controls-2"></div>
<h1 style="font-weight:normal;text-align:center"><strong>LC</strong><br /><a href="http://pokemonshowdown.com/users/pool88888" class="subtle" target="_blank">pool88888</a> vs. <a href="http://pokemonshowdown.com/users/kretzel23" class="subtle" target="_blank">Kretzel23</a></h1>
<script type="text/plain" class="battle-log-data">|j|pool88888
|j|Kretzel23
|player|p1|pool88888|241
|player|p2|Kretzel23|169
|gametype|singles
|gen|6
|tier|LC
|seed|10876,23232,25747,36363
|clearpoke
|poke|p1|Riolu, L5, M|item
|poke|p1|Magnemite, L5|item
|poke|p1|Golett, L5, shiny|item
|poke|p1|Venipede, L5, F|item
|poke|p1|Togepi, L5, M|item
|poke|p1|Chespin, L5, F|item
|poke|p2|Bronzor, L5|item
|poke|p2|Aron, L5, M, shiny|item
|poke|p2|Bagon, L5, M|item
|poke|p2|Stunky, L5, M, shiny|item
|poke|p2|Omanyte, L5, F|item
|poke|p2|Pumpkaboo-*, L5, M, shiny|item
|rule|Sleep Clause Mod: Limit one foe put to sleep
|rule|Species Clause: Limit one of each Pokémon
|rule|OHKO Clause: OHKO moves are banned
|rule|Moody Clause: Moody is banned
|rule|Evasion Moves Clause: Evasion moves are banned
|rule|Endless Battle Clause: Forcing endless battles is banned
|rule|HP Percentage Mod: HP is shown in percentages
|teampreview
|c|★pool88888|good luck pinkie pie
|c|★Kretzel23|thanks daddi
|choice|team 4, team 2, team 3, team 1, team 5, team 6|team 5, team 2, team 3, team 4, team 1, team 6
|
|start
|switch|p1a: Venipede|Venipede, L5, F|19\/19
|switch|p2a: Young Jesus|Omanyte, L5, F|20\/20
|turn|1
|choice|move toxicspikes|move shellsmash
|
|move|p1a: Venipede|Toxic Spikes|p2a: Young Jesus
|-sidestart|p2: Kretzel23|move: Toxic Spikes
|move|p2a: Young Jesus|Shell Smash|p2a: Young Jesus
|-unboost|p2a: Young Jesus|def|1
|-unboost|p2a: Young Jesus|spd|1
|-boost|p2a: Young Jesus|atk|2
|-boost|p2a: Young Jesus|spa|2
|-boost|p2a: Young Jesus|spe|2
|-enditem|p2a: Young Jesus|White Herb
|-clearnegativeboost|p2a: Young Jesus|[silent]
|
|-ability|p1a: Venipede|Speed Boost|boost
|-boost|p1a: Venipede|spe|1
|upkeep
|turn|2
|choice|move toxicspikes|move hiddenpower
|
|move|p2a: Young Jesus|Hidden Power|p1a: Venipede
|-supereffective|p1a: Venipede
|-enditem|p1a: Venipede|Focus Sash
|-damage|p1a: Venipede|1\/19
|move|p1a: Venipede|Toxic Spikes|p2a: Young Jesus
|-sidestart|p2: Kretzel23|move: Toxic Spikes
|
|-ability|p1a: Venipede|Speed Boost|boost
|-boost|p1a: Venipede|spe|1
|upkeep
|turn|3
|choice|move pinmissile|move hiddenpower
|
|move|p1a: Venipede|Pin Missile|p2a: Young Jesus|[miss]
|-miss|p1a: Venipede|p2a: Young Jesus
|move|p2a: Young Jesus|Hidden Power|p1a: Venipede
|-supereffective|p1a: Venipede
|-damage|p1a: Venipede|0 fnt
|faint|p1a: Venipede
|
|upkeep
|c|★pool88888|boy
|c|★Kretzel23|lol
|choice|switch 6|
|
|switch|p1a: Chespin|Chespin, L5, F|22\/22
|turn|4
|choice|move seedbomb|move icebeam
|
|move|p2a: Young Jesus|Ice Beam|p1a: Chespin
|-supereffective|p1a: Chespin
|-damage|p1a: Chespin|0 fnt
|faint|p1a: Chespin
|
|upkeep
|c|★pool88888|!weakness omanyte
|html|<div class="infobox">Omanyte (ignoring abilities):<br><span class="message-effect-weak">Weaknesses<\/span>: Electric, Fighting, <b>Grass<\/b>, Ground<br><span class="message-effect-resist">Resistances<\/span>: <b>Fire<\/b>, Flying, Ice, Normal, Poison<br><span class="message-effect-immune">Immunities<\/span>: <font color=#999999>None<\/font><\/div>
|choice|switch 5|
|
|switch|p1a: Togepi|Togepi, L5, M|23\/23
|turn|5
|c|★Kretzel23|k
|choice|move nastyplot|move scald
|
|move|p2a: Young Jesus|Scald|p1a: Togepi
|-damage|p1a: Togepi|0 fnt
|faint|p1a: Togepi
|
|upkeep
|choice|switch 2|
|
|switch|p1a: Magnemite|Magnemite, L5|19\/19
|turn|6
|c|★pool88888|fuck
|c|★pool88888|wrong move
|choice|move voltswitch|move icebeam
|
|move|p2a: Young Jesus|Ice Beam|p1a: Magnemite
|-resisted|p1a: Magnemite
|-crit|p1a: Magnemite
|-damage|p1a: Magnemite|2\/19
|move|p1a: Magnemite|Volt Switch|p2a: Young Jesus
|-supereffective|p2a: Young Jesus
|-damage|p2a: Young Jesus|0 fnt
|faint|p2a: Young Jesus
|c|★pool88888|I DID IT
|c|★Kretzel23|lol
|choice|switch 4|
|
|switch|p1a: Riolu|Riolu, L5, M|20\/20
|
|upkeep
|choice||switch 3
|
|switch|p2a: Pasta Head|Bagon, L5, M|21\/21
|-status|p2a: Pasta Head|tox
|turn|7
|choice|move highjumpkick|move aerialace
|
|move|p2a: Pasta Head|Aerial Ace|p1a: Riolu
|-supereffective|p1a: Riolu
|-damage|p1a: Riolu|0 fnt
|-damage|p2a: Pasta Head|19\/21 tox|[from] item: Life Orb
|faint|p1a: Riolu
|
|-damage|p2a: Pasta Head|18\/21 tox|[from] psn
|upkeep
|choice|switch 3|
|
|switch|p1a: Golett|Golett, L5, shiny|23\/23
|turn|8
|choice|move drainpunch|move dragondance
|
|move|p2a: Pasta Head|Dragon Dance|p2a: Pasta Head
|-boost|p2a: Pasta Head|atk|1
|-boost|p2a: Pasta Head|spe|1
|move|p1a: Golett|Drain Punch|p2a: Pasta Head
|-damage|p2a: Pasta Head|8\/21 tox
|
|-damage|p2a: Pasta Head|6\/21 tox|[from] psn
|upkeep
|turn|9
|choice|move drainpunch|move zenheadbutt
|
|move|p2a: Pasta Head|Zen Headbutt|p1a: Golett
|-damage|p1a: Golett|10\/23
|move|p1a: Golett|Drain Punch|p2a: Pasta Head
|-damage|p2a: Pasta Head|0 fnt
|-heal|p1a: Golett|13\/23|[from] drain|[of] p2a: Pasta Head
|faint|p2a: Pasta Head
|
|upkeep
|choice||switch 5
|
|switch|p2a: Plate|Bronzor, L5|22\/22
|turn|10
|choice|move earthquake|move calmmind
|
|move|p1a: Golett|Earthquake|p2a: Plate
|-immune|p2a: Plate|[msg]|[from] ability: Levitate
|move|p2a: Plate|Calm Mind|p2a: Plate
|-boost|p2a: Plate|spa|1
|-boost|p2a: Plate|spd|1
|
|upkeep
|turn|11
|c|★pool88888|lets go daddy
|c|★pool88888|FUCK
|c|★Kretzel23|lol
|choice|move drainpunch|move flashcannon
|
|move|p1a: Golett|Drain Punch|p2a: Plate
|-damage|p2a: Plate|14\/22
|-heal|p1a: Golett|17\/23|[from] drain|[of] p2a: Plate
|move|p2a: Plate|Flash Cannon|p1a: Golett
|-damage|p1a: Golett|7\/23
|
|upkeep
|turn|12
|choice|move drainpunch|move flashcannon
|
|move|p1a: Golett|Drain Punch|p2a: Plate
|-damage|p2a: Plate|5\/22
|-heal|p1a: Golett|12\/23|[from] drain|[of] p2a: Plate
|-enditem|p2a: Plate|Berry Juice
|-heal|p2a: Plate|22\/22|[from] item: Berry Juice
|move|p2a: Plate|Flash Cannon|p1a: Golett
|-damage|p1a: Golett|0 fnt
|faint|p1a: Golett
|
|upkeep
|c|★pool88888|god damn
|choice|switch 4|
|
|switch|p1a: Magnemite|Magnemite, L5|2\/19
|turn|13
|choice|move thunderbolt|move hiddenpower
|
|move|p1a: Magnemite|Thunderbolt|p2a: Plate
|-damage|p2a: Plate|13\/22
|move|p2a: Plate|Hidden Power|p1a: Magnemite
|-supereffective|p1a: Magnemite
|-damage|p1a: Magnemite|0 fnt
|faint|p1a: Magnemite
|
|win|Kretzel23
|player|p1
|player|p2
|c|★pool88888|gg
|c|★Kretzel23|gg
|c|★Kretzel23|HP Flying ftw!! xD</script>
</div>
<div class="battle-log battle-log-inline"><div class="inner"><div class="battle-options"></div><div class="inner"><div class="chat"><small>pool88888 joined.</small></div><div class="chat"><small>Kretzel23 joined.</small></div><div class=""><small>Format:</small> <br><strong>LC</strong></div><div class=""><small><em>Sleep Clause Mod:</em> Limit one foe put to sleep</small></div><div class=""><small><em>Species Clause:</em> Limit one of each Pokémon</small></div><div class=""><small><em>OHKO Clause:</em> OHKO moves are banned</small></div><div class=""><small><em>Moody Clause:</em> Moody is banned</small></div><div class=""><small><em>Evasion Moves Clause:</em> Evasion moves are banned</small></div><div class=""><small><em>Endless Battle Clause:</em> Forcing endless battles is banned</small></div><div class=""><small><em>HP Percentage Mod:</em> HP is shown in percentages</small></div><div class="chat battle-history"><strong>pool88888's team:</strong> <em style="color:#445566;display:block;">Riolu / Magnemite / Golett / Venipede / Togepi / Chespin</em></div><div class="chat battle-history"><strong>Kretzel23's team:</strong> <em style="color:#445566;display:block;">Bronzor / Aron / Bagon / Stunky / Omanyte / Pumpkaboo-*</em></div><div class="chat chatmessage-pool88888"><strong style="color:hsl(77,71%,36.734393075446974%)"><small>★</small><span class="username" data-name="pool88888">pool88888</span>:</strong> <em>good luck pinkie pie</em></div><div class="chat chatmessage-kretzel23"><strong style="color:hsl(332,64%,45%)"><small>★</small><span class="username" data-name="Kretzel23">Kretzel23</span>:</strong> <em>thanks daddi</em></div><div class="spacer battle-history"><br></div><div class="battle-history">Battle started between pool88888 and Kretzel23!<br></div><div class="spacer battle-history"><br></div><div class="battle-history">Go! <strong>Venipede</strong>!<br></div><div class="spacer battle-history"><br></div><div class="battle-history">Kretzel23 sent out Young Jesus (<strong>Omanyte</strong>)!<br></div><div class="spacer battle-history"><br></div><h2 class="battle-history">Turn 1</h2><div class="spacer battle-history"><br></div><div class="battle-history">Venipede used <strong>Toxic Spikes</strong>!<br></div><div class="battle-history"><small>Poison spikes were scattered on the ground all around the opposing team!</small><br></div><div class="spacer battle-history"><br></div><div class="battle-history">The opposing Young Jesus used <strong>Shell Smash</strong>!<br></div><div class="battle-history"><small>The opposing Young Jesus's Defense fell!</small><br></div><div class="battle-history"><small>The opposing Young Jesus's Special Defense fell!</small><br></div><div class="battle-history"><small>The opposing Young Jesus's Attack rose sharply!</small><br></div><div class="battle-history"><small>The opposing Young Jesus's Special Attack rose sharply!</small><br></div><div class="battle-history"><small>The opposing Young Jesus's Speed rose sharply!</small><br></div><div class="battle-history"><small>The opposing Young Jesus returned its status to normal using its White Herb!</small><br></div><div class="spacer battle-history"><br></div><div class="battle-history"><small>[Venipede's Speed Boost]</small><br></div><div class="battle-history"><small>Venipede's Speed rose!</small><br></div><div class="spacer battle-history"><br></div><h2 class="battle-history">Turn 2</h2><div class="spacer battle-history"><br></div><div class="battle-history">The opposing Young Jesus used <strong>Hidden Power</strong>!<br></div><div class="battle-history"><small>It's super effective!</small><br></div><div class="battle-history"><small>Venipede hung on using its Focus Sash!</small><br></div><div class="battle-history"><small>(Venipede lost <abbr title="−18/19">94.7%</abbr> of its health!)</small><br></div><div class="spacer battle-history"><br></div><div class="battle-history">Venipede used <strong>Toxic Spikes</strong>!<br></div><div class="battle-history"><small>Poison spikes were scattered on the ground all around the opposing team!</small><br></div><div class="spacer battle-history"><br></div><div class="battle-history"><small>[Venipede's Speed Boost]</small><br></div><div class="battle-history"><small>Venipede's Speed rose!</small><br></div><div class="spacer battle-history"><br></div><h2 class="battle-history">Turn 3</h2><div class="spacer battle-history"><br></div><div class="battle-history">Venipede used <strong>Pin Missile</strong>!<br></div><div class="battle-history"><small>The opposing Young Jesus avoided the attack!</small><br></div><div class="spacer battle-history"><br></div><div class="battle-history">The opposing Young Jesus used <strong>Hidden Power</strong>!<br></div><div class="battle-history"><small>It's super effective!</small><br></div><div class="battle-history"><small>(Venipede lost <abbr title="−1/19">5.3%</abbr> of its health!)</small><br></div><div class="spacer battle-history"><br></div><div class="battle-history">Venipede fainted!<br></div><div class="chat chatmessage-pool88888"><strong style="color:hsl(77,71%,36.734393075446974%)"><small>★</small><span class="username" data-name="pool88888">pool88888</span>:</strong> <em>boy</em></div><div class="chat chatmessage-kretzel23"><strong style="color:hsl(332,64%,45%)"><small>★</small><span class="username" data-name="Kretzel23">Kretzel23</span>:</strong> <em>lol</em></div><div class="spacer battle-history"><br></div><div class="battle-history">Go! <strong>Chespin</strong>!<br></div><div class="spacer battle-history"><br></div><h2 class="battle-history">Turn 4</h2><div class="spacer battle-history"><br></div><div class="battle-history">The opposing Young Jesus used <strong>Ice Beam</strong>!<br></div><div class="battle-history"><small>It's super effective!</small><br></div><div class="battle-history"><small>(Chespin lost <abbr title="−22/22">100%</abbr> of its health!)</small><br></div><div class="spacer battle-history"><br></div><div class="battle-history">Chespin fainted!<br></div><div class="chat chatmessage-pool88888"><strong style="color:hsl(77,71%,36.734393075446974%)"><small>★</small><span class="username" data-name="pool88888">pool88888</span>:</strong> <em>!weakness omanyte</em></div><div class="chat"><div class="infobox">Omanyte (ignoring abilities):<br><span class="message-effect-weak">Weaknesses</span>: Electric, Fighting, <b>Grass</b>, Ground<br><span class="message-effect-resist">Resistances</span>: <b>Fire</b>, Flying, Ice, Normal, Poison<br><span class="message-effect-immune">Immunities</span>: <font color="#999999">None</font></div></div><div class="spacer battle-history"><br></div><div class="battle-history">Go! <strong>Togepi</strong>!<br></div><div class="spacer battle-history"><br></div><h2 class="battle-history">Turn 5</h2><div class="chat chatmessage-kretzel23"><strong style="color:hsl(332,64%,45%)"><small>★</small><span class="username" data-name="Kretzel23">Kretzel23</span>:</strong> <em>k</em></div><div class="spacer battle-history"><br></div><div class="battle-history">The opposing Young Jesus used <strong>Scald</strong>!<br></div><div class="battle-history"><small>(Togepi lost <abbr title="−23/23">100%</abbr> of its health!)</small><br></div><div class="spacer battle-history"><br></div><div class="battle-history">Togepi fainted!<br></div><div class="spacer battle-history"><br></div><div class="battle-history">Go! <strong>Magnemite</strong>!<br></div><div class="spacer battle-history"><br></div><h2 class="battle-history">Turn 6</h2><div class="chat chatmessage-pool88888"><strong style="color:hsl(77,71%,36.734393075446974%)"><small>★</small><span class="username" data-name="pool88888">pool88888</span>:</strong> <em>fuck</em></div><div class="chat chatmessage-pool88888"><strong style="color:hsl(77,71%,36.734393075446974%)"><small>★</small><span class="username" data-name="pool88888">pool88888</span>:</strong> <em>wrong move</em></div><div class="spacer battle-history"><br></div><div class="battle-history">The opposing Young Jesus used <strong>Ice Beam</strong>!<br></div><div class="battle-history"><small>It's not very effective...</small><br></div><div class="battle-history"><small>A critical hit!</small><br></div><div class="battle-history"><small>(Magnemite lost <abbr title="−17/19">89.5%</abbr> of its health!)</small><br></div><div class="spacer battle-history"><br></div><div class="battle-history">Magnemite used <strong>Volt Switch</strong>!<br></div><div class="battle-history"><small>It's super effective!</small><br></div><div class="battle-history"><small>(The opposing Young Jesus lost <abbr title="−20/20">100%</abbr> of its health!)</small><br></div><div class="spacer battle-history"><br></div><div class="battle-history">The opposing Young Jesus fainted!<br></div><div class="chat chatmessage-pool88888"><strong style="color:hsl(77,71%,36.734393075446974%)"><small>★</small><span class="username" data-name="pool88888">pool88888</span>:</strong> <em>I DID IT</em></div><div class="chat chatmessage-kretzel23"><strong style="color:hsl(332,64%,45%)"><small>★</small><span class="username" data-name="Kretzel23">Kretzel23</span>:</strong> <em>lol</em></div><div class="spacer battle-history"><br></div><div class="battle-history">Magnemite went back to pool88888!<br></div><div class="battle-history">Go! <strong>Riolu</strong>!<br></div><div class="spacer battle-history"><br></div><div class="battle-history">Kretzel23 sent out Pasta Head (<strong>Bagon</strong>)!<br></div><div class="battle-history"><small>The opposing Pasta Head was badly poisoned!</small><br></div><div class="spacer battle-history"><br></div><h2 class="battle-history">Turn 7</h2><div class="spacer battle-history"><br></div><div class="battle-history">The opposing Pasta Head used <strong>Aerial Ace</strong>!<br></div><div class="battle-history"><small>It's super effective!</small><br></div><div class="battle-history"><small>(Riolu lost <abbr title="−20/20">100%</abbr> of its health!)</small><br></div><div class="battle-history"><small>The opposing Pasta Head lost some of its HP!</small><br></div><div class="spacer battle-history"><br></div><div class="battle-history">Riolu fainted!<br></div><div class="spacer battle-history"><br></div><div class="battle-history"><small>The opposing Pasta Head was hurt by poison!</small><br></div><div class="spacer battle-history"><br></div><div class="battle-history">Go! <strong>Golett</strong>!<br></div><div class="spacer battle-history"><br></div><h2 class="battle-history">Turn 8</h2><div class="spacer battle-history"><br></div><div class="battle-history">The opposing Pasta Head used <strong>Dragon Dance</strong>!<br></div><div class="battle-history"><small>The opposing Pasta Head's Attack rose!</small><br></div><div class="battle-history"><small>The opposing Pasta Head's Speed rose!</small><br></div><div class="spacer battle-history"><br></div><div class="battle-history">Golett used <strong>Drain Punch</strong>!<br></div><div class="battle-history"><small>(The opposing Pasta Head lost <abbr title="−10/21">47.6%</abbr> of its health!)</small><br></div><div class="spacer battle-history"><br></div><div class="battle-history"><small>The opposing Pasta Head was hurt by poison!</small><br></div><div class="spacer battle-history"><br></div><h2 class="battle-history">Turn 9</h2><div class="spacer battle-history"><br></div><div class="battle-history">The opposing Pasta Head used <strong>Zen Headbutt</strong>!<br></div><div class="battle-history"><small>(Golett lost <abbr title="−13/23">56.5%</abbr> of its health!)</small><br></div><div class="spacer battle-history"><br></div><div class="battle-history">Golett used <strong>Drain Punch</strong>!<br></div><div class="battle-history"><small>(The opposing Pasta Head lost <abbr title="−6/21">28.6%</abbr> of its health!)</small><br></div><div class="battle-history"><small>The opposing Pasta Head had its energy drained!</small><br></div><div class="spacer battle-history"><br></div><div class="battle-history">The opposing Pasta Head fainted!<br></div><div class="spacer battle-history"><br></div><div class="battle-history">Kretzel23 sent out Plate (<strong>Bronzor</strong>)!<br></div><div class="spacer battle-history"><br></div><h2 class="battle-history">Turn 10</h2><div class="spacer battle-history"><br></div><div class="battle-history">Golett used <strong>Earthquake</strong>!<br></div><div class="battle-history"><small>[The opposing Plate's Levitate]</small><br><small>It doesn't affect the opposing Plate...</small><br></div><div class="spacer battle-history"><br></div><div class="battle-history">The opposing Plate used <strong>Calm Mind</strong>!<br></div><div class="battle-history"><small>The opposing Plate's Special Attack rose!</small><br></div><div class="battle-history"><small>The opposing Plate's Special Defense rose!</small><br></div><div class="spacer battle-history"><br></div><h2 class="battle-history">Turn 11</h2><div class="chat chatmessage-pool88888"><strong style="color:hsl(77,71%,36.734393075446974%)"><small>★</small><span class="username" data-name="pool88888">pool88888</span>:</strong> <em>lets go daddy</em></div><div class="chat chatmessage-pool88888"><strong style="color:hsl(77,71%,36.734393075446974%)"><small>★</small><span class="username" data-name="pool88888">pool88888</span>:</strong> <em>FUCK</em></div><div class="chat chatmessage-kretzel23"><strong style="color:hsl(332,64%,45%)"><small>★</small><span class="username" data-name="Kretzel23">Kretzel23</span>:</strong> <em>lol</em></div><div class="spacer battle-history"><br></div><div class="battle-history">Golett used <strong>Drain Punch</strong>!<br></div><div class="battle-history"><small>(The opposing Plate lost <abbr title="−8/22">36.4%</abbr> of its health!)</small><br></div><div class="battle-history"><small>The opposing Plate had its energy drained!</small><br></div><div class="spacer battle-history"><br></div><div class="battle-history">The opposing Plate used <strong>Flash Cannon</strong>!<br></div><div class="battle-history"><small>(Golett lost <abbr title="−10/23">43.5%</abbr> of its health!)</small><br></div><div class="spacer battle-history"><br></div><h2 class="battle-history">Turn 12</h2><div class="spacer battle-history"><br></div><div class="battle-history">Golett used <strong>Drain Punch</strong>!<br></div><div class="battle-history"><small>(The opposing Plate lost <abbr title="−9/22">40.9%</abbr> of its health!)</small><br></div><div class="battle-history"><small>The opposing Plate had its energy drained!</small><br></div><div class="battle-history"><small>(The opposing Plate used its Berry Juice!)</small><br></div><div class="battle-history"><small>The opposing Plate restored HP using its Berry Juice!</small><br></div><div class="spacer battle-history"><br></div><div class="battle-history">The opposing Plate used <strong>Flash Cannon</strong>!<br></div><div class="battle-history"><small>(Golett lost <abbr title="−12/23">52.2%</abbr> of its health!)</small><br></div><div class="spacer battle-history"><br></div><div class="battle-history">Golett fainted!<br></div><div class="chat chatmessage-pool88888"><strong style="color:hsl(77,71%,36.734393075446974%)"><small>★</small><span class="username" data-name="pool88888">pool88888</span>:</strong> <em>god damn</em></div><div class="spacer battle-history"><br></div><div class="battle-history">Go! <strong>Magnemite</strong>!<br></div><div class="spacer battle-history"><br></div><h2 class="battle-history">Turn 13</h2><div class="spacer battle-history"><br></div><div class="battle-history">Magnemite used <strong>Thunderbolt</strong>!<br></div><div class="battle-history"><small>(The opposing Plate lost <abbr title="−9/22">40.9%</abbr> of its health!)</small><br></div><div class="spacer battle-history"><br></div><div class="battle-history">The opposing Plate used <strong>Hidden Power</strong>!<br></div><div class="battle-history"><small>It's super effective!</small><br></div><div class="battle-history"><small>(Magnemite lost <abbr title="−2/19">10.5%</abbr> of its health!)</small><br></div><div class="spacer battle-history"><br></div><div class="battle-history">Magnemite fainted!<br></div><div class="spacer battle-history"><br></div><div class="battle-history"><strong>Kretzel23</strong> won the battle!<br></div><div class="chat chatmessage-pool88888"><strong style="color:hsl(77,71%,36.734393075446974%)"><small>★</small><span class="username" data-name="pool88888">pool88888</span>:</strong> <em>gg</em></div><div class="chat chatmessage-kretzel23"><strong style="color:hsl(332,64%,45%)"><small>★</small><span class="username" data-name="Kretzel23">Kretzel23</span>:</strong> <em>gg</em></div><div class="chat chatmessage-kretzel23"><strong style="color:hsl(332,64%,45%)"><small>★</small><span class="username" data-name="Kretzel23">Kretzel23</span>:</strong> <em>HP Flying ftw!! xD</em></div></div><div class="inner-preempt"></div></div></div>
</div>
<script>
let daily = Math.floor(Date.now()/1000/60/60/24);document.write('<script src="https://play.pokemonshowdown.com/js/replay-embed.js?version'+daily+'"></'+'script>');
</script>
