<!DOCTYPE html>
<meta charset="utf-8" />
<!-- version 1 -->
<title>LC replay: trash vs. tko</title>
<style>
html,body {font-family:Verdana, sans-serif;font-size:10pt;margin:0;padding:0;}body{padding:12px 0;} .battle-log {font-family:Verdana, sans-serif;font-size:10pt;} .battle-log-inline {border:1px solid #AAAAAA;background:#EEF2F5;color:black;max-width:640px;margin:0 auto 80px;padding-bottom:5px;} .battle-log .inner {padding:4px 8px 0px 8px;} .battle-log .inner-preempt {padding:0 8px 4px 8px;} .battle-log .inner-after {margin-top:0.5em;} .battle-log h2 {margin:0.5em -8px;padding:4px 8px;border:1px solid #AAAAAA;background:#E0E7EA;border-left:0;border-right:0;font-family:Verdana, sans-serif;font-size:13pt;} .battle-log .chat {vertical-align:middle;padding:3px 0 3px 0;font-size:8pt;} .battle-log .chat strong {color:#40576A;} .battle-log .chat em {padding:1px 4px 1px 3px;color:#000000;font-style:normal;} .chat.mine {background:rgba(0,0,0,0.05);margin-left:-8px;margin-right:-8px;padding-left:8px;padding-right:8px;} .spoiler {color:#BBBBBB;background:#BBBBBB;padding:0px 3px;} .spoiler:hover, .spoiler:active, .spoiler-shown {color:#000000;background:#E2E2E2;padding:0px 3px;} .spoiler a {color:#BBBBBB;} .spoiler:hover a, .spoiler:active a, .spoiler-shown a {color:#2288CC;} .chat code, .chat .spoiler:hover code, .chat .spoiler:active code, .chat .spoiler-shown code {border:1px solid #C0C0C0;background:#EEEEEE;color:black;padding:0 2px;} .chat .spoiler code {border:1px solid #CCCCCC;background:#CCCCCC;color:#CCCCCC;} .battle-log .rated {padding:3px 4px;} .battle-log .rated strong {color:white;background:#89A;padding:1px 4px;border-radius:4px;} .spacer {margin-top:0.5em;} .message-announce {background:#6688AA;color:white;padding:1px 4px 2px;} .message-announce a, .broadcast-green a, .broadcast-blue a, .broadcast-red a {color:#DDEEFF;} .broadcast-green {background-color:#559955;color:white;padding:2px 4px;} .broadcast-blue {background-color:#6688AA;color:white;padding:2px 4px;} .infobox {border:1px solid #6688AA;padding:2px 4px;} .infobox-limited {max-height:200px;overflow:auto;overflow-x:hidden;} .broadcast-red {background-color:#AA5544;color:white;padding:2px 4px;} .message-learn-canlearn {font-weight:bold;color:#228822;text-decoration:underline;} .message-learn-cannotlearn {font-weight:bold;color:#CC2222;text-decoration:underline;} .message-effect-weak {font-weight:bold;color:#CC2222;} .message-effect-resist {font-weight:bold;color:#6688AA;} .message-effect-immune {font-weight:bold;color:#666666;} .message-learn-list {margin-top:0;margin-bottom:0;} .message-throttle-notice, .message-error {color:#992222;} .message-overflow, .chat small.message-overflow {font-size:0pt;} .message-overflow::before {font-size:9pt;content:'...';} .subtle {color:#3A4A66;}
</style>
<div class="wrapper replay-wrapper" style="max-width:1180px;margin:0 auto">
<input type="hidden" name="replayid" value="smogtours-lc-241442" />
<div class="battle"></div><div class="battle-log"></div><div class="replay-controls"></div><div class="replay-controls-2"></div>
<h1 style="font-weight:normal;text-align:center"><strong>LC</strong><br /><a href="http://pokemonshowdown.com/users/trash" class="subtle" target="_blank">trash</a> vs. <a href="http://pokemonshowdown.com/users/tko" class="subtle" target="_blank">tko</a></h1>
<script type="text/plain" class="battle-log-data">|inactive|Battle timer is ON: inactive players will automatically lose when time's up.
|J|trash
|J|tko
|player|p1|trash|62
|player|p2|tko|278
|gametype|singles
|gen|6
|tier|LC
|seed|54822,22413,25377,40941
|clearpoke
|poke|p1|Magnemite, L5, shiny|item
|poke|p1|Gothita, L5, F|item
|poke|p1|Timburr, L5, M|item
|poke|p1|Staryu, L5|item
|poke|p1|Foongus, L5, F|item
|poke|p1|Pawniard, L5, F|item
|poke|p2|Gastly, L5, M|item
|poke|p2|Abra, L5, M|item
|poke|p2|Omanyte, L5, M|item
|poke|p2|Timburr, L5, F|item
|poke|p2|Fletchling, L5, M|
|poke|p2|Drilbur, L5, F|item
|rule|Sleep Clause Mod: Limit one foe put to sleep
|rule|Species Clause: Limit one of each Pokémon
|rule|OHKO Clause: OHKO moves are banned
|rule|Moody Clause: Moody is banned
|rule|Evasion Moves Clause: Evasion moves are banned
|rule|Endless Battle Clause: Forcing endless battles is banned
|rule|HP Percentage Mod: HP is shown in percentages
|teampreview
|J|c o c o n u t
|J|kratosmana
|choice|team 4, team 2, team 3, team 1, team 5, team 6|team 4, team 2, team 3, team 1, team 5, team 6
|
|start
|switch|p1a: lax|Staryu, L5|21\/21
|switch|p2a: joltage tha king.|Timburr, L5, F|24\/24
|turn|1
|c|+c o c o n u t|goth is banned D:
|L|kratosmana
|c|★trash|no
|c|★trash|this is oras
|choice|switch 5|move knockoff
|
|switch|p1a: corporal levi|Foongus, L5, F|25\/25
|move|p2a: joltage tha king.|Knock Off|p1a: corporal levi
|-damage|p1a: corporal levi|19\/25
|-enditem|p1a: corporal levi|Eviolite|[from] move: Knock Off|[of] p2a: joltage tha king.
|
|upkeep
|turn|2
|c|+c o c o n u t|goth is banned D:
|c|★trash|never
|J|Flaress
|choice|move spore|switch 3
|
|switch|p2a: ice beam the pory|Omanyte, L5, M|21\/21
|move|p1a: corporal levi|Spore|p2a: ice beam the pory
|-status|p2a: ice beam the pory|slp
|
|upkeep
|turn|3
|choice|switch 4|switch 5
|
|switch|p2a: trash's body|Fletchling, L5, M|22\/22
|switch|p1a: capteon|Magnemite, L5, shiny|22\/22
|
|upkeep
|turn|4
|choice|move flashcannon|move uturn
|
|move|p2a: trash's body|U-turn|p1a: capteon
|-resisted|p1a: capteon
|-damage|p1a: capteon|20\/22
|J|blarghlfarghl
|choice||switch 6
|
|switch|p2a: madoka|Drilbur, L5, F|23\/23
|-ability|p2a: madoka|Mold Breaker
|move|p1a: capteon|Flash Cannon|p2a: madoka
|-damage|p2a: madoka|13\/23
|-unboost|p2a: madoka|spd|1
|
|upkeep
|turn|5
|L|blarghlfarghl
|choice|switch 5|move stealthrock
|
|switch|p1a: lax|Staryu, L5|21\/21
|move|p2a: madoka|Stealth Rock|p1a: lax
|-sidestart|p1: trash|move: Stealth Rock
|
|upkeep
|turn|6
|choice|move scald|switch 3
|
|switch|p2a: joltage tha king.|Timburr, L5, F|24\/24
|move|p1a: lax|Scald|p2a: joltage tha king.
|-damage|p2a: joltage tha king.|18\/24
|-status|p2a: joltage tha king.|brn
|
|-damage|p2a: joltage tha king.|15\/24 brn|[from] brn
|upkeep
|turn|7
|choice|move rapidspin|move drainpunch
|
|move|p1a: lax|Rapid Spin|p2a: joltage tha king.
|-damage|p2a: joltage tha king.|14\/24 brn
|-sideend|p1: trash|Stealth Rock|[from] move: Rapid Spin|[of] p1a: lax
|move|p2a: joltage tha king.|Drain Punch|p1a: lax
|-damage|p1a: lax|11\/21
|-heal|p2a: joltage tha king.|19\/24 brn|[from] drain|[of] p1a: lax
|
|-damage|p2a: joltage tha king.|16\/24 brn|[from] brn
|upkeep
|turn|8
|J|rozes
|choice|switch 4|move knockoff
|
|switch|p1a: corporal levi|Foongus, L5, F|25\/25
|move|p2a: joltage tha king.|Knock Off|p1a: corporal levi
|-damage|p1a: corporal levi|17\/25
|
|-damage|p2a: joltage tha king.|13\/24 brn|[from] brn
|upkeep
|turn|9
|choice|switch 5|switch 4
|
|switch|p2a: rssp1 ayy|Gastly, L5, M|19\/19
|switch|p1a: capteon|Magnemite, L5, shiny|20\/22
|
|upkeep
|turn|10
|choice|move voltswitch|move hiddenpower
|
|move|p2a: rssp1 ayy|Hidden Power|p1a: capteon
|-supereffective|p1a: capteon
|-damage|p1a: capteon|7\/22
|-damage|p2a: rssp1 ayy|18\/19|[from] item: Life Orb
|move|p1a: capteon|Volt Switch|p2a: rssp1 ayy
|-damage|p2a: rssp1 ayy|5\/19
|choice|switch 6|
|
|switch|p1a: ajna|Pawniard, L5, F|21\/21
|
|upkeep
|turn|11
|choice|move pursuit|move destinybond
|
|move|p1a: ajna|Pursuit|p2a: rssp1 ayy
|-supereffective|p2a: rssp1 ayy
|-damage|p2a: rssp1 ayy|0 fnt
|faint|p2a: rssp1 ayy
|
|upkeep
|choice||switch 6
|
|switch|p2a: trash's body|Fletchling, L5, M|22\/22
|turn|12
|choice|switch 5|move swordsdance
|
|switch|p1a: corporal levi|Foongus, L5, F|25\/25
|move|p2a: trash's body|Swords Dance|p2a: trash's body
|-boost|p2a: trash's body|atk|2
|
|upkeep
|turn|13
|choice|switch 4|move acrobatics
|
|switch|p1a: lax|Staryu, L5|11\/21
|move|p2a: trash's body|Acrobatics|p1a: lax
|-damage|p1a: lax|0 fnt
|faint|p1a: lax
|
|upkeep
|choice|switch 6|
|
|switch|p1a: capteon|Magnemite, L5, shiny|7\/22
|turn|14
|choice|move thunderbolt|move acrobatics
|
|move|p2a: trash's body|Acrobatics|p1a: capteon
|-resisted|p1a: capteon
|-damage|p1a: capteon|3\/22
|move|p1a: capteon|Thunderbolt|p2a: trash's body
|-supereffective|p2a: trash's body
|-damage|p2a: trash's body|0 fnt
|faint|p2a: trash's body
|
|upkeep
|c|★tko|hello
|c|★tko|what
|choice||switch 2
|
|switch|p2a: melon irl??|Abra, L5, M|19\/19
|turn|15
|c|★trash|?
|choice|move flashcannon|move psychic
|
|move|p2a: melon irl??|Psychic|p1a: capteon
|-resisted|p1a: capteon
|-damage|p1a: capteon|0 fnt
|faint|p1a: capteon
|
|upkeep
|choice|switch 2|
|
|switch|p1a: oma|Gothita, L5, F|24\/24
|turn|16
|choice|move calmmind|move knockoff
|
|move|p2a: melon irl??|Knock Off|p1a: oma
|-supereffective|p1a: oma
|-damage|p1a: oma|16\/24
|-enditem|p1a: oma|Eviolite|[from] move: Knock Off|[of] p2a: melon irl??
|move|p1a: oma|Calm Mind|p1a: oma
|-boost|p1a: oma|spa|1
|-boost|p1a: oma|spd|1
|
|upkeep
|turn|17
|c|★trash|ct
|choice|move psychic|move knockoff
|
|move|p2a: melon irl??|Knock Off|p1a: oma
|-supereffective|p1a: oma
|-damage|p1a: oma|8\/24
|move|p1a: oma|Psychic|p2a: melon irl??
|-resisted|p2a: melon irl??
|-damage|p2a: melon irl??|12\/19
|
|upkeep
|turn|18
|choice|move psychic|move knockoff
|
|move|p2a: melon irl??|Knock Off|p1a: oma
|-supereffective|p1a: oma
|-damage|p1a: oma|0 fnt
|faint|p1a: oma
|
|upkeep
|choice|switch 5|
|
|switch|p1a: ajna|Pawniard, L5, F|21\/21
|turn|19
|choice|move pursuit|move hiddenpower
|
|move|p1a: ajna|Pursuit|p2a: melon irl??
|-supereffective|p2a: melon irl??
|-damage|p2a: melon irl??|0 fnt
|faint|p2a: melon irl??
|
|upkeep
|L|rozes
|choice||switch 4
|
|switch|p2a: joltage tha king.|Timburr, L5, F|13\/24 brn
|turn|20
|choice|switch 4|move drainpunch
|
|switch|p1a: corporal levi|Foongus, L5, F|25\/25
|move|p2a: joltage tha king.|Drain Punch|p1a: corporal levi
|-resisted|p1a: corporal levi
|-damage|p1a: corporal levi|18\/25
|-heal|p2a: joltage tha king.|17\/24 brn|[from] drain|[of] p1a: corporal levi
|
|-damage|p2a: joltage tha king.|14\/24 brn|[from] brn
|upkeep
|turn|21
|choice|move gigadrain|switch 5
|
|switch|p2a: ice beam the pory|Omanyte, L5, M|21\/21 slp
|move|p1a: corporal levi|Giga Drain|p2a: ice beam the pory
|-supereffective|p2a: ice beam the pory
|-damage|p2a: ice beam the pory|0 fnt
|-heal|p1a: corporal levi|25\/25|[from] drain|[of] p2a: ice beam the pory
|faint|p2a: ice beam the pory
|
|upkeep
|choice||switch 3
|
|switch|p2a: madoka|Drilbur, L5, F|13\/23
|-ability|p2a: madoka|Mold Breaker
|turn|22
|choice|move gigadrain|move earthquake
|
|move|p2a: madoka|Earthquake|p1a: corporal levi
|-damage|p1a: corporal levi|10\/25
|move|p1a: corporal levi|Giga Drain|p2a: madoka
|-supereffective|p2a: madoka
|-damage|p2a: madoka|0 fnt
|-heal|p1a: corporal levi|17\/25|[from] drain|[of] p2a: madoka
|faint|p2a: madoka
|
|upkeep
|choice||switch 5
|
|switch|p2a: joltage tha king.|Timburr, L5, F|14\/24 brn
|turn|23
|c|★trash|gg
|choice|move gigadrain|move knockoff
|
|move|p2a: joltage tha king.|Knock Off|p1a: corporal levi
|-damage|p1a: corporal levi|8\/25
|move|p1a: corporal levi|Giga Drain|p2a: joltage tha king.
|-damage|p2a: joltage tha king.|8\/24 brn
|-heal|p1a: corporal levi|11\/25|[from] drain|[of] p2a: joltage tha king.
|
|-damage|p2a: joltage tha king.|5\/24 brn|[from] brn
|upkeep
|turn|24
|choice|move gigadrain|move knockoff
|
|move|p2a: joltage tha king.|Knock Off|p1a: corporal levi
|-crit|p1a: corporal levi
|-damage|p1a: corporal levi|0 fnt
|faint|p1a: corporal levi
|
|-damage|p2a: joltage tha king.|2\/24 brn|[from] brn
|upkeep
|choice|switch 3|
|
|switch|p1a: waterlessmelon|Timburr, L5, M|25\/25
|turn|25
|choice|move bulkup|move drainpunch
|
|move|p1a: waterlessmelon|Bulk Up|p1a: waterlessmelon
|-boost|p1a: waterlessmelon|atk|1
|-boost|p1a: waterlessmelon|def|1
|move|p2a: joltage tha king.|Drain Punch|p1a: waterlessmelon
|-damage|p1a: waterlessmelon|18\/25
|-heal|p2a: joltage tha king.|6\/24 brn|[from] drain|[of] p1a: waterlessmelon
|
|-damage|p2a: joltage tha king.|3\/24 brn|[from] brn
|upkeep
|turn|26
|choice|move bulkup|move drainpunch
|
|move|p1a: waterlessmelon|Bulk Up|p1a: waterlessmelon
|-boost|p1a: waterlessmelon|atk|1
|-boost|p1a: waterlessmelon|def|1
|move|p2a: joltage tha king.|Drain Punch|p1a: waterlessmelon
|-damage|p1a: waterlessmelon|12\/25
|-heal|p2a: joltage tha king.|6\/24 brn|[from] drain|[of] p1a: waterlessmelon
|
|-damage|p2a: joltage tha king.|3\/24 brn|[from] brn
|upkeep
|turn|27
|choice|move machpunch|move drainpunch
|
|move|p1a: waterlessmelon|Mach Punch|p2a: joltage tha king.
|-damage|p2a: joltage tha king.|0 fnt
|faint|p2a: joltage tha king.
|
|win|trash</script>
</div>
<div class="battle-log battle-log-inline"><div class="inner"><div class="battle-options"></div><div class="inner"><div class="chat message-error">Battle timer is ON: inactive players will automatically lose when time's up.</div><div class=""><small>Format:</small> <br><strong>LC</strong></div><div class=""><small><em>Sleep Clause Mod:</em> Limit one foe put to sleep</small></div><div class=""><small><em>Species Clause:</em> Limit one of each Pokémon</small></div><div class=""><small><em>OHKO Clause:</em> OHKO moves are banned</small></div><div class=""><small><em>Moody Clause:</em> Moody is banned</small></div><div class=""><small><em>Evasion Moves Clause:</em> Evasion moves are banned</small></div><div class=""><small><em>Endless Battle Clause:</em> Forcing endless battles is banned</small></div><div class=""><small><em>HP Percentage Mod:</em> HP is shown in percentages</small></div><div class="chat battle-history"><strong>trash's team:</strong> <em style="color:#445566;display:block;">Magnemite / Gothita / Timburr / Staryu / Foongus / Pawniard</em></div><div class="chat battle-history"><strong>tko's team:</strong> <em style="color:#445566;display:block;">Gastly / Abra / Omanyte / Timburr / Fletchling / Drilbur</em></div><div class="spacer battle-history"><br></div><div class="battle-history">Battle started between trash and tko!<br></div><div class="spacer battle-history"><br></div><div class="battle-history">Go! lax (<strong>Staryu</strong>)!<br></div><div class="spacer battle-history"><br></div><div class="battle-history">tko sent out joltage tha king. (<strong>Timburr</strong>)!<br></div><div class="spacer battle-history"><br></div><h2 class="battle-history">Turn 1</h2><div class="chat chatmessage-coconut"><strong style="color:hsl(65,57%,39.26225879668%)"><small>+</small><span class="username" data-name="c o c o n u t">c o c o n u t</span>:</strong> <em>goth is banned D:</em></div><div class="chat chatmessage-trash"><strong style="color:hsl(294,77%,44.746979875617974%)"><small>★</small><span class="username" data-name="trash">trash</span>:</strong> <em>no</em></div><div class="chat chatmessage-trash"><strong style="color:hsl(294,77%,44.746979875617974%)"><small>★</small><span class="username" data-name="trash">trash</span>:</strong> <em>this is oras</em></div><div class="spacer battle-history"><br></div><div class="battle-history">lax, come back!<br></div><div class="battle-history">Go! corporal levi (<strong>Foongus</strong>)!<br></div><div class="spacer battle-history"><br></div><div class="battle-history">The opposing joltage tha king. used <strong>Knock Off</strong>!<br></div><div class="battle-history"><small>(corporal levi lost <abbr title="−6/25">24%</abbr> of its health!)</small><br></div><div class="battle-history"><small>The opposing joltage tha king. knocked off corporal levi's Eviolite!</small><br></div><div class="spacer battle-history"><br></div><h2 class="battle-history">Turn 2</h2><div class="chat chatmessage-coconut"><strong style="color:hsl(65,57%,39.26225879668%)"><small>+</small><span class="username" data-name="c o c o n u t">c o c o n u t</span>:</strong> <em>goth is banned D:</em></div><div class="chat chatmessage-trash"><strong style="color:hsl(294,77%,44.746979875617974%)"><small>★</small><span class="username" data-name="trash">trash</span>:</strong> <em>never</em></div><div class="spacer battle-history"><br></div><div class="battle-history">tko withdrew joltage tha king.!<br></div><div class="battle-history">tko sent out ice beam the pory (<strong>Omanyte</strong>)!<br></div><div class="spacer battle-history"><br></div><div class="battle-history">corporal levi used <strong>Spore</strong>!<br></div><div class="battle-history"><small>The opposing ice beam the pory fell asleep!</small><br></div><div class="spacer battle-history"><br></div><h2 class="battle-history">Turn 3</h2><div class="spacer battle-history"><br></div><div class="battle-history">tko withdrew ice beam the pory!<br></div><div class="battle-history">tko sent out trash's body (<strong>Fletchling</strong>)!<br></div><div class="spacer battle-history"><br></div><div class="battle-history">corporal levi, come back!<br></div><div class="battle-history">Go! capteon (<strong>Magnemite</strong>)!<br></div><div class="spacer battle-history"><br></div><h2 class="battle-history">Turn 4</h2><div class="spacer battle-history"><br></div><div class="battle-history">The opposing trash's body used <strong>U-turn</strong>!<br></div><div class="battle-history"><small>It's not very effective...</small><br></div><div class="battle-history"><small>(capteon lost <abbr title="−2/22">9.1%</abbr> of its health!)</small><br></div><div class="spacer battle-history"><br></div><div class="battle-history">The opposing trash's body went back to tko!<br></div><div class="battle-history">tko sent out madoka (<strong>Drilbur</strong>)!<br></div><div class="battle-history"><small>[The opposing madoka's Mold Breaker]</small><br><small>The opposing madoka breaks the mold!</small><br></div><div class="spacer battle-history"><br></div><div class="battle-history">capteon used <strong>Flash Cannon</strong>!<br></div><div class="battle-history"><small>(The opposing madoka lost <abbr title="−10/23">43.5%</abbr> of its health!)</small><br></div><div class="battle-history"><small>The opposing madoka's Special Defense fell!</small><br></div><div class="spacer battle-history"><br></div><h2 class="battle-history">Turn 5</h2><div class="spacer battle-history"><br></div><div class="battle-history">capteon, come back!<br></div><div class="battle-history">Go! lax (<strong>Staryu</strong>)!<br></div><div class="spacer battle-history"><br></div><div class="battle-history">The opposing madoka used <strong>Stealth Rock</strong>!<br></div><div class="battle-history"><small>Pointed stones float in the air around your team!</small><br></div><div class="spacer battle-history"><br></div><h2 class="battle-history">Turn 6</h2><div class="spacer battle-history"><br></div><div class="battle-history">tko withdrew madoka!<br></div><div class="battle-history">tko sent out joltage tha king. (<strong>Timburr</strong>)!<br></div><div class="spacer battle-history"><br></div><div class="battle-history">lax used <strong>Scald</strong>!<br></div><div class="battle-history"><small>(The opposing joltage tha king. lost <abbr title="−6/24">25%</abbr> of its health!)</small><br></div><div class="battle-history"><small>The opposing joltage tha king. was burned!</small><br></div><div class="spacer battle-history"><br></div><div class="battle-history"><small>The opposing joltage tha king. was hurt by its burn!</small><br></div><div class="spacer battle-history"><br></div><h2 class="battle-history">Turn 7</h2><div class="spacer battle-history"><br></div><div class="battle-history">lax used <strong>Rapid Spin</strong>!<br></div><div class="battle-history"><small>(The opposing joltage tha king. lost <abbr title="−1/24">4.2%</abbr> of its health!)</small><br></div><div class="battle-history"><small>The pointed stones disappeared from around your team!</small><br></div><div class="spacer battle-history"><br></div><div class="battle-history">The opposing joltage tha king. used <strong>Drain Punch</strong>!<br></div><div class="battle-history"><small>(lax lost <abbr title="−10/21">47.6%</abbr> of its health!)</small><br></div><div class="battle-history"><small>lax had its energy drained!</small><br></div><div class="spacer battle-history"><br></div><div class="battle-history"><small>The opposing joltage tha king. was hurt by its burn!</small><br></div><div class="spacer battle-history"><br></div><h2 class="battle-history">Turn 8</h2><div class="spacer battle-history"><br></div><div class="battle-history">lax, come back!<br></div><div class="battle-history">Go! corporal levi (<strong>Foongus</strong>)!<br></div><div class="spacer battle-history"><br></div><div class="battle-history">The opposing joltage tha king. used <strong>Knock Off</strong>!<br></div><div class="battle-history"><small>(corporal levi lost <abbr title="−8/25">32%</abbr> of its health!)</small><br></div><div class="spacer battle-history"><br></div><div class="battle-history"><small>The opposing joltage tha king. was hurt by its burn!</small><br></div><div class="spacer battle-history"><br></div><h2 class="battle-history">Turn 9</h2><div class="spacer battle-history"><br></div><div class="battle-history">tko withdrew joltage tha king.!<br></div><div class="battle-history">tko sent out rssp1 ayy (<strong>Gastly</strong>)!<br></div><div class="spacer battle-history"><br></div><div class="battle-history">corporal levi, come back!<br></div><div class="battle-history">Go! capteon (<strong>Magnemite</strong>)!<br></div><div class="spacer battle-history"><br></div><h2 class="battle-history">Turn 10</h2><div class="spacer battle-history"><br></div><div class="battle-history">The opposing rssp1 ayy used <strong>Hidden Power</strong>!<br></div><div class="battle-history"><small>It's super effective!</small><br></div><div class="battle-history"><small>(capteon lost <abbr title="−13/22">59.1%</abbr> of its health!)</small><br></div><div class="battle-history"><small>The opposing rssp1 ayy lost some of its HP!</small><br></div><div class="spacer battle-history"><br></div><div class="battle-history">capteon used <strong>Volt Switch</strong>!<br></div><div class="battle-history"><small>(The opposing rssp1 ayy lost <abbr title="−13/19">68.4%</abbr> of its health!)</small><br></div><div class="spacer battle-history"><br></div><div class="battle-history">capteon went back to trash!<br></div><div class="battle-history">Go! ajna (<strong>Pawniard</strong>)!<br></div><div class="spacer battle-history"><br></div><h2 class="battle-history">Turn 11</h2><div class="spacer battle-history"><br></div><div class="battle-history">ajna used <strong>Pursuit</strong>!<br></div><div class="battle-history"><small>It's super effective!</small><br></div><div class="battle-history"><small>(The opposing rssp1 ayy lost <abbr title="−5/19">26.3%</abbr> of its health!)</small><br></div><div class="spacer battle-history"><br></div><div class="battle-history">The opposing rssp1 ayy fainted!<br></div><div class="spacer battle-history"><br></div><div class="battle-history">tko sent out trash's body (<strong>Fletchling</strong>)!<br></div><div class="spacer battle-history"><br></div><h2 class="battle-history">Turn 12</h2><div class="spacer battle-history"><br></div><div class="battle-history">ajna, come back!<br></div><div class="battle-history">Go! corporal levi (<strong>Foongus</strong>)!<br></div><div class="spacer battle-history"><br></div><div class="battle-history">The opposing trash's body used <strong>Swords Dance</strong>!<br></div><div class="battle-history"><small>The opposing trash's body's Attack rose sharply!</small><br></div><div class="spacer battle-history"><br></div><h2 class="battle-history">Turn 13</h2><div class="spacer battle-history"><br></div><div class="battle-history">corporal levi, come back!<br></div><div class="battle-history">Go! lax (<strong>Staryu</strong>)!<br></div><div class="spacer battle-history"><br></div><div class="battle-history">The opposing trash's body used <strong>Acrobatics</strong>!<br></div><div class="battle-history"><small>(lax lost <abbr title="−11/21">52.4%</abbr> of its health!)</small><br></div><div class="spacer battle-history"><br></div><div class="battle-history">lax fainted!<br></div><div class="spacer battle-history"><br></div><div class="battle-history">Go! capteon (<strong>Magnemite</strong>)!<br></div><div class="spacer battle-history"><br></div><h2 class="battle-history">Turn 14</h2><div class="spacer battle-history"><br></div><div class="battle-history">The opposing trash's body used <strong>Acrobatics</strong>!<br></div><div class="battle-history"><small>It's not very effective...</small><br></div><div class="battle-history"><small>(capteon lost <abbr title="−4/22">18.2%</abbr> of its health!)</small><br></div><div class="spacer battle-history"><br></div><div class="battle-history">capteon used <strong>Thunderbolt</strong>!<br></div><div class="battle-history"><small>It's super effective!</small><br></div><div class="battle-history"><small>(The opposing trash's body lost <abbr title="−22/22">100%</abbr> of its health!)</small><br></div><div class="spacer battle-history"><br></div><div class="battle-history">The opposing trash's body fainted!<br></div><div class="chat chatmessage-tko"><strong style="color:hsl(152,69%,38.419153807401294%)"><small>★</small><span class="username" data-name="tko">tko</span>:</strong> <em>hello</em></div><div class="chat chatmessage-tko"><strong style="color:hsl(152,69%,38.419153807401294%)"><small>★</small><span class="username" data-name="tko">tko</span>:</strong> <em>what</em></div><div class="spacer battle-history"><br></div><div class="battle-history">tko sent out melon irl?? (<strong>Abra</strong>)!<br></div><div class="spacer battle-history"><br></div><h2 class="battle-history">Turn 15</h2><div class="chat chatmessage-trash"><strong style="color:hsl(294,77%,44.746979875617974%)"><small>★</small><span class="username" data-name="trash">trash</span>:</strong> <em>?</em></div><div class="spacer battle-history"><br></div><div class="battle-history">The opposing melon irl?? used <strong>Psychic</strong>!<br></div><div class="battle-history"><small>It's not very effective...</small><br></div><div class="battle-history"><small>(capteon lost <abbr title="−3/22">13.6%</abbr> of its health!)</small><br></div><div class="spacer battle-history"><br></div><div class="battle-history">capteon fainted!<br></div><div class="spacer battle-history"><br></div><div class="battle-history">Go! oma (<strong>Gothita</strong>)!<br></div><div class="spacer battle-history"><br></div><h2 class="battle-history">Turn 16</h2><div class="spacer battle-history"><br></div><div class="battle-history">The opposing melon irl?? used <strong>Knock Off</strong>!<br></div><div class="battle-history"><small>It's super effective!</small><br></div><div class="battle-history"><small>(oma lost <abbr title="−8/24">33.3%</abbr> of its health!)</small><br></div><div class="battle-history"><small>The opposing melon irl?? knocked off oma's Eviolite!</small><br></div><div class="spacer battle-history"><br></div><div class="battle-history">oma used <strong>Calm Mind</strong>!<br></div><div class="battle-history"><small>oma's Special Attack rose!</small><br></div><div class="battle-history"><small>oma's Special Defense rose!</small><br></div><div class="spacer battle-history"><br></div><h2 class="battle-history">Turn 17</h2><div class="chat chatmessage-trash"><strong style="color:hsl(294,77%,44.746979875617974%)"><small>★</small><span class="username" data-name="trash">trash</span>:</strong> <em>ct</em></div><div class="spacer battle-history"><br></div><div class="battle-history">The opposing melon irl?? used <strong>Knock Off</strong>!<br></div><div class="battle-history"><small>It's super effective!</small><br></div><div class="battle-history"><small>(oma lost <abbr title="−8/24">33.3%</abbr> of its health!)</small><br></div><div class="spacer battle-history"><br></div><div class="battle-history">oma used <strong>Psychic</strong>!<br></div><div class="battle-history"><small>It's not very effective...</small><br></div><div class="battle-history"><small>(The opposing melon irl?? lost <abbr title="−7/19">36.8%</abbr> of its health!)</small><br></div><div class="spacer battle-history"><br></div><h2 class="battle-history">Turn 18</h2><div class="spacer battle-history"><br></div><div class="battle-history">The opposing melon irl?? used <strong>Knock Off</strong>!<br></div><div class="battle-history"><small>It's super effective!</small><br></div><div class="battle-history"><small>(oma lost <abbr title="−8/24">33.3%</abbr> of its health!)</small><br></div><div class="spacer battle-history"><br></div><div class="battle-history">oma fainted!<br></div><div class="spacer battle-history"><br></div><div class="battle-history">Go! ajna (<strong>Pawniard</strong>)!<br></div><div class="spacer battle-history"><br></div><h2 class="battle-history">Turn 19</h2><div class="spacer battle-history"><br></div><div class="battle-history">ajna used <strong>Pursuit</strong>!<br></div><div class="battle-history"><small>It's super effective!</small><br></div><div class="battle-history"><small>(The opposing melon irl?? lost <abbr title="−12/19">63.2%</abbr> of its health!)</small><br></div><div class="spacer battle-history"><br></div><div class="battle-history">The opposing melon irl?? fainted!<br></div><div class="spacer battle-history"><br></div><div class="battle-history">tko sent out joltage tha king. (<strong>Timburr</strong>)!<br></div><div class="spacer battle-history"><br></div><h2 class="battle-history">Turn 20</h2><div class="spacer battle-history"><br></div><div class="battle-history">ajna, come back!<br></div><div class="battle-history">Go! corporal levi (<strong>Foongus</strong>)!<br></div><div class="spacer battle-history"><br></div><div class="battle-history">The opposing joltage tha king. used <strong>Drain Punch</strong>!<br></div><div class="battle-history"><small>It's not very effective...</small><br></div><div class="battle-history"><small>(corporal levi lost <abbr title="−7/25">28.0%</abbr> of its health!)</small><br></div><div class="battle-history"><small>corporal levi had its energy drained!</small><br></div><div class="spacer battle-history"><br></div><div class="battle-history"><small>The opposing joltage tha king. was hurt by its burn!</small><br></div><div class="spacer battle-history"><br></div><h2 class="battle-history">Turn 21</h2><div class="spacer battle-history"><br></div><div class="battle-history">tko withdrew joltage tha king.!<br></div><div class="battle-history">tko sent out ice beam the pory (<strong>Omanyte</strong>)!<br></div><div class="spacer battle-history"><br></div><div class="battle-history">corporal levi used <strong>Giga Drain</strong>!<br></div><div class="battle-history"><small>It's super effective!</small><br></div><div class="battle-history"><small>(The opposing ice beam the pory lost <abbr title="−21/21">100%</abbr> of its health!)</small><br></div><div class="battle-history"><small>The opposing ice beam the pory had its energy drained!</small><br></div><div class="spacer battle-history"><br></div><div class="battle-history">The opposing ice beam the pory fainted!<br></div><div class="spacer battle-history"><br></div><div class="battle-history">tko sent out madoka (<strong>Drilbur</strong>)!<br></div><div class="battle-history"><small>[The opposing madoka's Mold Breaker]</small><br><small>The opposing madoka breaks the mold!</small><br></div><div class="spacer battle-history"><br></div><h2 class="battle-history">Turn 22</h2><div class="spacer battle-history"><br></div><div class="battle-history">The opposing madoka used <strong>Earthquake</strong>!<br></div><div class="battle-history"><small>(corporal levi lost <abbr title="−15/25">60%</abbr> of its health!)</small><br></div><div class="spacer battle-history"><br></div><div class="battle-history">corporal levi used <strong>Giga Drain</strong>!<br></div><div class="battle-history"><small>It's super effective!</small><br></div><div class="battle-history"><small>(The opposing madoka lost <abbr title="−13/23">56.5%</abbr> of its health!)</small><br></div><div class="battle-history"><small>The opposing madoka had its energy drained!</small><br></div><div class="spacer battle-history"><br></div><div class="battle-history">The opposing madoka fainted!<br></div><div class="spacer battle-history"><br></div><div class="battle-history">tko sent out joltage tha king. (<strong>Timburr</strong>)!<br></div><div class="spacer battle-history"><br></div><h2 class="battle-history">Turn 23</h2><div class="chat chatmessage-trash"><strong style="color:hsl(294,77%,44.746979875617974%)"><small>★</small><span class="username" data-name="trash">trash</span>:</strong> <em>gg</em></div><div class="spacer battle-history"><br></div><div class="battle-history">The opposing joltage tha king. used <strong>Knock Off</strong>!<br></div><div class="battle-history"><small>(corporal levi lost <abbr title="−9/25">36%</abbr> of its health!)</small><br></div><div class="spacer battle-history"><br></div><div class="battle-history">corporal levi used <strong>Giga Drain</strong>!<br></div><div class="battle-history"><small>(The opposing joltage tha king. lost <abbr title="−6/24">25%</abbr> of its health!)</small><br></div><div class="battle-history"><small>The opposing joltage tha king. had its energy drained!</small><br></div><div class="spacer battle-history"><br></div><div class="battle-history"><small>The opposing joltage tha king. was hurt by its burn!</small><br></div><div class="spacer battle-history"><br></div><h2 class="battle-history">Turn 24</h2><div class="spacer battle-history"><br></div><div class="battle-history">The opposing joltage tha king. used <strong>Knock Off</strong>!<br></div><div class="battle-history"><small>A critical hit!</small><br></div><div class="battle-history"><small>(corporal levi lost <abbr title="−11/25">44%</abbr> of its health!)</small><br></div><div class="spacer battle-history"><br></div><div class="battle-history">corporal levi fainted!<br></div><div class="spacer battle-history"><br></div><div class="battle-history"><small>The opposing joltage tha king. was hurt by its burn!</small><br></div><div class="spacer battle-history"><br></div><div class="battle-history">Go! waterlessmelon (<strong>Timburr</strong>)!<br></div><div class="spacer battle-history"><br></div><h2 class="battle-history">Turn 25</h2><div class="spacer battle-history"><br></div><div class="battle-history">waterlessmelon used <strong>Bulk Up</strong>!<br></div><div class="battle-history"><small>waterlessmelon's Attack rose!</small><br></div><div class="battle-history"><small>waterlessmelon's Defense rose!</small><br></div><div class="spacer battle-history"><br></div><div class="battle-history">The opposing joltage tha king. used <strong>Drain Punch</strong>!<br></div><div class="battle-history"><small>(waterlessmelon lost <abbr title="−7/25">28.0%</abbr> of its health!)</small><br></div><div class="battle-history"><small>waterlessmelon had its energy drained!</small><br></div><div class="spacer battle-history"><br></div><div class="battle-history"><small>The opposing joltage tha king. was hurt by its burn!</small><br></div><div class="spacer battle-history"><br></div><h2 class="battle-history">Turn 26</h2><div class="spacer battle-history"><br></div><div class="battle-history">waterlessmelon used <strong>Bulk Up</strong>!<br></div><div class="battle-history"><small>waterlessmelon's Attack rose!</small><br></div><div class="battle-history"><small>waterlessmelon's Defense rose!</small><br></div><div class="spacer battle-history"><br></div><div class="battle-history">The opposing joltage tha king. used <strong>Drain Punch</strong>!<br></div><div class="battle-history"><small>(waterlessmelon lost <abbr title="−6/25">24%</abbr> of its health!)</small><br></div><div class="battle-history"><small>waterlessmelon had its energy drained!</small><br></div><div class="spacer battle-history"><br></div><div class="battle-history"><small>The opposing joltage tha king. was hurt by its burn!</small><br></div><div class="spacer battle-history"><br></div><h2 class="battle-history">Turn 27</h2><div class="spacer battle-history"><br></div><div class="battle-history">waterlessmelon used <strong>Mach Punch</strong>!<br></div><div class="battle-history"><small>(The opposing joltage tha king. lost <abbr title="−3/24">12.5%</abbr> of its health!)</small><br></div><div class="spacer battle-history"><br></div><div class="battle-history">The opposing joltage tha king. fainted!<br></div><div class="spacer battle-history"><br></div><div class="battle-history"><strong>trash</strong> won the battle!<br></div></div><div class="inner-preempt"></div></div></div>
</div>
<script>
let daily = Math.floor(Date.now()/1000/60/60/24);document.write('<script src="https://play.pokemonshowdown.com/js/replay-embed.js?version'+daily+'"></'+'script>');
</script>
