<!DOCTYPE html>
<meta charset="utf-8" />
<!-- version 1 -->
<title>LC replay: Mortagon vs. eliwood_of_pherae</title>
<style>
html,body {font-family:Verdana, sans-serif;font-size:10pt;margin:0;padding:0;}body{padding:12px 0;} .battle-log {font-family:Verdana, sans-serif;font-size:10pt;} .battle-log-inline {border:1px solid #AAAAAA;background:#EEF2F5;color:black;max-width:640px;margin:0 auto 80px;padding-bottom:5px;} .battle-log .inner {padding:4px 8px 0px 8px;} .battle-log .inner-preempt {padding:0 8px 4px 8px;} .battle-log .inner-after {margin-top:0.5em;} .battle-log h2 {margin:0.5em -8px;padding:4px 8px;border:1px solid #AAAAAA;background:#E0E7EA;border-left:0;border-right:0;font-family:Verdana, sans-serif;font-size:13pt;} .battle-log .chat {vertical-align:middle;padding:3px 0 3px 0;font-size:8pt;} .battle-log .chat strong {color:#40576A;} .battle-log .chat em {padding:1px 4px 1px 3px;color:#000000;font-style:normal;} .chat.mine {background:rgba(0,0,0,0.05);margin-left:-8px;margin-right:-8px;padding-left:8px;padding-right:8px;} .spoiler {color:#BBBBBB;background:#BBBBBB;padding:0px 3px;} .spoiler:hover, .spoiler:active, .spoiler-shown {color:#000000;background:#E2E2E2;padding:0px 3px;} .spoiler a {color:#BBBBBB;} .spoiler:hover a, .spoiler:active a, .spoiler-shown a {color:#2288CC;} .chat code, .chat .spoiler:hover code, .chat .spoiler:active code, .chat .spoiler-shown code {border:1px solid #C0C0C0;background:#EEEEEE;color:black;padding:0 2px;} .chat .spoiler code {border:1px solid #CCCCCC;background:#CCCCCC;color:#CCCCCC;} .battle-log .rated {padding:3px 4px;} .battle-log .rated strong {color:white;background:#89A;padding:1px 4px;border-radius:4px;} .spacer {margin-top:0.5em;} .message-announce {background:#6688AA;color:white;padding:1px 4px 2px;} .message-announce a, .broadcast-green a, .broadcast-blue a, .broadcast-red a {color:#DDEEFF;} .broadcast-green {background-color:#559955;color:white;padding:2px 4px;} .broadcast-blue {background-color:#6688AA;color:white;padding:2px 4px;} .infobox {border:1px solid #6688AA;padding:2px 4px;} .infobox-limited {max-height:200px;overflow:auto;overflow-x:hidden;} .broadcast-red {background-color:#AA5544;color:white;padding:2px 4px;} .message-learn-canlearn {font-weight:bold;color:#228822;text-decoration:underline;} .message-learn-cannotlearn {font-weight:bold;color:#CC2222;text-decoration:underline;} .message-effect-weak {font-weight:bold;color:#CC2222;} .message-effect-resist {font-weight:bold;color:#6688AA;} .message-effect-immune {font-weight:bold;color:#666666;} .message-learn-list {margin-top:0;margin-bottom:0;} .message-throttle-notice, .message-error {color:#992222;} .message-overflow, .chat small.message-overflow {font-size:0pt;} .message-overflow::before {font-size:9pt;content:'...';} .subtle {color:#3A4A66;}
</style>
<div class="wrapper replay-wrapper" style="max-width:1180px;margin:0 auto">
<input type="hidden" name="replayid" value="lc-517638166" />
<div class="battle"></div><div class="battle-log"></div><div class="replay-controls"></div><div class="replay-controls-2"></div>
<h1 style="font-weight:normal;text-align:center"><strong>LC</strong><br /><a href="http://pokemonshowdown.com/users/mortagon" class="subtle" target="_blank">Mortagon</a> vs. <a href="http://pokemonshowdown.com/users/eliwoodofpherae" class="subtle" target="_blank">eliwood_of_pherae</a></h1>
<script type="text/plain" class="battle-log-data">|j|Mortagon
|j|eliwood_of_pherae
|player|p1|Mortagon|184
|player|p2|eliwood_of_pherae|49
|gametype|singles
|gen|6
|tier|LC
|seed|36308,6889,59058,58580
|clearpoke
|poke|p1|Foongus, L5, M, shiny|item
|poke|p1|Ponyta, L5, M, shiny|item
|poke|p1|Pawniard, L5, F, shiny|item
|poke|p1|Dratini, L5, M, shiny|item
|poke|p1|Finneon, L5, M|item
|poke|p1|Natu, L5, F, shiny|item
|poke|p2|Kabuto, L5, M|item
|poke|p2|Bonsly, L5, M|item
|poke|p2|Dwebble, L5, M|
|poke|p2|Croagunk, L5, M|item
|poke|p2|Trapinch, L5, F|item
|poke|p2|Goomy, L5, F|item
|rule|Sleep Clause Mod: Limit one foe put to sleep
|rule|Species Clause: Limit one of each Pokémon
|rule|OHKO Clause: OHKO moves are banned
|rule|Moody Clause: Moody is banned
|rule|Evasion Moves Clause: Evasion moves are banned
|rule|Endless Battle Clause: Forcing endless battles is banned
|rule|HP Percentage Mod: HP is shown in percentages
|teampreview
|c|★eliwood_of_pherae|Alright
|choice|team 5, team 2, team 3, team 4, team 1, team 6|team 1, team 2, team 3, team 4, team 5, team 6
|
|start
|switch|p1a: THE MASCOT|Finneon, L5, M|22\/22
|switch|p2a: Spin Controller|Kabuto, L5, M|19\/19
|turn|1
|choice|move scald|move stealthrock
|
|move|p1a: THE MASCOT|Scald|p2a: Spin Controller
|-damage|p2a: Spin Controller|6\/19
|-status|p2a: Spin Controller|brn
|move|p2a: Spin Controller|Stealth Rock|p1a: THE MASCOT
|-sidestart|p1: Mortagon|move: Stealth Rock
|
|-damage|p2a: Spin Controller|4\/19 brn|[from] brn
|upkeep
|turn|2
|choice|move defog|switch 6
|
|switch|p2a: Bounty Hunter|Goomy, L5, F|21\/21
|move|p1a: THE MASCOT|Defog|p2a: Bounty Hunter
|-unboost|p2a: Bounty Hunter|evasion|1
|-sideend|p1: Mortagon|Stealth Rock|[from] move: Defog|[of] p1a: THE MASCOT
|
|upkeep
|turn|3
|choice|move uturn|move infestation
|
|move|p1a: THE MASCOT|U-turn|p2a: Bounty Hunter
|-damage|p2a: Bounty Hunter|18\/21
|choice|switch 3|
|
|switch|p1a: Blue Ranger|Pawniard, L5, F, shiny|21\/21
|move|p2a: Bounty Hunter|Infestation|p1a: Blue Ranger
|-crit|p1a: Blue Ranger
|-damage|p1a: Blue Ranger|18\/21
|-activate|p1a: Blue Ranger|move: Infestation|[of] p2a: Bounty Hunter
|
|-damage|p1a: Blue Ranger|16\/21|[from] move: Infestation|[partiallytrapped]
|upkeep
|turn|4
|choice|move knockoff|switch 4
|
|switch|p2a: Vital Vitriol|Croagunk, L5, M|21\/21
|move|p1a: Blue Ranger|Knock Off|p2a: Vital Vitriol
|-resisted|p2a: Vital Vitriol
|-damage|p2a: Vital Vitriol|10\/21
|-enditem|p2a: Vital Vitriol|Focus Sash|[from] move: Knock Off|[of] p1a: Blue Ranger
|
|upkeep
|turn|5
|choice|switch 5|move vacuumwave
|
|switch|p1a: Just the tip|Foongus, L5, M, shiny|25\/25
|move|p2a: Vital Vitriol|Vacuum Wave|p1a: Just the tip
|-resisted|p1a: Just the tip
|-damage|p1a: Just the tip|23\/25
|
|upkeep
|turn|6
|choice|move spore|switch 4
|
|switch|p2a: Bounty Hunter|Goomy, L5, F|18\/21
|move|p1a: Just the tip|Spore|p2a: Bounty Hunter
|-ability|p2a: Bounty Hunter|Sap Sipper|boost
|-boost|p2a: Bounty Hunter|atk|1
|
|upkeep
|turn|7
|choice|move sludgebomb|move infestation
|
|move|p2a: Bounty Hunter|Infestation|p1a: Just the tip
|-damage|p1a: Just the tip|22\/25
|-activate|p1a: Just the tip|move: Infestation|[of] p2a: Bounty Hunter
|move|p1a: Just the tip|Sludge Bomb|p2a: Bounty Hunter
|-damage|p2a: Bounty Hunter|12\/21
|-status|p2a: Bounty Hunter|psn
|
|-damage|p2a: Bounty Hunter|10\/21 psn|[from] psn
|-damage|p1a: Just the tip|19\/25|[from] move: Infestation|[partiallytrapped]
|upkeep
|turn|8
|choice|move gigadrain|move rest
|
|move|p2a: Bounty Hunter|Rest|p2a: Bounty Hunter
|-status|p2a: Bounty Hunter|slp
|-heal|p2a: Bounty Hunter|21\/21 slp|[silent]
|-status|p2a: Bounty Hunter|slp|[from] move: Rest
|move|p1a: Just the tip|Giga Drain|p2a: Bounty Hunter
|-ability|p2a: Bounty Hunter|Sap Sipper|boost
|-boost|p2a: Bounty Hunter|atk|1
|
|-damage|p1a: Just the tip|16\/25|[from] move: Infestation|[partiallytrapped]
|upkeep
|turn|9
|c|★Mortagon|oh lol
|choice|move clearsmog|move sleeptalk
|
|cant|p2a: Bounty Hunter|slp
|move|p2a: Bounty Hunter|Sleep Talk|p2a: Bounty Hunter
|move|p2a: Bounty Hunter|Rest|p2a: Bounty Hunter|[from]Sleep Talk
|-fail|p2a: Bounty Hunter
|move|p1a: Just the tip|Clear Smog|p2a: Bounty Hunter
|-damage|p2a: Bounty Hunter|18\/21 slp
|-clearboost|p2a: Bounty Hunter
|
|-damage|p1a: Just the tip|13\/25|[from] move: Infestation|[partiallytrapped]
|upkeep
|turn|10
|choice|move sludgebomb|move sleeptalk
|
|cant|p2a: Bounty Hunter|slp
|move|p2a: Bounty Hunter|Sleep Talk|p2a: Bounty Hunter
|move|p2a: Bounty Hunter|Infestation|p1a: Just the tip|[from]Sleep Talk
|-damage|p1a: Just the tip|12\/25
|move|p1a: Just the tip|Sludge Bomb|p2a: Bounty Hunter
|-damage|p2a: Bounty Hunter|12\/21 slp
|
|-damage|p1a: Just the tip|9\/25|[from] move: Infestation|[partiallytrapped]
|upkeep
|turn|11
|choice|move sludgebomb|move rest
|
|-curestatus|p2a: Bounty Hunter|slp|[msg]
|move|p2a: Bounty Hunter|Rest|p2a: Bounty Hunter
|-status|p2a: Bounty Hunter|slp
|-heal|p2a: Bounty Hunter|21\/21 slp|[silent]
|-status|p2a: Bounty Hunter|slp|[from] move: Rest
|move|p1a: Just the tip|Sludge Bomb|p2a: Bounty Hunter
|-damage|p2a: Bounty Hunter|15\/21 slp
|
|-end|p1a: Just the tip|Infestation|[partiallytrapped]
|upkeep
|turn|12
|c|★Mortagon|wow that's cancer lol
|choice|move sludgebomb|move sleeptalk
|
|cant|p2a: Bounty Hunter|slp
|move|p2a: Bounty Hunter|Sleep Talk|p2a: Bounty Hunter
|move|p2a: Bounty Hunter|Outrage|p1a: Just the tip|[from]Sleep Talk
|-damage|p1a: Just the tip|0 fnt
|faint|p1a: Just the tip
|
|upkeep
|choice|switch 5|
|
|switch|p1a: Blue Ranger|Pawniard, L5, F, shiny|16\/21
|turn|13
|choice|move swordsdance|switch 6
|
|switch|p2a: Spin Controller|Kabuto, L5, M|4\/19 brn
|move|p1a: Blue Ranger|Swords Dance|p1a: Blue Ranger
|-boost|p1a: Blue Ranger|atk|2
|
|-damage|p2a: Spin Controller|2\/19 brn|[from] brn
|upkeep
|turn|14
|choice|move knockoff|move aquajet
|
|move|p2a: Spin Controller|Aqua Jet|p1a: Blue Ranger
|-damage|p1a: Blue Ranger|14\/21
|move|p1a: Blue Ranger|Knock Off|p2a: Spin Controller
|-damage|p2a: Spin Controller|0 fnt
|-enditem|p2a: Spin Controller|Focus Sash|[from] move: Knock Off|[of] p1a: Blue Ranger
|faint|p2a: Spin Controller
|
|upkeep
|choice||switch 4
|
|switch|p2a: Vital Vitriol|Croagunk, L5, M|10\/21
|turn|15
|choice|switch 6|move vacuumwave
|
|switch|p1a: Natu-day|Natu, L5, F, shiny|23\/23
|move|p2a: Vital Vitriol|Vacuum Wave|p1a: Natu-day
|-resisted|p1a: Natu-day
|-damage|p1a: Natu-day|22\/23
|
|upkeep
|turn|16
|choice|move psychic|switch 2
|
|switch|p2a: Decadent Dandy|Bonsly, L5, M|21\/21
|move|p1a: Natu-day|Psychic|p2a: Decadent Dandy
|-damage|p2a: Decadent Dandy|11\/21
|-enditem|p2a: Decadent Dandy|Eject Button
|choice||switch 3
|
|switch|p2a: Stalwart|Dwebble, L5, M|21\/21
|
|upkeep
|turn|17
|j|Devoman
|choice|move thunderwave|move shellsmash
|
|move|p2a: Stalwart|Shell Smash|p2a: Stalwart
|-unboost|p2a: Stalwart|def|1
|-unboost|p2a: Stalwart|spd|1
|-boost|p2a: Stalwart|atk|2
|-boost|p2a: Stalwart|spa|2
|-boost|p2a: Stalwart|spe|2
|move|p1a: Natu-day|Thunder Wave|p2a: Stalwart
|-status|p2a: Stalwart|par
|
|upkeep
|turn|18
|choice|move psychic|move knockoff
|
|move|p1a: Natu-day|Psychic|p2a: Stalwart
|-ability|p2a: Stalwart|Sturdy
|-damage|p2a: Stalwart|1\/21 par
|move|p2a: Stalwart|Knock Off|p1a: Natu-day
|-supereffective|p1a: Natu-day
|-damage|p1a: Natu-day|0 fnt
|-enditem|p1a: Natu-day|Eviolite|[from] move: Knock Off|[of] p2a: Stalwart
|faint|p1a: Natu-day
|
|upkeep
|choice|switch 2|
|
|switch|p1a: My little Poni|Ponyta, L5, M, shiny|21\/21
|turn|19
|choice|move flamecharge|move earthquake
|
|move|p1a: My little Poni|Flame Charge|p2a: Stalwart
|-damage|p2a: Stalwart|0 fnt
|-boost|p1a: My little Poni|spe|1
|faint|p2a: Stalwart
|
|upkeep
|choice||switch 5
|
|switch|p2a: Claws of Fate|Trapinch, L5, F|21\/21
|turn|20
|choice|move willowisp|move earthquake
|
|move|p1a: My little Poni|Will-O-Wisp|p2a: Claws of Fate
|-status|p2a: Claws of Fate|brn
|move|p2a: Claws of Fate|Earthquake|p1a: My little Poni
|-supereffective|p1a: My little Poni
|-damage|p1a: My little Poni|9\/21
|
|-damage|p2a: Claws of Fate|19\/21 brn|[from] brn
|upkeep
|turn|21
|choice|move morningsun|move earthquake
|
|move|p1a: My little Poni|Morning Sun|p1a: My little Poni
|-heal|p1a: My little Poni|19\/21
|move|p2a: Claws of Fate|Earthquake|p1a: My little Poni
|-supereffective|p1a: My little Poni
|-damage|p1a: My little Poni|7\/21
|
|-damage|p2a: Claws of Fate|17\/21 brn|[from] brn
|upkeep
|turn|22
|c|★eliwood_of_pherae|I forgot the item on dwebs
|choice|move morningsun|move facade
|
|move|p1a: My little Poni|Morning Sun|p1a: My little Poni
|-heal|p1a: My little Poni|17\/21
|move|p2a: Claws of Fate|Facade|p1a: My little Poni
|-damage|p1a: My little Poni|7\/21
|
|-damage|p2a: Claws of Fate|15\/21 brn|[from] brn
|upkeep
|turn|23
|choice|move morningsun|switch 3
|
|switch|p2a: Decadent Dandy|Bonsly, L5, M|11\/21
|move|p1a: My little Poni|Morning Sun|p1a: My little Poni
|-heal|p1a: My little Poni|17\/21
|
|upkeep
|turn|24
|choice|move willowisp|move stealthrock
|
|move|p1a: My little Poni|Will-O-Wisp|p2a: Decadent Dandy
|-status|p2a: Decadent Dandy|brn
|move|p2a: Decadent Dandy|Stealth Rock|p1a: My little Poni
|-sidestart|p1: Mortagon|move: Stealth Rock
|
|-damage|p2a: Decadent Dandy|9\/21 brn|[from] brn
|upkeep
|turn|25
|choice|move flamecharge|switch 3
|
|switch|p2a: Claws of Fate|Trapinch, L5, F|15\/21 brn
|move|p1a: My little Poni|Flame Charge|p2a: Claws of Fate
|-damage|p2a: Claws of Fate|9\/21 brn
|-boost|p1a: My little Poni|spe|1
|
|-damage|p2a: Claws of Fate|7\/21 brn|[from] brn
|upkeep
|turn|26
|choice|move flareblitz|move earthquake
|
|move|p1a: My little Poni|Flare Blitz|p2a: Claws of Fate
|-damage|p2a: Claws of Fate|0 fnt
|-damage|p1a: My little Poni|15\/21|[from] recoil|[of] p2a: Claws of Fate
|faint|p2a: Claws of Fate
|
|upkeep
|choice||switch 6
|
|switch|p2a: Bounty Hunter|Goomy, L5, F|15\/21 slp
|turn|27
|choice|switch 6|move sleeptalk
|
|switch|p1a: Blue Ranger|Pawniard, L5, F, shiny|14\/21
|-damage|p1a: Blue Ranger|13\/21|[from] Stealth Rock
|cant|p2a: Bounty Hunter|slp
|move|p2a: Bounty Hunter|Sleep Talk|p2a: Bounty Hunter
|move|p2a: Bounty Hunter|Outrage|p1a: Blue Ranger|[from]Sleep Talk
|-resisted|p1a: Blue Ranger
|-damage|p1a: Blue Ranger|8\/21
|
|upkeep
|turn|28
|choice|move knockoff|switch 3
|
|switch|p2a: Decadent Dandy|Bonsly, L5, M|9\/21 brn
|move|p1a: Blue Ranger|Knock Off|p2a: Decadent Dandy
|-crit|p2a: Decadent Dandy
|-damage|p2a: Decadent Dandy|0 fnt
|faint|p2a: Decadent Dandy
|
|upkeep
|choice||switch 2
|
|switch|p2a: Vital Vitriol|Croagunk, L5, M|10\/21
|turn|29
|choice|move ironhead|move vacuumwave
|
|move|p2a: Vital Vitriol|Vacuum Wave|p1a: Blue Ranger
|-supereffective|p1a: Blue Ranger
|-damage|p1a: Blue Ranger|0 fnt
|faint|p1a: Blue Ranger
|
|upkeep
|choice|switch 3|
|
|switch|p1a: THE MASCOT|Finneon, L5, M|22\/22
|-damage|p1a: THE MASCOT|20\/22|[from] Stealth Rock
|turn|30
|choice|move uturn|move drainpunch
|
|move|p1a: THE MASCOT|U-turn|p2a: Vital Vitriol
|-resisted|p2a: Vital Vitriol
|-damage|p2a: Vital Vitriol|9\/21
|choice|switch 6|
|
|switch|p1a: My little Poni|Ponyta, L5, M, shiny|15\/21
|-damage|p1a: My little Poni|10\/21|[from] Stealth Rock
|move|p2a: Vital Vitriol|Drain Punch|p1a: My little Poni
|-damage|p1a: My little Poni|3\/21
|-heal|p2a: Vital Vitriol|13\/21|[from] drain|[of] p1a: My little Poni
|
|upkeep
|turn|31
|c|★Mortagon|ah i fucked up
|choice|move morningsun|move vacuumwave
|
|move|p2a: Vital Vitriol|Vacuum Wave|p1a: My little Poni
|-damage|p1a: My little Poni|0 fnt
|faint|p1a: My little Poni
|
|upkeep
|choice|switch 4|
|
|switch|p1a: Gay Worm|Dratini, L5, M, shiny|20\/20
|-damage|p1a: Gay Worm|18\/20|[from] Stealth Rock
|turn|32
|choice|move outrage|move icepunch
|
|move|p1a: Gay Worm|Outrage|p2a: Vital Vitriol
|-damage|p2a: Vital Vitriol|0 fnt
|-damage|p1a: Gay Worm|16\/20|[from] item: Life Orb
|faint|p2a: Vital Vitriol
|
|upkeep
|c|★Mortagon|ok phew
|choice||switch 3
|
|switch|p2a: Bounty Hunter|Goomy, L5, F|15\/21 slp
|turn|33
|choice|move outrage|move outrage
|
|move|p1a: Gay Worm|Outrage|p2a: Bounty Hunter|[from]lockedmove
|-supereffective|p2a: Bounty Hunter
|-damage|p2a: Bounty Hunter|0 fnt
|-damage|p1a: Gay Worm|14\/20|[from] item: Life Orb
|-start|p1a: Gay Worm|confusion|[fatigue]
|faint|p2a: Bounty Hunter
|
|win|Mortagon
|player|p1
|player|p2
|c|★Mortagon|gg
|c|★eliwood_of_pherae|gg</script>
</div>
<div class="battle-log battle-log-inline"><div class="inner"><div class="battle-options"></div><div class="inner"><div class="chat"><small>Mortagon joined.</small></div><div class="chat"><small>eliwood_of_pherae joined.</small></div><div class=""><small>Format:</small> <br><strong>LC</strong></div><div class=""><small><em>Sleep Clause Mod:</em> Limit one foe put to sleep</small></div><div class=""><small><em>Species Clause:</em> Limit one of each Pokémon</small></div><div class=""><small><em>OHKO Clause:</em> OHKO moves are banned</small></div><div class=""><small><em>Moody Clause:</em> Moody is banned</small></div><div class=""><small><em>Evasion Moves Clause:</em> Evasion moves are banned</small></div><div class=""><small><em>Endless Battle Clause:</em> Forcing endless battles is banned</small></div><div class=""><small><em>HP Percentage Mod:</em> HP is shown in percentages</small></div><div class="chat battle-history"><strong>Mortagon's team:</strong> <em style="color:#445566;display:block;">Foongus / Ponyta / Pawniard / Dratini / Finneon / Natu</em></div><div class="chat battle-history"><strong>eliwood_of_pherae's team:</strong> <em style="color:#445566;display:block;">Kabuto / Bonsly / Dwebble / Croagunk / Trapinch / Goomy</em></div><div class="chat chatmessage-eliwoodofpherae"><strong style="color:hsl(193,67%,45.54202110162206%)"><small>★</small><span class="username" data-name="eliwood_of_pherae">eliwood_of_pherae</span>:</strong> <em>Alright</em></div><div class="spacer battle-history"><br></div><div class="battle-history">Battle started between Mortagon and eliwood_of_pherae!<br></div><div class="spacer battle-history"><br></div><div class="battle-history">Go! THE MASCOT (<strong>Finneon</strong>)!<br></div><div class="spacer battle-history"><br></div><div class="battle-history">eliwood_of_pherae sent out Spin Controller (<strong>Kabuto</strong>)!<br></div><div class="spacer battle-history"><br></div><h2 class="battle-history">Turn 1</h2><div class="spacer battle-history"><br></div><div class="battle-history">THE MASCOT used <strong>Scald</strong>!<br></div><div class="battle-history"><small>(The opposing Spin Controller lost <abbr title="−13/19">68.4%</abbr> of its health!)</small><br></div><div class="battle-history"><small>The opposing Spin Controller was burned!</small><br></div><div class="spacer battle-history"><br></div><div class="battle-history">The opposing Spin Controller used <strong>Stealth Rock</strong>!<br></div><div class="battle-history"><small>Pointed stones float in the air around your team!</small><br></div><div class="spacer battle-history"><br></div><div class="battle-history"><small>The opposing Spin Controller was hurt by its burn!</small><br></div><div class="spacer battle-history"><br></div><h2 class="battle-history">Turn 2</h2><div class="spacer battle-history"><br></div><div class="battle-history">eliwood_of_pherae withdrew Spin Controller!<br></div><div class="battle-history">eliwood_of_pherae sent out Bounty Hunter (<strong>Goomy</strong>)!<br></div><div class="spacer battle-history"><br></div><div class="battle-history">THE MASCOT used <strong>Defog</strong>!<br></div><div class="battle-history"><small>The opposing Bounty Hunter's evasiveness fell!</small><br></div><div class="battle-history"><small>The pointed stones disappeared from around your team!</small><br></div><div class="spacer battle-history"><br></div><h2 class="battle-history">Turn 3</h2><div class="spacer battle-history"><br></div><div class="battle-history">THE MASCOT used <strong>U-turn</strong>!<br></div><div class="battle-history"><small>(The opposing Bounty Hunter lost <abbr title="−3/21">14.3%</abbr> of its health!)</small><br></div><div class="spacer battle-history"><br></div><div class="battle-history">THE MASCOT went back to Mortagon!<br></div><div class="battle-history">Go! Blue Ranger (<strong>Pawniard</strong>)!<br></div><div class="spacer battle-history"><br></div><div class="battle-history">The opposing Bounty Hunter used <strong>Infestation</strong>!<br></div><div class="battle-history"><small>A critical hit!</small><br></div><div class="battle-history"><small>(Blue Ranger lost <abbr title="−3/21">14.3%</abbr> of its health!)</small><br></div><div class="battle-history"><small>Blue Ranger has been afflicted with an infestation by the opposing Bounty Hunter!</small><br></div><div class="spacer battle-history"><br></div><div class="battle-history"><small>Blue Ranger is hurt by Infestation!</small><br></div><div class="spacer battle-history"><br></div><h2 class="battle-history">Turn 4</h2><div class="spacer battle-history"><br></div><div class="battle-history">eliwood_of_pherae withdrew Bounty Hunter!<br></div><div class="battle-history">eliwood_of_pherae sent out Vital Vitriol (<strong>Croagunk</strong>)!<br></div><div class="spacer battle-history"><br></div><div class="battle-history">Blue Ranger used <strong>Knock Off</strong>!<br></div><div class="battle-history"><small>It's not very effective...</small><br></div><div class="battle-history"><small>(The opposing Vital Vitriol lost <abbr title="−11/21">52.4%</abbr> of its health!)</small><br></div><div class="battle-history"><small>Blue Ranger knocked off the opposing Vital Vitriol's Focus Sash!</small><br></div><div class="spacer battle-history"><br></div><h2 class="battle-history">Turn 5</h2><div class="spacer battle-history"><br></div><div class="battle-history">Blue Ranger, come back!<br></div><div class="battle-history">Go! Just the tip (<strong>Foongus</strong>)!<br></div><div class="spacer battle-history"><br></div><div class="battle-history">The opposing Vital Vitriol used <strong>Vacuum Wave</strong>!<br></div><div class="battle-history"><small>It's not very effective...</small><br></div><div class="battle-history"><small>(Just the tip lost <abbr title="−2/25">8%</abbr> of its health!)</small><br></div><div class="spacer battle-history"><br></div><h2 class="battle-history">Turn 6</h2><div class="spacer battle-history"><br></div><div class="battle-history">eliwood_of_pherae withdrew Vital Vitriol!<br></div><div class="battle-history">eliwood_of_pherae sent out Bounty Hunter (<strong>Goomy</strong>)!<br></div><div class="spacer battle-history"><br></div><div class="battle-history">Just the tip used <strong>Spore</strong>!<br></div><div class="battle-history"><small>[The opposing Bounty Hunter's Sap Sipper]</small><br></div><div class="battle-history"><small>The opposing Bounty Hunter's Attack rose!</small><br></div><div class="spacer battle-history"><br></div><h2 class="battle-history">Turn 7</h2><div class="spacer battle-history"><br></div><div class="battle-history">The opposing Bounty Hunter used <strong>Infestation</strong>!<br></div><div class="battle-history"><small>(Just the tip lost <abbr title="−1/25">4%</abbr> of its health!)</small><br></div><div class="battle-history"><small>Just the tip has been afflicted with an infestation by the opposing Bounty Hunter!</small><br></div><div class="spacer battle-history"><br></div><div class="battle-history">Just the tip used <strong>Sludge Bomb</strong>!<br></div><div class="battle-history"><small>(The opposing Bounty Hunter lost <abbr title="−6/21">28.6%</abbr> of its health!)</small><br></div><div class="battle-history"><small>The opposing Bounty Hunter was poisoned!</small><br></div><div class="spacer battle-history"><br></div><div class="battle-history"><small>The opposing Bounty Hunter was hurt by poison!</small><br></div><div class="battle-history"><small>Just the tip is hurt by Infestation!</small><br></div><div class="spacer battle-history"><br></div><h2 class="battle-history">Turn 8</h2><div class="spacer battle-history"><br></div><div class="battle-history">The opposing Bounty Hunter used <strong>Rest</strong>!<br></div><div class="battle-history"><small>The opposing Bounty Hunter fell asleep!</small><br></div><div class="battle-history"><small>The opposing Bounty Hunter slept and became healthy!</small><br></div><div class="spacer battle-history"><br></div><div class="battle-history">Just the tip used <strong>Giga Drain</strong>!<br></div><div class="battle-history"><small>[The opposing Bounty Hunter's Sap Sipper]</small><br></div><div class="battle-history"><small>The opposing Bounty Hunter's Attack rose!</small><br></div><div class="spacer battle-history"><br></div><div class="battle-history"><small>Just the tip is hurt by Infestation!</small><br></div><div class="spacer battle-history"><br></div><h2 class="battle-history">Turn 9</h2><div class="chat chatmessage-mortagon"><strong style="color:hsl(82,47%,41%)"><small>★</small><span class="username" data-name="Mortagon">Mortagon</span>:</strong> <em>oh lol</em></div><div class="spacer battle-history"><br></div><div class="battle-history">The opposing Bounty Hunter is fast asleep.<br></div><div class="spacer battle-history"><br></div><div class="battle-history">The opposing Bounty Hunter used <strong>Sleep Talk</strong>!<br></div><div class="spacer battle-history"><br></div><div class="battle-history">The opposing Bounty Hunter used <strong>Rest</strong>!<br></div><div class="battle-history"><small>But it failed!</small><br></div><div class="spacer battle-history"><br></div><div class="battle-history">Just the tip used <strong>Clear Smog</strong>!<br></div><div class="battle-history"><small>(The opposing Bounty Hunter lost <abbr title="−3/21">14.3%</abbr> of its health!)</small><br></div><div class="battle-history"><small>The opposing Bounty Hunter's stat changes were removed!</small><br></div><div class="spacer battle-history"><br></div><div class="battle-history"><small>Just the tip is hurt by Infestation!</small><br></div><div class="spacer battle-history"><br></div><h2 class="battle-history">Turn 10</h2><div class="spacer battle-history"><br></div><div class="battle-history">The opposing Bounty Hunter is fast asleep.<br></div><div class="spacer battle-history"><br></div><div class="battle-history">The opposing Bounty Hunter used <strong>Sleep Talk</strong>!<br></div><div class="spacer battle-history"><br></div><div class="battle-history">The opposing Bounty Hunter used <strong>Infestation</strong>!<br></div><div class="battle-history"><small>(Just the tip lost <abbr title="−1/25">4%</abbr> of its health!)</small><br></div><div class="spacer battle-history"><br></div><div class="battle-history">Just the tip used <strong>Sludge Bomb</strong>!<br></div><div class="battle-history"><small>(The opposing Bounty Hunter lost <abbr title="−6/21">28.6%</abbr> of its health!)</small><br></div><div class="spacer battle-history"><br></div><div class="battle-history"><small>Just the tip is hurt by Infestation!</small><br></div><div class="spacer battle-history"><br></div><h2 class="battle-history">Turn 11</h2><div class="spacer battle-history"><br></div><div class="battle-history"><small>The opposing Bounty Hunter woke up!</small><br></div><div class="spacer battle-history"><br></div><div class="battle-history">The opposing Bounty Hunter used <strong>Rest</strong>!<br></div><div class="battle-history"><small>The opposing Bounty Hunter fell asleep!</small><br></div><div class="battle-history"><small>The opposing Bounty Hunter slept and became healthy!</small><br></div><div class="spacer battle-history"><br></div><div class="battle-history">Just the tip used <strong>Sludge Bomb</strong>!<br></div><div class="battle-history"><small>(The opposing Bounty Hunter lost <abbr title="−6/21">28.6%</abbr> of its health!)</small><br></div><div class="spacer battle-history"><br></div><div class="battle-history"><small>Just the tip was freed from Infestation!</small><br></div><div class="spacer battle-history"><br></div><h2 class="battle-history">Turn 12</h2><div class="chat chatmessage-mortagon"><strong style="color:hsl(82,47%,41%)"><small>★</small><span class="username" data-name="Mortagon">Mortagon</span>:</strong> <em>wow that's cancer lol</em></div><div class="spacer battle-history"><br></div><div class="battle-history">The opposing Bounty Hunter is fast asleep.<br></div><div class="spacer battle-history"><br></div><div class="battle-history">The opposing Bounty Hunter used <strong>Sleep Talk</strong>!<br></div><div class="spacer battle-history"><br></div><div class="battle-history">The opposing Bounty Hunter used <strong>Outrage</strong>!<br></div><div class="battle-history"><small>(Just the tip lost <abbr title="−9/25">36%</abbr> of its health!)</small><br></div><div class="spacer battle-history"><br></div><div class="battle-history">Just the tip fainted!<br></div><div class="spacer battle-history"><br></div><div class="battle-history">Go! Blue Ranger (<strong>Pawniard</strong>)!<br></div><div class="spacer battle-history"><br></div><h2 class="battle-history">Turn 13</h2><div class="spacer battle-history"><br></div><div class="battle-history">eliwood_of_pherae withdrew Bounty Hunter!<br></div><div class="battle-history">eliwood_of_pherae sent out Spin Controller (<strong>Kabuto</strong>)!<br></div><div class="spacer battle-history"><br></div><div class="battle-history">Blue Ranger used <strong>Swords Dance</strong>!<br></div><div class="battle-history"><small>Blue Ranger's Attack rose sharply!</small><br></div><div class="spacer battle-history"><br></div><div class="battle-history"><small>The opposing Spin Controller was hurt by its burn!</small><br></div><div class="spacer battle-history"><br></div><h2 class="battle-history">Turn 14</h2><div class="spacer battle-history"><br></div><div class="battle-history">The opposing Spin Controller used <strong>Aqua Jet</strong>!<br></div><div class="battle-history"><small>(Blue Ranger lost <abbr title="−2/21">9.5%</abbr> of its health!)</small><br></div><div class="spacer battle-history"><br></div><div class="battle-history">Blue Ranger used <strong>Knock Off</strong>!<br></div><div class="battle-history"><small>(The opposing Spin Controller lost <abbr title="−2/19">10.5%</abbr> of its health!)</small><br></div><div class="battle-history"><small>Blue Ranger knocked off the opposing Spin Controller's Focus Sash!</small><br></div><div class="spacer battle-history"><br></div><div class="battle-history">The opposing Spin Controller fainted!<br></div><div class="spacer battle-history"><br></div><div class="battle-history">eliwood_of_pherae sent out Vital Vitriol (<strong>Croagunk</strong>)!<br></div><div class="spacer battle-history"><br></div><h2 class="battle-history">Turn 15</h2><div class="spacer battle-history"><br></div><div class="battle-history">Blue Ranger, come back!<br></div><div class="battle-history">Go! Natu-day (<strong>Natu</strong>)!<br></div><div class="spacer battle-history"><br></div><div class="battle-history">The opposing Vital Vitriol used <strong>Vacuum Wave</strong>!<br></div><div class="battle-history"><small>It's not very effective...</small><br></div><div class="battle-history"><small>(Natu-day lost <abbr title="−1/23">4.3%</abbr> of its health!)</small><br></div><div class="spacer battle-history"><br></div><h2 class="battle-history">Turn 16</h2><div class="spacer battle-history"><br></div><div class="battle-history">eliwood_of_pherae withdrew Vital Vitriol!<br></div><div class="battle-history">eliwood_of_pherae sent out Decadent Dandy (<strong>Bonsly</strong>)!<br></div><div class="spacer battle-history"><br></div><div class="battle-history">Natu-day used <strong>Psychic</strong>!<br></div><div class="battle-history"><small>(The opposing Decadent Dandy lost <abbr title="−10/21">47.6%</abbr> of its health!)</small><br></div><div class="battle-history"><small>The opposing Decadent Dandy is switched out with the Eject Button!</small><br></div><div class="spacer battle-history"><br></div><div class="battle-history">eliwood_of_pherae withdrew Decadent Dandy!<br></div><div class="battle-history">eliwood_of_pherae sent out Stalwart (<strong>Dwebble</strong>)!<br></div><div class="spacer battle-history"><br></div><h2 class="battle-history">Turn 17</h2><div class="chat"><small>Devoman joined.</small></div><div class="spacer battle-history"><br></div><div class="battle-history">The opposing Stalwart used <strong>Shell Smash</strong>!<br></div><div class="battle-history"><small>The opposing Stalwart's Defense fell!</small><br></div><div class="battle-history"><small>The opposing Stalwart's Special Defense fell!</small><br></div><div class="battle-history"><small>The opposing Stalwart's Attack rose sharply!</small><br></div><div class="battle-history"><small>The opposing Stalwart's Special Attack rose sharply!</small><br></div><div class="battle-history"><small>The opposing Stalwart's Speed rose sharply!</small><br></div><div class="spacer battle-history"><br></div><div class="battle-history">Natu-day used <strong>Thunder Wave</strong>!<br></div><div class="battle-history"><small>The opposing Stalwart is paralyzed! It may be unable to move!</small><br></div><div class="spacer battle-history"><br></div><h2 class="battle-history">Turn 18</h2><div class="spacer battle-history"><br></div><div class="battle-history">Natu-day used <strong>Psychic</strong>!<br></div><div class="battle-history"><small>[The opposing Stalwart's Sturdy]</small><br><small>The opposing Stalwart endured the hit!</small><br></div><div class="battle-history"><small>(The opposing Stalwart lost <abbr title="−20/21">95.2%</abbr> of its health!)</small><br></div><div class="spacer battle-history"><br></div><div class="battle-history">The opposing Stalwart used <strong>Knock Off</strong>!<br></div><div class="battle-history"><small>It's super effective!</small><br></div><div class="battle-history"><small>(Natu-day lost <abbr title="−22/23">95.7%</abbr> of its health!)</small><br></div><div class="battle-history"><small>The opposing Stalwart knocked off Natu-day's Eviolite!</small><br></div><div class="spacer battle-history"><br></div><div class="battle-history">Natu-day fainted!<br></div><div class="spacer battle-history"><br></div><div class="battle-history">Go! My little Poni (<strong>Ponyta</strong>)!<br></div><div class="spacer battle-history"><br></div><h2 class="battle-history">Turn 19</h2><div class="spacer battle-history"><br></div><div class="battle-history">My little Poni used <strong>Flame Charge</strong>!<br></div><div class="battle-history"><small>(The opposing Stalwart lost <abbr title="−1/21">4.8%</abbr> of its health!)</small><br></div><div class="battle-history"><small>My little Poni's Speed rose!</small><br></div><div class="spacer battle-history"><br></div><div class="battle-history">The opposing Stalwart fainted!<br></div><div class="spacer battle-history"><br></div><div class="battle-history">eliwood_of_pherae sent out Claws of Fate (<strong>Trapinch</strong>)!<br></div><div class="spacer battle-history"><br></div><h2 class="battle-history">Turn 20</h2><div class="spacer battle-history"><br></div><div class="battle-history">My little Poni used <strong>Will-O-Wisp</strong>!<br></div><div class="battle-history"><small>The opposing Claws of Fate was burned!</small><br></div><div class="spacer battle-history"><br></div><div class="battle-history">The opposing Claws of Fate used <strong>Earthquake</strong>!<br></div><div class="battle-history"><small>It's super effective!</small><br></div><div class="battle-history"><small>(My little Poni lost <abbr title="−12/21">57.1%</abbr> of its health!)</small><br></div><div class="spacer battle-history"><br></div><div class="battle-history"><small>The opposing Claws of Fate was hurt by its burn!</small><br></div><div class="spacer battle-history"><br></div><h2 class="battle-history">Turn 21</h2><div class="spacer battle-history"><br></div><div class="battle-history">My little Poni used <strong>Morning Sun</strong>!<br></div><div class="battle-history"><small>My little Poni restored its HP.</small><br></div><div class="spacer battle-history"><br></div><div class="battle-history">The opposing Claws of Fate used <strong>Earthquake</strong>!<br></div><div class="battle-history"><small>It's super effective!</small><br></div><div class="battle-history"><small>(My little Poni lost <abbr title="−12/21">57.1%</abbr> of its health!)</small><br></div><div class="spacer battle-history"><br></div><div class="battle-history"><small>The opposing Claws of Fate was hurt by its burn!</small><br></div><div class="spacer battle-history"><br></div><h2 class="battle-history">Turn 22</h2><div class="chat chatmessage-eliwoodofpherae"><strong style="color:hsl(193,67%,45.54202110162206%)"><small>★</small><span class="username" data-name="eliwood_of_pherae">eliwood_of_pherae</span>:</strong> <em>I forgot the item on dwebs</em></div><div class="spacer battle-history"><br></div><div class="battle-history">My little Poni used <strong>Morning Sun</strong>!<br></div><div class="battle-history"><small>My little Poni restored its HP.</small><br></div><div class="spacer battle-history"><br></div><div class="battle-history">The opposing Claws of Fate used <strong>Facade</strong>!<br></div><div class="battle-history"><small>(My little Poni lost <abbr title="−10/21">47.6%</abbr> of its health!)</small><br></div><div class="spacer battle-history"><br></div><div class="battle-history"><small>The opposing Claws of Fate was hurt by its burn!</small><br></div><div class="spacer battle-history"><br></div><h2 class="battle-history">Turn 23</h2><div class="spacer battle-history"><br></div><div class="battle-history">eliwood_of_pherae withdrew Claws of Fate!<br></div><div class="battle-history">eliwood_of_pherae sent out Decadent Dandy (<strong>Bonsly</strong>)!<br></div><div class="spacer battle-history"><br></div><div class="battle-history">My little Poni used <strong>Morning Sun</strong>!<br></div><div class="battle-history"><small>My little Poni restored its HP.</small><br></div><div class="spacer battle-history"><br></div><h2 class="battle-history">Turn 24</h2><div class="spacer battle-history"><br></div><div class="battle-history">My little Poni used <strong>Will-O-Wisp</strong>!<br></div><div class="battle-history"><small>The opposing Decadent Dandy was burned!</small><br></div><div class="spacer battle-history"><br></div><div class="battle-history">The opposing Decadent Dandy used <strong>Stealth Rock</strong>!<br></div><div class="battle-history"><small>Pointed stones float in the air around your team!</small><br></div><div class="spacer battle-history"><br></div><div class="battle-history"><small>The opposing Decadent Dandy was hurt by its burn!</small><br></div><div class="spacer battle-history"><br></div><h2 class="battle-history">Turn 25</h2><div class="spacer battle-history"><br></div><div class="battle-history">eliwood_of_pherae withdrew Decadent Dandy!<br></div><div class="battle-history">eliwood_of_pherae sent out Claws of Fate (<strong>Trapinch</strong>)!<br></div><div class="spacer battle-history"><br></div><div class="battle-history">My little Poni used <strong>Flame Charge</strong>!<br></div><div class="battle-history"><small>(The opposing Claws of Fate lost <abbr title="−6/21">28.6%</abbr> of its health!)</small><br></div><div class="battle-history"><small>My little Poni's Speed rose!</small><br></div><div class="spacer battle-history"><br></div><div class="battle-history"><small>The opposing Claws of Fate was hurt by its burn!</small><br></div><div class="spacer battle-history"><br></div><h2 class="battle-history">Turn 26</h2><div class="spacer battle-history"><br></div><div class="battle-history">My little Poni used <strong>Flare Blitz</strong>!<br></div><div class="battle-history"><small>(The opposing Claws of Fate lost <abbr title="−7/21">33.3%</abbr> of its health!)</small><br></div><div class="battle-history"><small>My little Poni is damaged by the recoil!</small><br></div><div class="spacer battle-history"><br></div><div class="battle-history">The opposing Claws of Fate fainted!<br></div><div class="spacer battle-history"><br></div><div class="battle-history">eliwood_of_pherae sent out Bounty Hunter (<strong>Goomy</strong>)!<br></div><div class="spacer battle-history"><br></div><h2 class="battle-history">Turn 27</h2><div class="spacer battle-history"><br></div><div class="battle-history">My little Poni, come back!<br></div><div class="battle-history">Go! Blue Ranger (<strong>Pawniard</strong>)!<br></div><div class="battle-history"><small>Pointed stones dug into Blue Ranger!</small><br></div><div class="spacer battle-history"><br></div><div class="battle-history">The opposing Bounty Hunter is fast asleep.<br></div><div class="spacer battle-history"><br></div><div class="battle-history">The opposing Bounty Hunter used <strong>Sleep Talk</strong>!<br></div><div class="spacer battle-history"><br></div><div class="battle-history">The opposing Bounty Hunter used <strong>Outrage</strong>!<br></div><div class="battle-history"><small>It's not very effective...</small><br></div><div class="battle-history"><small>(Blue Ranger lost <abbr title="−5/21">23.8%</abbr> of its health!)</small><br></div><div class="spacer battle-history"><br></div><h2 class="battle-history">Turn 28</h2><div class="spacer battle-history"><br></div><div class="battle-history">eliwood_of_pherae withdrew Bounty Hunter!<br></div><div class="battle-history">eliwood_of_pherae sent out Decadent Dandy (<strong>Bonsly</strong>)!<br></div><div class="spacer battle-history"><br></div><div class="battle-history">Blue Ranger used <strong>Knock Off</strong>!<br></div><div class="battle-history"><small>A critical hit!</small><br></div><div class="battle-history"><small>(The opposing Decadent Dandy lost <abbr title="−9/21">42.9%</abbr> of its health!)</small><br></div><div class="spacer battle-history"><br></div><div class="battle-history">The opposing Decadent Dandy fainted!<br></div><div class="spacer battle-history"><br></div><div class="battle-history">eliwood_of_pherae sent out Vital Vitriol (<strong>Croagunk</strong>)!<br></div><div class="spacer battle-history"><br></div><h2 class="battle-history">Turn 29</h2><div class="spacer battle-history"><br></div><div class="battle-history">The opposing Vital Vitriol used <strong>Vacuum Wave</strong>!<br></div><div class="battle-history"><small>It's super effective!</small><br></div><div class="battle-history"><small>(Blue Ranger lost <abbr title="−8/21">38.1%</abbr> of its health!)</small><br></div><div class="spacer battle-history"><br></div><div class="battle-history">Blue Ranger fainted!<br></div><div class="spacer battle-history"><br></div><div class="battle-history">Go! THE MASCOT (<strong>Finneon</strong>)!<br></div><div class="battle-history"><small>Pointed stones dug into THE MASCOT!</small><br></div><div class="spacer battle-history"><br></div><h2 class="battle-history">Turn 30</h2><div class="spacer battle-history"><br></div><div class="battle-history">THE MASCOT used <strong>U-turn</strong>!<br></div><div class="battle-history"><small>It's not very effective...</small><br></div><div class="battle-history"><small>(The opposing Vital Vitriol lost <abbr title="−1/21">4.8%</abbr> of its health!)</small><br></div><div class="spacer battle-history"><br></div><div class="battle-history">THE MASCOT went back to Mortagon!<br></div><div class="battle-history">Go! My little Poni (<strong>Ponyta</strong>)!<br></div><div class="battle-history"><small>Pointed stones dug into My little Poni!</small><br></div><div class="spacer battle-history"><br></div><div class="battle-history">The opposing Vital Vitriol used <strong>Drain Punch</strong>!<br></div><div class="battle-history"><small>(My little Poni lost <abbr title="−7/21">33.3%</abbr> of its health!)</small><br></div><div class="battle-history"><small>My little Poni had its energy drained!</small><br></div><div class="spacer battle-history"><br></div><h2 class="battle-history">Turn 31</h2><div class="chat chatmessage-mortagon"><strong style="color:hsl(82,47%,41%)"><small>★</small><span class="username" data-name="Mortagon">Mortagon</span>:</strong> <em>ah i fucked up</em></div><div class="spacer battle-history"><br></div><div class="battle-history">The opposing Vital Vitriol used <strong>Vacuum Wave</strong>!<br></div><div class="battle-history"><small>(My little Poni lost <abbr title="−3/21">14.3%</abbr> of its health!)</small><br></div><div class="spacer battle-history"><br></div><div class="battle-history">My little Poni fainted!<br></div><div class="spacer battle-history"><br></div><div class="battle-history">Go! Gay Worm (<strong>Dratini</strong>)!<br></div><div class="battle-history"><small>Pointed stones dug into Gay Worm!</small><br></div><div class="spacer battle-history"><br></div><h2 class="battle-history">Turn 32</h2><div class="spacer battle-history"><br></div><div class="battle-history">Gay Worm used <strong>Outrage</strong>!<br></div><div class="battle-history"><small>(The opposing Vital Vitriol lost <abbr title="−13/21">61.9%</abbr> of its health!)</small><br></div><div class="battle-history"><small>Gay Worm lost some of its HP!</small><br></div><div class="spacer battle-history"><br></div><div class="battle-history">The opposing Vital Vitriol fainted!<br></div><div class="chat chatmessage-mortagon"><strong style="color:hsl(82,47%,41%)"><small>★</small><span class="username" data-name="Mortagon">Mortagon</span>:</strong> <em>ok phew</em></div><div class="spacer battle-history"><br></div><div class="battle-history">eliwood_of_pherae sent out Bounty Hunter (<strong>Goomy</strong>)!<br></div><div class="spacer battle-history"><br></div><h2 class="battle-history">Turn 33</h2><div class="spacer battle-history"><br></div><div class="battle-history">Gay Worm used <strong>Outrage</strong>!<br></div><div class="battle-history"><small>It's super effective!</small><br></div><div class="battle-history"><small>(The opposing Bounty Hunter lost <abbr title="−15/21">71.4%</abbr> of its health!)</small><br></div><div class="battle-history"><small>Gay Worm lost some of its HP!</small><br></div><div class="battle-history"><small>Gay Worm became confused due to fatigue!</small><br></div><div class="spacer battle-history"><br></div><div class="battle-history">The opposing Bounty Hunter fainted!<br></div><div class="spacer battle-history"><br></div><div class="battle-history"><strong>Mortagon</strong> won the battle!<br></div><div class="chat chatmessage-mortagon"><strong style="color:hsl(82,47%,41%)"><small>★</small><span class="username" data-name="Mortagon">Mortagon</span>:</strong> <em>gg</em></div><div class="chat chatmessage-eliwoodofpherae"><strong style="color:hsl(193,67%,45.54202110162206%)"><small>★</small><span class="username" data-name="eliwood_of_pherae">eliwood_of_pherae</span>:</strong> <em>gg</em></div></div><div class="inner-preempt"></div></div></div>
</div>
<script>
let daily = Math.floor(Date.now()/1000/60/60/24);document.write('<script src="https://play.pokemonshowdown.com/js/replay-embed.js?version'+daily+'"></'+'script>');
</script>
