<!DOCTYPE html>
<meta charset="utf-8" />
<!-- version 1 -->
<title>LC replay: dialzza vs. Sabertwooth</title>
<style>
html,body {font-family:Verdana, sans-serif;font-size:10pt;margin:0;padding:0;}body{padding:12px 0;} .battle-log {font-family:Verdana, sans-serif;font-size:10pt;} .battle-log-inline {border:1px solid #AAAAAA;background:#EEF2F5;color:black;max-width:640px;margin:0 auto 80px;padding-bottom:5px;} .battle-log .inner {padding:4px 8px 0px 8px;} .battle-log .inner-preempt {padding:0 8px 4px 8px;} .battle-log .inner-after {margin-top:0.5em;} .battle-log h2 {margin:0.5em -8px;padding:4px 8px;border:1px solid #AAAAAA;background:#E0E7EA;border-left:0;border-right:0;font-family:Verdana, sans-serif;font-size:13pt;} .battle-log .chat {vertical-align:middle;padding:3px 0 3px 0;font-size:8pt;} .battle-log .chat strong {color:#40576A;} .battle-log .chat em {padding:1px 4px 1px 3px;color:#000000;font-style:normal;} .chat.mine {background:rgba(0,0,0,0.05);margin-left:-8px;margin-right:-8px;padding-left:8px;padding-right:8px;} .spoiler {color:#BBBBBB;background:#BBBBBB;padding:0px 3px;} .spoiler:hover, .spoiler:active, .spoiler-shown {color:#000000;background:#E2E2E2;padding:0px 3px;} .spoiler a {color:#BBBBBB;} .spoiler:hover a, .spoiler:active a, .spoiler-shown a {color:#2288CC;} .chat code, .chat .spoiler:hover code, .chat .spoiler:active code, .chat .spoiler-shown code {border:1px solid #C0C0C0;background:#EEEEEE;color:black;padding:0 2px;} .chat .spoiler code {border:1px solid #CCCCCC;background:#CCCCCC;color:#CCCCCC;} .battle-log .rated {padding:3px 4px;} .battle-log .rated strong {color:white;background:#89A;padding:1px 4px;border-radius:4px;} .spacer {margin-top:0.5em;} .message-announce {background:#6688AA;color:white;padding:1px 4px 2px;} .message-announce a, .broadcast-green a, .broadcast-blue a, .broadcast-red a {color:#DDEEFF;} .broadcast-green {background-color:#559955;color:white;padding:2px 4px;} .broadcast-blue {background-color:#6688AA;color:white;padding:2px 4px;} .infobox {border:1px solid #6688AA;padding:2px 4px;} .infobox-limited {max-height:200px;overflow:auto;overflow-x:hidden;} .broadcast-red {background-color:#AA5544;color:white;padding:2px 4px;} .message-learn-canlearn {font-weight:bold;color:#228822;text-decoration:underline;} .message-learn-cannotlearn {font-weight:bold;color:#CC2222;text-decoration:underline;} .message-effect-weak {font-weight:bold;color:#CC2222;} .message-effect-resist {font-weight:bold;color:#6688AA;} .message-effect-immune {font-weight:bold;color:#666666;} .message-learn-list {margin-top:0;margin-bottom:0;} .message-throttle-notice, .message-error {color:#992222;} .message-overflow, .chat small.message-overflow {font-size:0pt;} .message-overflow::before {font-size:9pt;content:'...';} .subtle {color:#3A4A66;}
</style>
<div class="wrapper replay-wrapper" style="max-width:1180px;margin:0 auto">
<input type="hidden" name="replayid" value="lc-507779593" />
<div class="battle"></div><div class="battle-log"></div><div class="replay-controls"></div><div class="replay-controls-2"></div>
<h1 style="font-weight:normal;text-align:center"><strong>LC</strong><br /><a href="http://pokemonshowdown.com/users/dialzza" class="subtle" target="_blank">dialzza</a> vs. <a href="http://pokemonshowdown.com/users/sabertwooth" class="subtle" target="_blank">Sabertwooth</a></h1>
<script type="text/plain" class="battle-log-data">|j|dialzza
|j|Sabertwooth
|player|p1|dialzza|269
|player|p2|Sabertwooth|96
|gametype|singles
|gen|6
|tier|LC
|seed|55339,17742,37226,57189
|clearpoke
|poke|p1|Vulpix, L5, M|item
|poke|p1|Bellsprout, L5, M|item
|poke|p1|Gastly, L5, F|item
|poke|p1|Machop, L5, M|item
|poke|p1|Anorith, L5, M|item
|poke|p1|Aron, L5, F|item
|poke|p2|Skorupi, L5, F, shiny|item
|poke|p2|Cranidos, L5, F, shiny|item
|poke|p2|Bulbasaur, L5, M, shiny|item
|poke|p2|Zorua, L5, F|item
|poke|p2|Zigzagoon, L5, M, shiny|item
|poke|p2|Mienfoo, L5, F|item
|rule|Sleep Clause Mod: Limit one foe put to sleep
|rule|Species Clause: Limit one of each Pokémon
|rule|OHKO Clause: OHKO moves are banned
|rule|Moody Clause: Moody is banned
|rule|Evasion Moves Clause: Evasion moves are banned
|rule|Endless Battle Clause: Forcing endless battles is banned
|rule|HP Percentage Mod: HP is shown in percentages
|teampreview
|j|tazerz95
|j|CLG Blacklight
|choice|team 4, team 2, team 3, team 1, team 5, team 6|team 1, team 2, team 3, team 6, team 4, team 5
|
|start
|switch|p1a: Chip|Machop, L5, M|23\/23
|switch|p2a: LiEat|Skorupi, L5, F, shiny|23\/23
|turn|1
|c|★dialzza|so
|c|★dialzza|is it zorua
|c| CLG Blacklight|the day my data plan died
|c|★dialzza|or actually skorupi
|c|★Sabertwooth|:oooooooooooo
|j|Haunt
|c| tazerz95|only one way to find out
|choice|move dynamicpunch|move toxicspikes
|
|move|p1a: Chip|Dynamic Punch|p2a: LiEat
|-resisted|p2a: LiEat
|-damage|p2a: LiEat|21\/23
|-start|p2a: LiEat|confusion
|-activate|p2a: LiEat|confusion
|-damage|p2a: LiEat|19\/23|[from] confusion
|
|upkeep
|turn|2
|c| Haunt|h e h
|c|★dialzza|only one way-
|c|★dialzza|fuck
|c| Haunt|rip
|c|★dialzza|i called it wronk
|choice|switch 6|move toxicspikes
|
|switch|p1a: Arin|Aron, L5, F|21\/21
|-end|p2a: LiEat|confusion
|move|p2a: LiEat|Toxic Spikes|p1a: Arin
|-sidestart|p1: dialzza|move: Toxic Spikes
|
|upkeep
|turn|3
|c| CLG Blacklight|lol
|c| Haunt|Called it right either way
|c| CLG Blacklight|found out
|choice|move stealthrock|move knockoff
|
|move|p2a: LiEat|Knock Off|p1a: Arin
|-damage|p1a: Arin|15\/21
|-enditem|p1a: Arin|Berry Juice|[from] move: Knock Off|[of] p2a: LiEat
|move|p1a: Arin|Stealth Rock|p2a: LiEat
|-sidestart|p2: Sabertwooth|move: Stealth Rock
|
|upkeep
|turn|4
|c|★dialzza|ass
|c| Haunt|UNJUICED
|choice|move rockslide|move taunt
|
|move|p2a: LiEat|Taunt|p1a: Arin
|-start|p1a: Arin|move: Taunt
|move|p1a: Arin|Rock Slide|p2a: LiEat
|-supereffective|p2a: LiEat
|-damage|p2a: LiEat|5\/23
|
|upkeep
|turn|5
|c|★dialzza|GLASS OF JUICE
|c| CLG Blacklight|ouch
|choice|move ironhead|move poisonjab
|
|move|p2a: LiEat|Poison Jab|p1a: Arin
|-immune|p1a: Arin|[msg]
|move|p1a: Arin|Iron Head|p2a: LiEat
|-damage|p2a: LiEat|0 fnt
|faint|p2a: LiEat
|
|upkeep
|c| Haunt|rip
|c| CLG Blacklight|que
|c|★Sabertwooth|Wait
|c|★Sabertwooth|shit
|c| Haunt|steel boi
|c|★dialzza|steel bby
|c|★Sabertwooth|Nevermind
|c|★Sabertwooth|derped
|c| CLG Blacklight|rip
|c|★Sabertwooth|I was basnking on the poison
|c|★Sabertwooth|whatever
|c| CLG Blacklight|ghastly swallows toxic spikes doenst it?m
|c|★dialzza|nope
|c|★dialzza|levitating
|choice||switch 3
|
|switch|p2a: Shantae|Bulbasaur, L5, M, shiny|21\/21
|-damage|p2a: Shantae|19\/21|[from] Stealth Rock
|turn|6
|c| CLG Blacklight|sprout does tho
|c|★dialzza|a certain bell does
|c| Haunt|sprout do yeah
|j|Skyman
|choice|switch 3|move growth
|
|switch|p1a: Count Spooku|Gastly, L5, F|19\/19
|move|p2a: Shantae|Growth|p2a: Shantae
|-boost|p2a: Shantae|atk|1
|-boost|p2a: Shantae|spa|1
|
|upkeep
|turn|7
|c| Haunt|and out you go
|c|★dialzza|BEWARE COUNT SPOOKU
|c| CLG Blacklight|o shit waddup
|c|★dialzza|HE WILL SPOOK U
|c| Skyman|Holy shit it loaded
|c| Haunt|Hype
|c| CLG Blacklight|mixed bulba
|c|★dialzza|its def sun bulba
|c| Haunt|Master of form 2
|c| Haunt|Spookashi
|c| CLG Blacklight|tfw you want dial to put up sun
|c|★dialzza|^
|c| CLG Blacklight|but he doesnt
|c|★dialzza|~~flash fire vulpix?~~
|c|★Sabertwooth|See
|c|★Sabertwooth|I'm confused
|c| Haunt|You were
|c| Haunt|Then it broke out of it
|c|★dialzza|^
|choice|move psychic|move sleeppowder
|
|move|p1a: Count Spooku|Psychic|p2a: Shantae
|-supereffective|p2a: Shantae
|-damage|p2a: Shantae|5\/21
|move|p2a: Shantae|Sleep Powder|p1a: Count Spooku
|-status|p1a: Count Spooku|slp
|
|upkeep
|turn|8
|c|★dialzza|aw
|c|★dialzza|sleepy time
|c| CLG Blacklight|holy shit its tanky
|c| Haunt|bedtime spooku
|choice|switch 5|move gigadrain
|
|switch|p1a: Plink|Anorith, L5, M|21\/21
|-status|p1a: Plink|psn
|move|p2a: Shantae|Giga Drain|p1a: Plink
|-damage|p1a: Plink|2\/21 psn
|-heal|p2a: Shantae|15\/21|[from] drain|[of] p1a: Plink
|-enditem|p1a: Plink|Berry Juice
|-heal|p1a: Plink|21\/21 psn|[from] item: Berry Juice
|
|-damage|p1a: Plink|19\/21 psn|[from] psn
|upkeep
|turn|9
|c|★dialzza|AHHHH
|c| CLG Blacklight|wtffff
|choice|move rockblast|move gigadrain
|
|move|p1a: Plink|Rock Blast|p2a: Shantae
|-damage|p2a: Shantae|11\/21
|-damage|p2a: Shantae|7\/21
|-hitcount|p2a: Shantae|2
|move|p2a: Shantae|Giga Drain|p1a: Plink
|-damage|p1a: Plink|0 fnt
|-heal|p2a: Shantae|17\/21|[from] drain|[of] p1a: Plink
|faint|p1a: Plink
|
|upkeep
|c| Haunt|pretty juicy
|c|★dialzza|i didn't expect giga to heal so much
|c|★dialzza|rip 2 hits
|c| CLG Blacklight|LOL
|c|★dialzza|fuck
|c| Skyman|Ded
|choice|switch 6|
|
|switch|p1a: Chip|Machop, L5, M|23\/23
|-status|p1a: Chip|psn
|turn|10
|c| Haunt|chip chop
|c|★dialzza|chip chip
|c|★dialzza|chip chop
|c|★dialzza|chippity champ
|c| Haunt|the chip is here
|c|★dialzza|4 hits woulda killed him too
|c|★dialzza|fug
|choice|move firepunch|move gigadrain
|
|move|p1a: Chip|Fire Punch|p2a: Shantae
|-supereffective|p2a: Shantae
|-damage|p2a: Shantae|3\/21
|move|p2a: Shantae|Giga Drain|p1a: Chip
|-damage|p1a: Chip|2\/23 psn
|-heal|p2a: Shantae|14\/21|[from] drain|[of] p1a: Chip
|
|-damage|p1a: Chip|0 fnt|[from] psn
|upkeep
|faint|p1a: Chip
|c|★dialzza|JESUS
|c|★dialzza|TANKY
|c| Haunt|What a liver
|l|CLG Blacklight
|c| Haunt|It killed Blacklight too
|c| tazerz95|no kill sdaly
|c|★dialzza|holy cocktassels
|c| Haunt|That's a good drain
|choice|switch 4|
|
|switch|p1a: Valflame|Vulpix, L5, M|21\/21
|-status|p1a: Valflame|psn
|-weather|SunnyDay|[from] ability: Drought|[of] p1a: Valflame
|turn|11
|c|★Sabertwooth|I'm actually doing calculations LOL
|c| tazerz95|sadly
|c| Skyman|Lmao
|c| Haunt|Here it is
|c|★dialzza|well only one thing for it
|j|CLG Blacklight
|c| tazerz95|just gave him chloro
|c|★dialzza|gotta hope vulp can pull some shit
|c| tazerz95|the madman
|c|★dialzza|yeah
|c|★dialzza|ik
|choice|move fireblast|move sludgebomb
|
|move|p2a: Shantae|Sludge Bomb|p1a: Valflame
|-damage|p1a: Valflame|6\/21 psn
|move|p1a: Valflame|Fire Blast|p2a: Shantae
|-supereffective|p2a: Shantae
|-crit|p2a: Shantae
|-damage|p2a: Shantae|0 fnt
|faint|p2a: Shantae
|
|-weather|SunnyDay|[upkeep]
|-damage|p1a: Valflame|4\/21 psn|[from] psn
|upkeep
|c| Haunt|oh
|c| Haunt|rip
|c|★dialzza|SPECIALLY
|c|★dialzza|DEFENSIVE
|c|★dialzza|VULP
|c| tazerz95|took that better than I thought
|c|★dialzza|man
|c| Skyman|Rip
|c|★dialzza|i really shouldn't have thrown away machip
|c| CLG Blacklight|roasted
|c|★dialzza|i shoulda ran the calcs n shit
|c|★dialzza|fug
|c| Skyman|Roosted
|c| Haunt|A nice roasted artichoke
|choice||switch 2
|
|switch|p2a: Moon Hunters|Cranidos, L5, F, shiny|23\/23
|-damage|p2a: Moon Hunters|21\/23|[from] Stealth Rock
|-ability|p2a: Moon Hunters|Mold Breaker
|turn|12
|c| tazerz95|whats dying
|c| Haunt|Depends
|choice|move willowisp|move zenheadbutt
|
|move|p2a: Moon Hunters|Zen Headbutt|p1a: Valflame
|-damage|p1a: Valflame|0 fnt
|faint|p1a: Valflame
|
|-weather|SunnyDay|[upkeep]
|upkeep
|c| Skyman|Everything
|choice|switch 3|
|
|switch|p1a: Arin|Aron, L5, F|15\/21
|turn|13
|c| CLG Blacklight|well now theres sun and a bellsprout...
|choice|move ironhead|move zenheadbutt
|
|move|p2a: Moon Hunters|Zen Headbutt|p1a: Arin
|-resisted|p1a: Arin
|-damage|p1a: Arin|11\/21
|cant|p1a: Arin|flinch
|
|-weather|SunnyDay|[upkeep]
|upkeep
|turn|14
|c| tazerz95|3 turns left
|c| Haunt|Oh
|c| Haunt|man
|c| Haunt|here we go
|c| CLG Blacklight|k e k
|c|★dialzza|:|
|choice|move ironhead|move zenheadbutt
|
|move|p2a: Moon Hunters|Zen Headbutt|p1a: Arin
|-resisted|p1a: Arin
|-damage|p1a: Arin|7\/21
|move|p1a: Arin|Iron Head|p2a: Moon Hunters
|-supereffective|p2a: Moon Hunters
|-damage|p2a: Moon Hunters|0 fnt
|faint|p2a: Moon Hunters
|
|-weather|SunnyDay|[upkeep]
|upkeep
|c| tazerz95|unless he was heat rock
|c| Haunt|rip
|c| Haunt|Sun's a tickin' buddy
|c|★dialzza|unless i was heat rock :^)
|choice||switch 4
|
|switch|p2a: Mienfoo|Mienfoo, L5, F|21\/21
|-damage|p2a: Mienfoo|20\/21|[from] Stealth Rock
|turn|15
|c| Haunt|Hey lookit
|c| Haunt|sometime to set up on
|c|★dialzza|its zorua
|c|★dialzza|20%
|c| CLG Blacklight|hjk\/10
|c|★dialzza|20% chance its zorua in my estimation
|c| tazerz95|which I doubt seeing as how well it took the sludge
|c| Haunt|I mean
|c| Haunt|rock damage
|c|★dialzza|oh right
|c|★dialzza|its not zorua
|c| tazerz95|dial pls
|c|★Sabertwooth|TAZER SHUT UP
|c|★dialzza|:P
|c| Haunt|Yeah tazer
|c| Haunt|shut up
|c| tazerz95|hey haunt said it
|c|★dialzza|yeah tazer
|c|★dialzza|sht up
|c| tazerz95|not like dial's move would differ what mon it was out right now anyways
|c|★Sabertwooth|Hold on
|c|★Sabertwooth|Sorry
|c| Skyman|Haunt and Tazer both suffer a loss for assisting player in another match
|c| tazerz95|aron dies to both
|c|★dialzza|lmfao
|c| tazerz95|and nothing can switch in to either mon
|c| CLG Blacklight|this is normal LOL
|c| Skyman|Please understand
|c|★dialzza|whatcha gonna do
|c|★dialzza|when they come for you
|choice|move metalburst|move drainpunch
|
|move|p2a: Mienfoo|Drain Punch|p1a: Arin
|-supereffective|p1a: Arin
|-damage|p1a: Arin|0 fnt
|-heal|p2a: Mienfoo|21\/21|[from] drain|[of] p1a: Arin
|faint|p1a: Arin
|
|-weather|SunnyDay|[upkeep]
|upkeep
|choice|switch 2|
|
|switch|p1a: The Bell Tolls|Bellsprout, L5, M|21\/21
|-sideend|p1: dialzza|move: Toxic Spikes|[of] p1a: The Bell Tolls
|turn|16
|c|★Sabertwooth|k back
|l|CLG Blacklight
|c| Skyman|F
|c| Haunt|Spikes are literally useless now lol
|c| Haunt|SO
|c|★dialzza|tik tok
|c| Haunt|THE POWDER
|c| Haunt|DOES IT DO AT LAST
|c| tazerz95|how did heat rock eat the sludge bomb like that
|choice|move growth|move knockoff
|
|move|p1a: The Bell Tolls|Growth|p1a: The Bell Tolls
|-boost|p1a: The Bell Tolls|atk|2
|-boost|p1a: The Bell Tolls|spa|2
|move|p2a: Mienfoo|Knock Off|p1a: The Bell Tolls
|-damage|p1a: The Bell Tolls|14\/21
|-enditem|p1a: The Bell Tolls|Eviolite|[from] move: Knock Off|[of] p2a: Mienfoo
|
|-weather|SunnyDay|[upkeep]
|upkeep
|turn|17
|c| Haunt|OR DOES IT DON'T
|c| Haunt|rip
|c| tazerz95|dial
|c| Haunt|investment
|choice|move gigadrain|move uturn
|
|move|p1a: The Bell Tolls|Giga Drain|p2a: Mienfoo
|-damage|p2a: Mienfoo|3\/21
|-heal|p1a: The Bell Tolls|21\/21|[from] drain|[of] p2a: Mienfoo
|move|p2a: Mienfoo|U-turn|p1a: The Bell Tolls
|-damage|p1a: The Bell Tolls|12\/21
|c| Haunt|Apparently
|c| tazerz95|you just wasted the turn you needed
|j|CLG Blacklight
|c|★dialzza|sh taze
|c|★dialzza|shhhh
|choice||switch 5
|
|switch|p2a: Shadow of Mordor|Zigzagoon, L5, M, shiny|20\/20
|-damage|p2a: Shadow of Mordor|18\/20|[from] Stealth Rock
|
|-weather|SunnyDay|[upkeep]
|upkeep
|turn|18
|c| Haunt|gooooon
|choice|move gigadrain|move extrasensory
|
|move|p1a: The Bell Tolls|Giga Drain|p2a: Shadow of Mordor
|replace|p2a: Zorua|Zorua, L5, F
|-end|p2a: Zorua|Illusion
|-damage|p2a: Zorua|0 fnt
|-heal|p1a: The Bell Tolls|21\/21|[from] drain|[of] p2a: Zorua
|faint|p2a: Zorua
|
|-weather|none
|upkeep
|c|★dialzza|not goon
|c| CLG Blacklight|lol
|c| Haunt|Oop
|c| Haunt|Well that's not good
|c| Haunt|At all
|choice||switch 6
|
|switch|p2a: Shadow of Mordor|Zigzagoon, L5, M, shiny|22\/22
|-damage|p2a: Shadow of Mordor|20\/22|[from] Stealth Rock
|turn|19
|c| Haunt|Actually doesn't matter
|c| Haunt|goon is
|c| Haunt|not very good
|choice|move gigadrain|move bellydrum
|
|move|p2a: Shadow of Mordor|Belly Drum|p2a: Shadow of Mordor
|-damage|p2a: Shadow of Mordor|9\/22
|-setboost|p2a: Shadow of Mordor|atk|6|[from] move: Belly Drum
|-enditem|p2a: Shadow of Mordor|Berry Juice
|-heal|p2a: Shadow of Mordor|22\/22|[from] item: Berry Juice
|move|p1a: The Bell Tolls|Giga Drain|p2a: Shadow of Mordor
|-damage|p2a: Shadow of Mordor|0 fnt
|faint|p2a: Shadow of Mordor
|
|upkeep
|c|★dialzza|POWERFUL DRAINS
|c| Haunt|196+ Atk Zigzagoon Extreme Speed vs. 36 HP \/ 76 Def Bellsprout: 10-13 (45.4 - 59%) -- 93.8% chance to 2HKO
|c|★dialzza|POWERFUUUL
|choice||switch 5
|
|switch|p2a: Mienfoo|Mienfoo, L5, F|10\/21
|-damage|p2a: Mienfoo|9\/21|[from] Stealth Rock
|turn|20
|c| CLG Blacklight|anddd we're done
|choice|move gigadrain|move uturn
|
|move|p2a: Mienfoo|U-turn|p1a: The Bell Tolls
|-damage|p1a: The Bell Tolls|12\/21
|move|p1a: The Bell Tolls|Giga Drain|p2a: Mienfoo
|-damage|p2a: Mienfoo|0 fnt
|-heal|p1a: The Bell Tolls|17\/21|[from] drain|[of] p2a: Mienfoo
|faint|p2a: Mienfoo
|
|win|dialzza
|player|p1
|player|p2
|c|★dialzza|gg
|c|★dialzza|btw
|c|★dialzza|i had sunny day
|c| Haunt|sprout done gave it to ya
|c|★dialzza|on sprout
|c|★dialzza|:^)
|c| tazerz95|I mean
|l|Skyman
|l|Sabertwooth
|c| tazerz95|That's not that big of a surprise
|l|CLG Blacklight
|c|★dialzza|and a lot of tank investment
|l|Haunt
|l|dialzza</script>
</div>
<div class="battle-log battle-log-inline"><div class="inner"><div class="battle-options"></div><div class="inner"><div class="chat"><small>dialzza joined.</small></div><div class="chat"><small>Sabertwooth joined.</small></div><div class=""><small>Format:</small> <br><strong>LC</strong></div><div class=""><small><em>Sleep Clause Mod:</em> Limit one foe put to sleep</small></div><div class=""><small><em>Species Clause:</em> Limit one of each Pokémon</small></div><div class=""><small><em>OHKO Clause:</em> OHKO moves are banned</small></div><div class=""><small><em>Moody Clause:</em> Moody is banned</small></div><div class=""><small><em>Evasion Moves Clause:</em> Evasion moves are banned</small></div><div class=""><small><em>Endless Battle Clause:</em> Forcing endless battles is banned</small></div><div class=""><small><em>HP Percentage Mod:</em> HP is shown in percentages</small></div><div class="chat battle-history"><strong>dialzza's team:</strong> <em style="color:#445566;display:block;">Vulpix / Bellsprout / Gastly / Machop / Anorith / Aron</em></div><div class="chat battle-history"><strong>Sabertwooth's team:</strong> <em style="color:#445566;display:block;">Skorupi / Cranidos / Bulbasaur / Zorua / Zigzagoon / Mienfoo</em></div><div class="chat"><small>tazerz95 joined.</small></div><div class="chat"><small>CLG Blacklight joined.</small></div><div class="spacer battle-history"><br></div><div class="battle-history">Battle started between dialzza and Sabertwooth!<br></div><div class="spacer battle-history"><br></div><div class="battle-history">Go! Chip (<strong>Machop</strong>)!<br></div><div class="spacer battle-history"><br></div><div class="battle-history">Sabertwooth sent out LiEat (<strong>Skorupi</strong>)!<br></div><div class="spacer battle-history"><br></div><h2 class="battle-history">Turn 1</h2><div class="chat chatmessage-dialzza"><strong style="color:hsl(85,79%,31%)"><small>★</small><span class="username" data-name="dialzza">dialzza</span>:</strong> <em>so</em></div><div class="chat chatmessage-dialzza"><strong style="color:hsl(85,79%,31%)"><small>★</small><span class="username" data-name="dialzza">dialzza</span>:</strong> <em>is it zorua</em></div><div class="chat chatmessage-clgblacklight"><strong style="color:hsl(243,65%,62.01116908808691%)"><small> </small><span class="username" data-name="CLG Blacklight">CLG Blacklight</span>:</strong> <em>the day my data plan died</em></div><div class="chat chatmessage-dialzza"><strong style="color:hsl(85,79%,31%)"><small>★</small><span class="username" data-name="dialzza">dialzza</span>:</strong> <em>or actually skorupi</em></div><div class="chat chatmessage-sabertwooth"><strong style="color:hsl(229,40%,56.28101328445227%)"><small>★</small><span class="username" data-name="Sabertwooth">Sabertwooth</span>:</strong> <em>:oooooooooooo</em></div><div class="chat"><small>Haunt joined.</small></div><div class="chat chatmessage-tazerz95"><strong style="color:hsl(67,75%,31%)"><small> </small><span class="username" data-name="tazerz95">tazerz95</span>:</strong> <em>only one way to find out</em></div><div class="spacer battle-history"><br></div><div class="battle-history">Chip used <strong>Dynamic Punch</strong>!<br></div><div class="battle-history"><small>It's not very effective...</small><br></div><div class="battle-history"><small>(The opposing LiEat lost <abbr title="−2/23">8.7%</abbr> of its health!)</small><br></div><div class="battle-history"><small>The opposing LiEat became confused!</small><br></div><div class="spacer battle-history"><br></div><div class="battle-history"><small>The opposing LiEat is confused!</small><br></div><div class="battle-history">It hurt itself in its confusion!<br></div><div class="spacer battle-history"><br></div><h2 class="battle-history">Turn 2</h2><div class="chat chatmessage-haunt"><strong style="color:hsl(322,72%,43.8302968676323%)"><small> </small><span class="username" data-name="Haunt">Haunt</span>:</strong> <em>h e h</em></div><div class="chat chatmessage-dialzza"><strong style="color:hsl(85,79%,31%)"><small>★</small><span class="username" data-name="dialzza">dialzza</span>:</strong> <em>only one way-</em></div><div class="chat chatmessage-dialzza"><strong style="color:hsl(85,79%,31%)"><small>★</small><span class="username" data-name="dialzza">dialzza</span>:</strong> <em>fuck</em></div><div class="chat chatmessage-haunt"><strong style="color:hsl(322,72%,43.8302968676323%)"><small> </small><span class="username" data-name="Haunt">Haunt</span>:</strong> <em>rip</em></div><div class="chat chatmessage-dialzza"><strong style="color:hsl(85,79%,31%)"><small>★</small><span class="username" data-name="dialzza">dialzza</span>:</strong> <em>i called it wronk</em></div><div class="spacer battle-history"><br></div><div class="battle-history">Chip, come back!<br></div><div class="battle-history">Go! Arin (<strong>Aron</strong>)!<br></div><div class="battle-history"><small>The opposing LiEat snapped out of its confusion!</small><br></div><div class="spacer battle-history"><br></div><div class="battle-history">The opposing LiEat used <strong>Toxic Spikes</strong>!<br></div><div class="battle-history"><small>Poison spikes were scattered on the ground all around your team!</small><br></div><div class="spacer battle-history"><br></div><h2 class="battle-history">Turn 3</h2><div class="chat chatmessage-clgblacklight"><strong style="color:hsl(243,65%,62.01116908808691%)"><small> </small><span class="username" data-name="CLG Blacklight">CLG Blacklight</span>:</strong> <em>lol</em></div><div class="chat chatmessage-haunt"><strong style="color:hsl(322,72%,43.8302968676323%)"><small> </small><span class="username" data-name="Haunt">Haunt</span>:</strong> <em>Called it right either way</em></div><div class="chat chatmessage-clgblacklight"><strong style="color:hsl(243,65%,62.01116908808691%)"><small> </small><span class="username" data-name="CLG Blacklight">CLG Blacklight</span>:</strong> <em>found out</em></div><div class="spacer battle-history"><br></div><div class="battle-history">The opposing LiEat used <strong>Knock Off</strong>!<br></div><div class="battle-history"><small>(Arin lost <abbr title="−6/21">28.6%</abbr> of its health!)</small><br></div><div class="battle-history"><small>The opposing LiEat knocked off Arin's Berry Juice!</small><br></div><div class="spacer battle-history"><br></div><div class="battle-history">Arin used <strong>Stealth Rock</strong>!<br></div><div class="battle-history"><small>Pointed stones float in the air around the opposing team!</small><br></div><div class="spacer battle-history"><br></div><h2 class="battle-history">Turn 4</h2><div class="chat chatmessage-dialzza"><strong style="color:hsl(85,79%,31%)"><small>★</small><span class="username" data-name="dialzza">dialzza</span>:</strong> <em>ass</em></div><div class="chat chatmessage-haunt"><strong style="color:hsl(322,72%,43.8302968676323%)"><small> </small><span class="username" data-name="Haunt">Haunt</span>:</strong> <em>UNJUICED</em></div><div class="spacer battle-history"><br></div><div class="battle-history">The opposing LiEat used <strong>Taunt</strong>!<br></div><div class="battle-history"><small>Arin fell for the taunt!</small><br></div><div class="spacer battle-history"><br></div><div class="battle-history">Arin used <strong>Rock Slide</strong>!<br></div><div class="battle-history"><small>It's super effective!</small><br></div><div class="battle-history"><small>(The opposing LiEat lost <abbr title="−14/23">60.9%</abbr> of its health!)</small><br></div><div class="spacer battle-history"><br></div><h2 class="battle-history">Turn 5</h2><div class="chat chatmessage-dialzza"><strong style="color:hsl(85,79%,31%)"><small>★</small><span class="username" data-name="dialzza">dialzza</span>:</strong> <em>GLASS OF JUICE</em></div><div class="chat chatmessage-clgblacklight"><strong style="color:hsl(243,65%,62.01116908808691%)"><small> </small><span class="username" data-name="CLG Blacklight">CLG Blacklight</span>:</strong> <em>ouch</em></div><div class="spacer battle-history"><br></div><div class="battle-history">The opposing LiEat used <strong>Poison Jab</strong>!<br></div><div class="battle-history"><small>It doesn't affect Arin...</small><br></div><div class="spacer battle-history"><br></div><div class="battle-history">Arin used <strong>Iron Head</strong>!<br></div><div class="battle-history"><small>(The opposing LiEat lost <abbr title="−5/23">21.7%</abbr> of its health!)</small><br></div><div class="spacer battle-history"><br></div><div class="battle-history">The opposing LiEat fainted!<br></div><div class="chat chatmessage-haunt"><strong style="color:hsl(322,72%,43.8302968676323%)"><small> </small><span class="username" data-name="Haunt">Haunt</span>:</strong> <em>rip</em></div><div class="chat chatmessage-clgblacklight"><strong style="color:hsl(243,65%,62.01116908808691%)"><small> </small><span class="username" data-name="CLG Blacklight">CLG Blacklight</span>:</strong> <em>que</em></div><div class="chat chatmessage-sabertwooth"><strong style="color:hsl(229,40%,56.28101328445227%)"><small>★</small><span class="username" data-name="Sabertwooth">Sabertwooth</span>:</strong> <em>Wait</em></div><div class="chat chatmessage-sabertwooth"><strong style="color:hsl(229,40%,56.28101328445227%)"><small>★</small><span class="username" data-name="Sabertwooth">Sabertwooth</span>:</strong> <em>shit</em></div><div class="chat chatmessage-haunt"><strong style="color:hsl(322,72%,43.8302968676323%)"><small> </small><span class="username" data-name="Haunt">Haunt</span>:</strong> <em>steel boi</em></div><div class="chat chatmessage-dialzza"><strong style="color:hsl(85,79%,31%)"><small>★</small><span class="username" data-name="dialzza">dialzza</span>:</strong> <em>steel bby</em></div><div class="chat chatmessage-sabertwooth"><strong style="color:hsl(229,40%,56.28101328445227%)"><small>★</small><span class="username" data-name="Sabertwooth">Sabertwooth</span>:</strong> <em>Nevermind</em></div><div class="chat chatmessage-sabertwooth"><strong style="color:hsl(229,40%,56.28101328445227%)"><small>★</small><span class="username" data-name="Sabertwooth">Sabertwooth</span>:</strong> <em>derped</em></div><div class="chat chatmessage-clgblacklight"><strong style="color:hsl(243,65%,62.01116908808691%)"><small> </small><span class="username" data-name="CLG Blacklight">CLG Blacklight</span>:</strong> <em>rip</em></div><div class="chat chatmessage-sabertwooth"><strong style="color:hsl(229,40%,56.28101328445227%)"><small>★</small><span class="username" data-name="Sabertwooth">Sabertwooth</span>:</strong> <em>I was basnking on the poison</em></div><div class="chat chatmessage-sabertwooth"><strong style="color:hsl(229,40%,56.28101328445227%)"><small>★</small><span class="username" data-name="Sabertwooth">Sabertwooth</span>:</strong> <em>whatever</em></div><div class="chat chatmessage-clgblacklight"><strong style="color:hsl(243,65%,62.01116908808691%)"><small> </small><span class="username" data-name="CLG Blacklight">CLG Blacklight</span>:</strong> <em>ghastly swallows toxic spikes doenst it?m</em></div><div class="chat chatmessage-dialzza"><strong style="color:hsl(85,79%,31%)"><small>★</small><span class="username" data-name="dialzza">dialzza</span>:</strong> <em>nope</em></div><div class="chat chatmessage-dialzza"><strong style="color:hsl(85,79%,31%)"><small>★</small><span class="username" data-name="dialzza">dialzza</span>:</strong> <em>levitating</em></div><div class="spacer battle-history"><br></div><div class="battle-history">Sabertwooth sent out Shantae (<strong>Bulbasaur</strong>)!<br></div><div class="battle-history"><small>Pointed stones dug into the opposing Shantae!</small><br></div><div class="spacer battle-history"><br></div><h2 class="battle-history">Turn 6</h2><div class="chat chatmessage-clgblacklight"><strong style="color:hsl(243,65%,62.01116908808691%)"><small> </small><span class="username" data-name="CLG Blacklight">CLG Blacklight</span>:</strong> <em>sprout does tho</em></div><div class="chat chatmessage-dialzza"><strong style="color:hsl(85,79%,31%)"><small>★</small><span class="username" data-name="dialzza">dialzza</span>:</strong> <em>a certain bell does</em></div><div class="chat chatmessage-haunt"><strong style="color:hsl(322,72%,43.8302968676323%)"><small> </small><span class="username" data-name="Haunt">Haunt</span>:</strong> <em>sprout do yeah</em></div><div class="chat"><small>Skyman joined.</small></div><div class="spacer battle-history"><br></div><div class="battle-history">Arin, come back!<br></div><div class="battle-history">Go! Count Spooku (<strong>Gastly</strong>)!<br></div><div class="spacer battle-history"><br></div><div class="battle-history">The opposing Shantae used <strong>Growth</strong>!<br></div><div class="battle-history"><small>The opposing Shantae's Attack rose!</small><br></div><div class="battle-history"><small>The opposing Shantae's Special Attack rose!</small><br></div><div class="spacer battle-history"><br></div><h2 class="battle-history">Turn 7</h2><div class="chat chatmessage-haunt"><strong style="color:hsl(322,72%,43.8302968676323%)"><small> </small><span class="username" data-name="Haunt">Haunt</span>:</strong> <em>and out you go</em></div><div class="chat chatmessage-dialzza"><strong style="color:hsl(85,79%,31%)"><small>★</small><span class="username" data-name="dialzza">dialzza</span>:</strong> <em>BEWARE COUNT SPOOKU</em></div><div class="chat chatmessage-clgblacklight"><strong style="color:hsl(243,65%,62.01116908808691%)"><small> </small><span class="username" data-name="CLG Blacklight">CLG Blacklight</span>:</strong> <em>o shit waddup</em></div><div class="chat chatmessage-dialzza"><strong style="color:hsl(85,79%,31%)"><small>★</small><span class="username" data-name="dialzza">dialzza</span>:</strong> <em>HE WILL SPOOK U</em></div><div class="chat chatmessage-skyman"><strong style="color:hsl(326,66%,46%)"><small> </small><span class="username" data-name="Skyman">Skyman</span>:</strong> <em>Holy shit it loaded</em></div><div class="chat chatmessage-haunt"><strong style="color:hsl(322,72%,43.8302968676323%)"><small> </small><span class="username" data-name="Haunt">Haunt</span>:</strong> <em>Hype</em></div><div class="chat chatmessage-clgblacklight"><strong style="color:hsl(243,65%,62.01116908808691%)"><small> </small><span class="username" data-name="CLG Blacklight">CLG Blacklight</span>:</strong> <em>mixed bulba</em></div><div class="chat chatmessage-dialzza"><strong style="color:hsl(85,79%,31%)"><small>★</small><span class="username" data-name="dialzza">dialzza</span>:</strong> <em>its def sun bulba</em></div><div class="chat chatmessage-haunt"><strong style="color:hsl(322,72%,43.8302968676323%)"><small> </small><span class="username" data-name="Haunt">Haunt</span>:</strong> <em>Master of form 2</em></div><div class="chat chatmessage-haunt"><strong style="color:hsl(322,72%,43.8302968676323%)"><small> </small><span class="username" data-name="Haunt">Haunt</span>:</strong> <em>Spookashi</em></div><div class="chat chatmessage-clgblacklight"><strong style="color:hsl(243,65%,62.01116908808691%)"><small> </small><span class="username" data-name="CLG Blacklight">CLG Blacklight</span>:</strong> <em>tfw you want dial to put up sun</em></div><div class="chat chatmessage-dialzza"><strong style="color:hsl(85,79%,31%)"><small>★</small><span class="username" data-name="dialzza">dialzza</span>:</strong> <em>^</em></div><div class="chat chatmessage-clgblacklight"><strong style="color:hsl(243,65%,62.01116908808691%)"><small> </small><span class="username" data-name="CLG Blacklight">CLG Blacklight</span>:</strong> <em>but he doesnt</em></div><div class="chat chatmessage-dialzza"><strong style="color:hsl(85,79%,31%)"><small>★</small><span class="username" data-name="dialzza">dialzza</span>:</strong> <em><s>flash fire vulpix?</s></em></div><div class="chat chatmessage-sabertwooth"><strong style="color:hsl(229,40%,56.28101328445227%)"><small>★</small><span class="username" data-name="Sabertwooth">Sabertwooth</span>:</strong> <em>See</em></div><div class="chat chatmessage-sabertwooth"><strong style="color:hsl(229,40%,56.28101328445227%)"><small>★</small><span class="username" data-name="Sabertwooth">Sabertwooth</span>:</strong> <em>I'm confused</em></div><div class="chat chatmessage-haunt"><strong style="color:hsl(322,72%,43.8302968676323%)"><small> </small><span class="username" data-name="Haunt">Haunt</span>:</strong> <em>You were</em></div><div class="chat chatmessage-haunt"><strong style="color:hsl(322,72%,43.8302968676323%)"><small> </small><span class="username" data-name="Haunt">Haunt</span>:</strong> <em>Then it broke out of it</em></div><div class="chat chatmessage-dialzza"><strong style="color:hsl(85,79%,31%)"><small>★</small><span class="username" data-name="dialzza">dialzza</span>:</strong> <em>^</em></div><div class="spacer battle-history"><br></div><div class="battle-history">Count Spooku used <strong>Psychic</strong>!<br></div><div class="battle-history"><small>It's super effective!</small><br></div><div class="battle-history"><small>(The opposing Shantae lost <abbr title="−14/21">66.7%</abbr> of its health!)</small><br></div><div class="spacer battle-history"><br></div><div class="battle-history">The opposing Shantae used <strong>Sleep Powder</strong>!<br></div><div class="battle-history"><small>Count Spooku fell asleep!</small><br></div><div class="spacer battle-history"><br></div><h2 class="battle-history">Turn 8</h2><div class="chat chatmessage-dialzza"><strong style="color:hsl(85,79%,31%)"><small>★</small><span class="username" data-name="dialzza">dialzza</span>:</strong> <em>aw</em></div><div class="chat chatmessage-dialzza"><strong style="color:hsl(85,79%,31%)"><small>★</small><span class="username" data-name="dialzza">dialzza</span>:</strong> <em>sleepy time</em></div><div class="chat chatmessage-clgblacklight"><strong style="color:hsl(243,65%,62.01116908808691%)"><small> </small><span class="username" data-name="CLG Blacklight">CLG Blacklight</span>:</strong> <em>holy shit its tanky</em></div><div class="chat chatmessage-haunt"><strong style="color:hsl(322,72%,43.8302968676323%)"><small> </small><span class="username" data-name="Haunt">Haunt</span>:</strong> <em>bedtime spooku</em></div><div class="spacer battle-history"><br></div><div class="battle-history">Count Spooku, come back!<br></div><div class="battle-history">Go! Plink (<strong>Anorith</strong>)!<br></div><div class="battle-history"><small>Plink was poisoned!</small><br></div><div class="spacer battle-history"><br></div><div class="battle-history">The opposing Shantae used <strong>Giga Drain</strong>!<br></div><div class="battle-history"><small>(Plink lost <abbr title="−19/21">90.5%</abbr> of its health!)</small><br></div><div class="battle-history"><small>Plink had its energy drained!</small><br></div><div class="battle-history"><small>(Plink used its Berry Juice!)</small><br></div><div class="battle-history"><small>Plink restored HP using its Berry Juice!</small><br></div><div class="spacer battle-history"><br></div><div class="battle-history"><small>Plink was hurt by poison!</small><br></div><div class="spacer battle-history"><br></div><h2 class="battle-history">Turn 9</h2><div class="chat chatmessage-dialzza"><strong style="color:hsl(85,79%,31%)"><small>★</small><span class="username" data-name="dialzza">dialzza</span>:</strong> <em>AHHHH</em></div><div class="chat chatmessage-clgblacklight"><strong style="color:hsl(243,65%,62.01116908808691%)"><small> </small><span class="username" data-name="CLG Blacklight">CLG Blacklight</span>:</strong> <em>wtffff</em></div><div class="spacer battle-history"><br></div><div class="battle-history">Plink used <strong>Rock Blast</strong>!<br></div><div class="battle-history"><small>(The opposing Shantae lost <abbr title="−4/21">19.0%</abbr> of its health!)</small><br></div><div class="battle-history"><small>(The opposing Shantae lost <abbr title="−4/21">19.0%</abbr> of its health!)</small><br></div><div class="battle-history"><small>Hit 2 times!</small><br></div><div class="spacer battle-history"><br></div><div class="battle-history">The opposing Shantae used <strong>Giga Drain</strong>!<br></div><div class="battle-history"><small>(Plink lost <abbr title="−19/21">90.5%</abbr> of its health!)</small><br></div><div class="battle-history"><small>Plink had its energy drained!</small><br></div><div class="spacer battle-history"><br></div><div class="battle-history">Plink fainted!<br></div><div class="chat chatmessage-haunt"><strong style="color:hsl(322,72%,43.8302968676323%)"><small> </small><span class="username" data-name="Haunt">Haunt</span>:</strong> <em>pretty juicy</em></div><div class="chat chatmessage-dialzza"><strong style="color:hsl(85,79%,31%)"><small>★</small><span class="username" data-name="dialzza">dialzza</span>:</strong> <em>i didn't expect giga to heal so much</em></div><div class="chat chatmessage-dialzza"><strong style="color:hsl(85,79%,31%)"><small>★</small><span class="username" data-name="dialzza">dialzza</span>:</strong> <em>rip 2 hits</em></div><div class="chat chatmessage-clgblacklight"><strong style="color:hsl(243,65%,62.01116908808691%)"><small> </small><span class="username" data-name="CLG Blacklight">CLG Blacklight</span>:</strong> <em>LOL</em></div><div class="chat chatmessage-dialzza"><strong style="color:hsl(85,79%,31%)"><small>★</small><span class="username" data-name="dialzza">dialzza</span>:</strong> <em>fuck</em></div><div class="chat chatmessage-skyman"><strong style="color:hsl(326,66%,46%)"><small> </small><span class="username" data-name="Skyman">Skyman</span>:</strong> <em>Ded</em></div><div class="spacer battle-history"><br></div><div class="battle-history">Go! Chip (<strong>Machop</strong>)!<br></div><div class="battle-history"><small>Chip was poisoned!</small><br></div><div class="spacer battle-history"><br></div><h2 class="battle-history">Turn 10</h2><div class="chat chatmessage-haunt"><strong style="color:hsl(322,72%,43.8302968676323%)"><small> </small><span class="username" data-name="Haunt">Haunt</span>:</strong> <em>chip chop</em></div><div class="chat chatmessage-dialzza"><strong style="color:hsl(85,79%,31%)"><small>★</small><span class="username" data-name="dialzza">dialzza</span>:</strong> <em>chip chip</em></div><div class="chat chatmessage-dialzza"><strong style="color:hsl(85,79%,31%)"><small>★</small><span class="username" data-name="dialzza">dialzza</span>:</strong> <em>chip chop</em></div><div class="chat chatmessage-dialzza"><strong style="color:hsl(85,79%,31%)"><small>★</small><span class="username" data-name="dialzza">dialzza</span>:</strong> <em>chippity champ</em></div><div class="chat chatmessage-haunt"><strong style="color:hsl(322,72%,43.8302968676323%)"><small> </small><span class="username" data-name="Haunt">Haunt</span>:</strong> <em>the chip is here</em></div><div class="chat chatmessage-dialzza"><strong style="color:hsl(85,79%,31%)"><small>★</small><span class="username" data-name="dialzza">dialzza</span>:</strong> <em>4 hits woulda killed him too</em></div><div class="chat chatmessage-dialzza"><strong style="color:hsl(85,79%,31%)"><small>★</small><span class="username" data-name="dialzza">dialzza</span>:</strong> <em>fug</em></div><div class="spacer battle-history"><br></div><div class="battle-history">Chip used <strong>Fire Punch</strong>!<br></div><div class="battle-history"><small>It's super effective!</small><br></div><div class="battle-history"><small>(The opposing Shantae lost <abbr title="−14/21">66.7%</abbr> of its health!)</small><br></div><div class="spacer battle-history"><br></div><div class="battle-history">The opposing Shantae used <strong>Giga Drain</strong>!<br></div><div class="battle-history"><small>(Chip lost <abbr title="−21/23">91.3%</abbr> of its health!)</small><br></div><div class="battle-history"><small>Chip had its energy drained!</small><br></div><div class="spacer battle-history"><br></div><div class="battle-history"><small>Chip was hurt by poison!</small><br></div><div class="spacer battle-history"><br></div><div class="battle-history">Chip fainted!<br></div><div class="chat chatmessage-dialzza"><strong style="color:hsl(85,79%,31%)"><small>★</small><span class="username" data-name="dialzza">dialzza</span>:</strong> <em>JESUS</em></div><div class="chat chatmessage-dialzza"><strong style="color:hsl(85,79%,31%)"><small>★</small><span class="username" data-name="dialzza">dialzza</span>:</strong> <em>TANKY</em></div><div class="chat chatmessage-haunt"><strong style="color:hsl(322,72%,43.8302968676323%)"><small> </small><span class="username" data-name="Haunt">Haunt</span>:</strong> <em>What a liver</em></div><div class="chat"><small>CLG Blacklight left.</small></div><div class="chat chatmessage-haunt"><strong style="color:hsl(322,72%,43.8302968676323%)"><small> </small><span class="username" data-name="Haunt">Haunt</span>:</strong> <em>It killed Blacklight too</em></div><div class="chat chatmessage-tazerz95"><strong style="color:hsl(67,75%,31%)"><small> </small><span class="username" data-name="tazerz95">tazerz95</span>:</strong> <em>no kill sdaly</em></div><div class="chat chatmessage-dialzza"><strong style="color:hsl(85,79%,31%)"><small>★</small><span class="username" data-name="dialzza">dialzza</span>:</strong> <em>holy cocktassels</em></div><div class="chat chatmessage-haunt"><strong style="color:hsl(322,72%,43.8302968676323%)"><small> </small><span class="username" data-name="Haunt">Haunt</span>:</strong> <em>That's a good drain</em></div><div class="spacer battle-history"><br></div><div class="battle-history">Go! Valflame (<strong>Vulpix</strong>)!<br></div><div class="battle-history"><small>Valflame was poisoned!</small><br></div><div class="battle-history"><small>[Valflame's Drought]</small><br><small>The sunlight turned harsh!</small><br></div><div class="spacer battle-history"><br></div><h2 class="battle-history">Turn 11</h2><div class="chat chatmessage-sabertwooth"><strong style="color:hsl(229,40%,56.28101328445227%)"><small>★</small><span class="username" data-name="Sabertwooth">Sabertwooth</span>:</strong> <em>I'm actually doing calculations LOL</em></div><div class="chat chatmessage-tazerz95"><strong style="color:hsl(67,75%,31%)"><small> </small><span class="username" data-name="tazerz95">tazerz95</span>:</strong> <em>sadly</em></div><div class="chat chatmessage-skyman"><strong style="color:hsl(326,66%,46%)"><small> </small><span class="username" data-name="Skyman">Skyman</span>:</strong> <em>Lmao</em></div><div class="chat chatmessage-haunt"><strong style="color:hsl(322,72%,43.8302968676323%)"><small> </small><span class="username" data-name="Haunt">Haunt</span>:</strong> <em>Here it is</em></div><div class="chat chatmessage-dialzza"><strong style="color:hsl(85,79%,31%)"><small>★</small><span class="username" data-name="dialzza">dialzza</span>:</strong> <em>well only one thing for it</em></div><div class="chat"><small>CLG Blacklight joined.</small></div><div class="chat chatmessage-tazerz95"><strong style="color:hsl(67,75%,31%)"><small> </small><span class="username" data-name="tazerz95">tazerz95</span>:</strong> <em>just gave him chloro</em></div><div class="chat chatmessage-dialzza"><strong style="color:hsl(85,79%,31%)"><small>★</small><span class="username" data-name="dialzza">dialzza</span>:</strong> <em>gotta hope vulp can pull some shit</em></div><div class="chat chatmessage-tazerz95"><strong style="color:hsl(67,75%,31%)"><small> </small><span class="username" data-name="tazerz95">tazerz95</span>:</strong> <em>the madman</em></div><div class="chat chatmessage-dialzza"><strong style="color:hsl(85,79%,31%)"><small>★</small><span class="username" data-name="dialzza">dialzza</span>:</strong> <em>yeah</em></div><div class="chat chatmessage-dialzza"><strong style="color:hsl(85,79%,31%)"><small>★</small><span class="username" data-name="dialzza">dialzza</span>:</strong> <em>ik</em></div><div class="spacer battle-history"><br></div><div class="battle-history">The opposing Shantae used <strong>Sludge Bomb</strong>!<br></div><div class="battle-history"><small>(Valflame lost <abbr title="−15/21">71.4%</abbr> of its health!)</small><br></div><div class="spacer battle-history"><br></div><div class="battle-history">Valflame used <strong>Fire Blast</strong>!<br></div><div class="battle-history"><small>It's super effective!</small><br></div><div class="battle-history"><small>A critical hit!</small><br></div><div class="battle-history"><small>(The opposing Shantae lost <abbr title="−14/21">66.7%</abbr> of its health!)</small><br></div><div class="spacer battle-history"><br></div><div class="battle-history">The opposing Shantae fainted!<br></div><div class="spacer battle-history"><br></div><div class="battle-history"><small>(The sunlight is strong!)</small><br></div><div class="battle-history"><small>Valflame was hurt by poison!</small><br></div><div class="chat chatmessage-haunt"><strong style="color:hsl(322,72%,43.8302968676323%)"><small> </small><span class="username" data-name="Haunt">Haunt</span>:</strong> <em>oh</em></div><div class="chat chatmessage-haunt"><strong style="color:hsl(322,72%,43.8302968676323%)"><small> </small><span class="username" data-name="Haunt">Haunt</span>:</strong> <em>rip</em></div><div class="chat chatmessage-dialzza"><strong style="color:hsl(85,79%,31%)"><small>★</small><span class="username" data-name="dialzza">dialzza</span>:</strong> <em>SPECIALLY</em></div><div class="chat chatmessage-dialzza"><strong style="color:hsl(85,79%,31%)"><small>★</small><span class="username" data-name="dialzza">dialzza</span>:</strong> <em>DEFENSIVE</em></div><div class="chat chatmessage-dialzza"><strong style="color:hsl(85,79%,31%)"><small>★</small><span class="username" data-name="dialzza">dialzza</span>:</strong> <em>VULP</em></div><div class="chat chatmessage-tazerz95"><strong style="color:hsl(67,75%,31%)"><small> </small><span class="username" data-name="tazerz95">tazerz95</span>:</strong> <em>took that better than I thought</em></div><div class="chat chatmessage-dialzza"><strong style="color:hsl(85,79%,31%)"><small>★</small><span class="username" data-name="dialzza">dialzza</span>:</strong> <em>man</em></div><div class="chat chatmessage-skyman"><strong style="color:hsl(326,66%,46%)"><small> </small><span class="username" data-name="Skyman">Skyman</span>:</strong> <em>Rip</em></div><div class="chat chatmessage-dialzza"><strong style="color:hsl(85,79%,31%)"><small>★</small><span class="username" data-name="dialzza">dialzza</span>:</strong> <em>i really shouldn't have thrown away machip</em></div><div class="chat chatmessage-clgblacklight"><strong style="color:hsl(243,65%,62.01116908808691%)"><small> </small><span class="username" data-name="CLG Blacklight">CLG Blacklight</span>:</strong> <em>roasted</em></div><div class="chat chatmessage-dialzza"><strong style="color:hsl(85,79%,31%)"><small>★</small><span class="username" data-name="dialzza">dialzza</span>:</strong> <em>i shoulda ran the calcs n shit</em></div><div class="chat chatmessage-dialzza"><strong style="color:hsl(85,79%,31%)"><small>★</small><span class="username" data-name="dialzza">dialzza</span>:</strong> <em>fug</em></div><div class="chat chatmessage-skyman"><strong style="color:hsl(326,66%,46%)"><small> </small><span class="username" data-name="Skyman">Skyman</span>:</strong> <em>Roosted</em></div><div class="chat chatmessage-haunt"><strong style="color:hsl(322,72%,43.8302968676323%)"><small> </small><span class="username" data-name="Haunt">Haunt</span>:</strong> <em>A nice roasted artichoke</em></div><div class="spacer battle-history"><br></div><div class="battle-history">Sabertwooth sent out Moon Hunters (<strong>Cranidos</strong>)!<br></div><div class="battle-history"><small>Pointed stones dug into the opposing Moon Hunters!</small><br></div><div class="battle-history"><small>[The opposing Moon Hunters's Mold Breaker]</small><br><small>The opposing Moon Hunters breaks the mold!</small><br></div><div class="spacer battle-history"><br></div><h2 class="battle-history">Turn 12</h2><div class="chat chatmessage-tazerz95"><strong style="color:hsl(67,75%,31%)"><small> </small><span class="username" data-name="tazerz95">tazerz95</span>:</strong> <em>whats dying</em></div><div class="chat chatmessage-haunt"><strong style="color:hsl(322,72%,43.8302968676323%)"><small> </small><span class="username" data-name="Haunt">Haunt</span>:</strong> <em>Depends</em></div><div class="spacer battle-history"><br></div><div class="battle-history">The opposing Moon Hunters used <strong>Zen Headbutt</strong>!<br></div><div class="battle-history"><small>(Valflame lost <abbr title="−4/21">19.0%</abbr> of its health!)</small><br></div><div class="spacer battle-history"><br></div><div class="battle-history">Valflame fainted!<br></div><div class="spacer battle-history"><br></div><div class="battle-history"><small>(The sunlight is strong!)</small><br></div><div class="chat chatmessage-skyman"><strong style="color:hsl(326,66%,46%)"><small> </small><span class="username" data-name="Skyman">Skyman</span>:</strong> <em>Everything</em></div><div class="spacer battle-history"><br></div><div class="battle-history">Go! Arin (<strong>Aron</strong>)!<br></div><div class="spacer battle-history"><br></div><h2 class="battle-history">Turn 13</h2><div class="chat chatmessage-clgblacklight"><strong style="color:hsl(243,65%,62.01116908808691%)"><small> </small><span class="username" data-name="CLG Blacklight">CLG Blacklight</span>:</strong> <em>well now theres sun and a bellsprout...</em></div><div class="spacer battle-history"><br></div><div class="battle-history">The opposing Moon Hunters used <strong>Zen Headbutt</strong>!<br></div><div class="battle-history"><small>It's not very effective...</small><br></div><div class="battle-history"><small>(Arin lost <abbr title="−4/21">19.0%</abbr> of its health!)</small><br></div><div class="spacer battle-history"><br></div><div class="battle-history">Arin flinched and couldn't move!<br></div><div class="spacer battle-history"><br></div><div class="battle-history"><small>(The sunlight is strong!)</small><br></div><div class="spacer battle-history"><br></div><h2 class="battle-history">Turn 14</h2><div class="chat chatmessage-tazerz95"><strong style="color:hsl(67,75%,31%)"><small> </small><span class="username" data-name="tazerz95">tazerz95</span>:</strong> <em>3 turns left</em></div><div class="chat chatmessage-haunt"><strong style="color:hsl(322,72%,43.8302968676323%)"><small> </small><span class="username" data-name="Haunt">Haunt</span>:</strong> <em>Oh</em></div><div class="chat chatmessage-haunt"><strong style="color:hsl(322,72%,43.8302968676323%)"><small> </small><span class="username" data-name="Haunt">Haunt</span>:</strong> <em>man</em></div><div class="chat chatmessage-haunt"><strong style="color:hsl(322,72%,43.8302968676323%)"><small> </small><span class="username" data-name="Haunt">Haunt</span>:</strong> <em>here we go</em></div><div class="chat chatmessage-clgblacklight"><strong style="color:hsl(243,65%,62.01116908808691%)"><small> </small><span class="username" data-name="CLG Blacklight">CLG Blacklight</span>:</strong> <em>k e k</em></div><div class="chat chatmessage-dialzza"><strong style="color:hsl(85,79%,31%)"><small>★</small><span class="username" data-name="dialzza">dialzza</span>:</strong> <em>:|</em></div><div class="spacer battle-history"><br></div><div class="battle-history">The opposing Moon Hunters used <strong>Zen Headbutt</strong>!<br></div><div class="battle-history"><small>It's not very effective...</small><br></div><div class="battle-history"><small>(Arin lost <abbr title="−4/21">19.0%</abbr> of its health!)</small><br></div><div class="spacer battle-history"><br></div><div class="battle-history">Arin used <strong>Iron Head</strong>!<br></div><div class="battle-history"><small>It's super effective!</small><br></div><div class="battle-history"><small>(The opposing Moon Hunters lost <abbr title="−21/23">91.3%</abbr> of its health!)</small><br></div><div class="spacer battle-history"><br></div><div class="battle-history">The opposing Moon Hunters fainted!<br></div><div class="spacer battle-history"><br></div><div class="battle-history"><small>(The sunlight is strong!)</small><br></div><div class="chat chatmessage-tazerz95"><strong style="color:hsl(67,75%,31%)"><small> </small><span class="username" data-name="tazerz95">tazerz95</span>:</strong> <em>unless he was heat rock</em></div><div class="chat chatmessage-haunt"><strong style="color:hsl(322,72%,43.8302968676323%)"><small> </small><span class="username" data-name="Haunt">Haunt</span>:</strong> <em>rip</em></div><div class="chat chatmessage-haunt"><strong style="color:hsl(322,72%,43.8302968676323%)"><small> </small><span class="username" data-name="Haunt">Haunt</span>:</strong> <em>Sun's a tickin' buddy</em></div><div class="chat chatmessage-dialzza"><strong style="color:hsl(85,79%,31%)"><small>★</small><span class="username" data-name="dialzza">dialzza</span>:</strong> <em>unless i was heat rock :^)</em></div><div class="spacer battle-history"><br></div><div class="battle-history">Sabertwooth sent out <strong>Mienfoo</strong>!<br></div><div class="battle-history"><small>Pointed stones dug into the opposing Mienfoo!</small><br></div><div class="spacer battle-history"><br></div><h2 class="battle-history">Turn 15</h2><div class="chat chatmessage-haunt"><strong style="color:hsl(322,72%,43.8302968676323%)"><small> </small><span class="username" data-name="Haunt">Haunt</span>:</strong> <em>Hey lookit</em></div><div class="chat chatmessage-haunt"><strong style="color:hsl(322,72%,43.8302968676323%)"><small> </small><span class="username" data-name="Haunt">Haunt</span>:</strong> <em>sometime to set up on</em></div><div class="chat chatmessage-dialzza"><strong style="color:hsl(85,79%,31%)"><small>★</small><span class="username" data-name="dialzza">dialzza</span>:</strong> <em>its zorua</em></div><div class="chat chatmessage-dialzza"><strong style="color:hsl(85,79%,31%)"><small>★</small><span class="username" data-name="dialzza">dialzza</span>:</strong> <em>20%</em></div><div class="chat chatmessage-clgblacklight"><strong style="color:hsl(243,65%,62.01116908808691%)"><small> </small><span class="username" data-name="CLG Blacklight">CLG Blacklight</span>:</strong> <em>hjk/10</em></div><div class="chat chatmessage-dialzza"><strong style="color:hsl(85,79%,31%)"><small>★</small><span class="username" data-name="dialzza">dialzza</span>:</strong> <em>20% chance its zorua in my estimation</em></div><div class="chat chatmessage-tazerz95"><strong style="color:hsl(67,75%,31%)"><small> </small><span class="username" data-name="tazerz95">tazerz95</span>:</strong> <em>which I doubt seeing as how well it took the sludge</em></div><div class="chat chatmessage-haunt"><strong style="color:hsl(322,72%,43.8302968676323%)"><small> </small><span class="username" data-name="Haunt">Haunt</span>:</strong> <em>I mean</em></div><div class="chat chatmessage-haunt"><strong style="color:hsl(322,72%,43.8302968676323%)"><small> </small><span class="username" data-name="Haunt">Haunt</span>:</strong> <em>rock damage</em></div><div class="chat chatmessage-dialzza"><strong style="color:hsl(85,79%,31%)"><small>★</small><span class="username" data-name="dialzza">dialzza</span>:</strong> <em>oh right</em></div><div class="chat chatmessage-dialzza"><strong style="color:hsl(85,79%,31%)"><small>★</small><span class="username" data-name="dialzza">dialzza</span>:</strong> <em>its not zorua</em></div><div class="chat chatmessage-tazerz95"><strong style="color:hsl(67,75%,31%)"><small> </small><span class="username" data-name="tazerz95">tazerz95</span>:</strong> <em>dial pls</em></div><div class="chat chatmessage-sabertwooth"><strong style="color:hsl(229,40%,56.28101328445227%)"><small>★</small><span class="username" data-name="Sabertwooth">Sabertwooth</span>:</strong> <em>TAZER SHUT UP</em></div><div class="chat chatmessage-dialzza"><strong style="color:hsl(85,79%,31%)"><small>★</small><span class="username" data-name="dialzza">dialzza</span>:</strong> <em>:P</em></div><div class="chat chatmessage-haunt"><strong style="color:hsl(322,72%,43.8302968676323%)"><small> </small><span class="username" data-name="Haunt">Haunt</span>:</strong> <em>Yeah tazer</em></div><div class="chat chatmessage-haunt"><strong style="color:hsl(322,72%,43.8302968676323%)"><small> </small><span class="username" data-name="Haunt">Haunt</span>:</strong> <em>shut up</em></div><div class="chat chatmessage-tazerz95"><strong style="color:hsl(67,75%,31%)"><small> </small><span class="username" data-name="tazerz95">tazerz95</span>:</strong> <em>hey haunt said it</em></div><div class="chat chatmessage-dialzza"><strong style="color:hsl(85,79%,31%)"><small>★</small><span class="username" data-name="dialzza">dialzza</span>:</strong> <em>yeah tazer</em></div><div class="chat chatmessage-dialzza"><strong style="color:hsl(85,79%,31%)"><small>★</small><span class="username" data-name="dialzza">dialzza</span>:</strong> <em>sht up</em></div><div class="chat chatmessage-tazerz95"><strong style="color:hsl(67,75%,31%)"><small> </small><span class="username" data-name="tazerz95">tazerz95</span>:</strong> <em>not like dial's move would differ what mon it was out right now anyways</em></div><div class="chat chatmessage-sabertwooth"><strong style="color:hsl(229,40%,56.28101328445227%)"><small>★</small><span class="username" data-name="Sabertwooth">Sabertwooth</span>:</strong> <em>Hold on</em></div><div class="chat chatmessage-sabertwooth"><strong style="color:hsl(229,40%,56.28101328445227%)"><small>★</small><span class="username" data-name="Sabertwooth">Sabertwooth</span>:</strong> <em>Sorry</em></div><div class="chat chatmessage-skyman"><strong style="color:hsl(326,66%,46%)"><small> </small><span class="username" data-name="Skyman">Skyman</span>:</strong> <em>Haunt and Tazer both suffer a loss for assisting player in another match</em></div><div class="chat chatmessage-tazerz95"><strong style="color:hsl(67,75%,31%)"><small> </small><span class="username" data-name="tazerz95">tazerz95</span>:</strong> <em>aron dies to both</em></div><div class="chat chatmessage-dialzza"><strong style="color:hsl(85,79%,31%)"><small>★</small><span class="username" data-name="dialzza">dialzza</span>:</strong> <em>lmfao</em></div><div class="chat chatmessage-tazerz95"><strong style="color:hsl(67,75%,31%)"><small> </small><span class="username" data-name="tazerz95">tazerz95</span>:</strong> <em>and nothing can switch in to either mon</em></div><div class="chat chatmessage-clgblacklight"><strong style="color:hsl(243,65%,62.01116908808691%)"><small> </small><span class="username" data-name="CLG Blacklight">CLG Blacklight</span>:</strong> <em>this is normal LOL</em></div><div class="chat chatmessage-skyman"><strong style="color:hsl(326,66%,46%)"><small> </small><span class="username" data-name="Skyman">Skyman</span>:</strong> <em>Please understand</em></div><div class="chat chatmessage-dialzza"><strong style="color:hsl(85,79%,31%)"><small>★</small><span class="username" data-name="dialzza">dialzza</span>:</strong> <em>whatcha gonna do</em></div><div class="chat chatmessage-dialzza"><strong style="color:hsl(85,79%,31%)"><small>★</small><span class="username" data-name="dialzza">dialzza</span>:</strong> <em>when they come for you</em></div><div class="spacer battle-history"><br></div><div class="battle-history">The opposing Mienfoo used <strong>Drain Punch</strong>!<br></div><div class="battle-history"><small>It's super effective!</small><br></div><div class="battle-history"><small>(Arin lost <abbr title="−7/21">33.3%</abbr> of its health!)</small><br></div><div class="battle-history"><small>Arin had its energy drained!</small><br></div><div class="spacer battle-history"><br></div><div class="battle-history">Arin fainted!<br></div><div class="spacer battle-history"><br></div><div class="battle-history"><small>(The sunlight is strong!)</small><br></div><div class="spacer battle-history"><br></div><div class="battle-history">Go! The Bell Tolls (<strong>Bellsprout</strong>)!<br></div><div class="battle-history"><small>The poison spikes disappeared from the ground around your team!</small><br></div><div class="spacer battle-history"><br></div><h2 class="battle-history">Turn 16</h2><div class="chat chatmessage-sabertwooth"><strong style="color:hsl(229,40%,56.28101328445227%)"><small>★</small><span class="username" data-name="Sabertwooth">Sabertwooth</span>:</strong> <em>k back</em></div><div class="chat"><small>CLG Blacklight left.</small></div><div class="chat chatmessage-skyman"><strong style="color:hsl(326,66%,46%)"><small> </small><span class="username" data-name="Skyman">Skyman</span>:</strong> <em>F</em></div><div class="chat chatmessage-haunt"><strong style="color:hsl(322,72%,43.8302968676323%)"><small> </small><span class="username" data-name="Haunt">Haunt</span>:</strong> <em>Spikes are literally useless now lol</em></div><div class="chat chatmessage-haunt"><strong style="color:hsl(322,72%,43.8302968676323%)"><small> </small><span class="username" data-name="Haunt">Haunt</span>:</strong> <em>SO</em></div><div class="chat chatmessage-dialzza"><strong style="color:hsl(85,79%,31%)"><small>★</small><span class="username" data-name="dialzza">dialzza</span>:</strong> <em>tik tok</em></div><div class="chat chatmessage-haunt"><strong style="color:hsl(322,72%,43.8302968676323%)"><small> </small><span class="username" data-name="Haunt">Haunt</span>:</strong> <em>THE POWDER</em></div><div class="chat chatmessage-haunt"><strong style="color:hsl(322,72%,43.8302968676323%)"><small> </small><span class="username" data-name="Haunt">Haunt</span>:</strong> <em>DOES IT DO AT LAST</em></div><div class="chat chatmessage-tazerz95"><strong style="color:hsl(67,75%,31%)"><small> </small><span class="username" data-name="tazerz95">tazerz95</span>:</strong> <em>how did heat rock eat the sludge bomb like that</em></div><div class="spacer battle-history"><br></div><div class="battle-history">The Bell Tolls used <strong>Growth</strong>!<br></div><div class="battle-history"><small>The Bell Tolls's Attack rose sharply!</small><br></div><div class="battle-history"><small>The Bell Tolls's Special Attack rose sharply!</small><br></div><div class="spacer battle-history"><br></div><div class="battle-history">The opposing Mienfoo used <strong>Knock Off</strong>!<br></div><div class="battle-history"><small>(The Bell Tolls lost <abbr title="−7/21">33.3%</abbr> of its health!)</small><br></div><div class="battle-history"><small>The opposing Mienfoo knocked off The Bell Tolls's Eviolite!</small><br></div><div class="spacer battle-history"><br></div><div class="battle-history"><small>(The sunlight is strong!)</small><br></div><div class="spacer battle-history"><br></div><h2 class="battle-history">Turn 17</h2><div class="chat chatmessage-haunt"><strong style="color:hsl(322,72%,43.8302968676323%)"><small> </small><span class="username" data-name="Haunt">Haunt</span>:</strong> <em>OR DOES IT DON'T</em></div><div class="chat chatmessage-haunt"><strong style="color:hsl(322,72%,43.8302968676323%)"><small> </small><span class="username" data-name="Haunt">Haunt</span>:</strong> <em>rip</em></div><div class="chat chatmessage-tazerz95"><strong style="color:hsl(67,75%,31%)"><small> </small><span class="username" data-name="tazerz95">tazerz95</span>:</strong> <em>dial</em></div><div class="chat chatmessage-haunt"><strong style="color:hsl(322,72%,43.8302968676323%)"><small> </small><span class="username" data-name="Haunt">Haunt</span>:</strong> <em>investment</em></div><div class="spacer battle-history"><br></div><div class="battle-history">The Bell Tolls used <strong>Giga Drain</strong>!<br></div><div class="battle-history"><small>(The opposing Mienfoo lost <abbr title="−18/21">85.7%</abbr> of its health!)</small><br></div><div class="battle-history"><small>The opposing Mienfoo had its energy drained!</small><br></div><div class="spacer battle-history"><br></div><div class="battle-history">The opposing Mienfoo used <strong>U-turn</strong>!<br></div><div class="battle-history"><small>(The Bell Tolls lost <abbr title="−9/21">42.9%</abbr> of its health!)</small><br></div><div class="chat chatmessage-haunt"><strong style="color:hsl(322,72%,43.8302968676323%)"><small> </small><span class="username" data-name="Haunt">Haunt</span>:</strong> <em>Apparently</em></div><div class="chat chatmessage-tazerz95"><strong style="color:hsl(67,75%,31%)"><small> </small><span class="username" data-name="tazerz95">tazerz95</span>:</strong> <em>you just wasted the turn you needed</em></div><div class="chat"><small>CLG Blacklight joined.</small></div><div class="chat chatmessage-dialzza"><strong style="color:hsl(85,79%,31%)"><small>★</small><span class="username" data-name="dialzza">dialzza</span>:</strong> <em>sh taze</em></div><div class="chat chatmessage-dialzza"><strong style="color:hsl(85,79%,31%)"><small>★</small><span class="username" data-name="dialzza">dialzza</span>:</strong> <em>shhhh</em></div><div class="spacer battle-history"><br></div><div class="battle-history">The opposing Mienfoo went back to Sabertwooth!<br></div><div class="battle-history">Sabertwooth sent out Shadow of Mordor (<strong>Zigzagoon</strong>)!<br></div><div class="battle-history"><small>Pointed stones dug into the opposing Shadow of Mordor!</small><br></div><div class="spacer battle-history"><br></div><div class="battle-history"><small>(The sunlight is strong!)</small><br></div><div class="spacer battle-history"><br></div><h2 class="battle-history">Turn 18</h2><div class="chat chatmessage-haunt"><strong style="color:hsl(322,72%,43.8302968676323%)"><small> </small><span class="username" data-name="Haunt">Haunt</span>:</strong> <em>gooooon</em></div><div class="spacer battle-history"><br></div><div class="battle-history">The Bell Tolls used <strong>Giga Drain</strong>!<br></div><div class="battle-history"><small>The opposing Zorua's illusion wore off!</small><br></div><div class="battle-history"><small>(The opposing Zorua lost <abbr title="−18/20">90%</abbr> of its health!)</small><br></div><div class="battle-history"><small>The opposing Zorua had its energy drained!</small><br></div><div class="spacer battle-history"><br></div><div class="battle-history">The opposing Zorua fainted!<br></div><div class="spacer battle-history"><br></div><div class="battle-history"><small>The sunlight faded.</small><br></div><div class="chat chatmessage-dialzza"><strong style="color:hsl(85,79%,31%)"><small>★</small><span class="username" data-name="dialzza">dialzza</span>:</strong> <em>not goon</em></div><div class="chat chatmessage-clgblacklight"><strong style="color:hsl(243,65%,62.01116908808691%)"><small> </small><span class="username" data-name="CLG Blacklight">CLG Blacklight</span>:</strong> <em>lol</em></div><div class="chat chatmessage-haunt"><strong style="color:hsl(322,72%,43.8302968676323%)"><small> </small><span class="username" data-name="Haunt">Haunt</span>:</strong> <em>Oop</em></div><div class="chat chatmessage-haunt"><strong style="color:hsl(322,72%,43.8302968676323%)"><small> </small><span class="username" data-name="Haunt">Haunt</span>:</strong> <em>Well that's not good</em></div><div class="chat chatmessage-haunt"><strong style="color:hsl(322,72%,43.8302968676323%)"><small> </small><span class="username" data-name="Haunt">Haunt</span>:</strong> <em>At all</em></div><div class="spacer battle-history"><br></div><div class="battle-history">Sabertwooth sent out Shadow of Mordor (<strong>Zigzagoon</strong>)!<br></div><div class="battle-history"><small>Pointed stones dug into the opposing Shadow of Mordor!</small><br></div><div class="spacer battle-history"><br></div><h2 class="battle-history">Turn 19</h2><div class="chat chatmessage-haunt"><strong style="color:hsl(322,72%,43.8302968676323%)"><small> </small><span class="username" data-name="Haunt">Haunt</span>:</strong> <em>Actually doesn't matter</em></div><div class="chat chatmessage-haunt"><strong style="color:hsl(322,72%,43.8302968676323%)"><small> </small><span class="username" data-name="Haunt">Haunt</span>:</strong> <em>goon is</em></div><div class="chat chatmessage-haunt"><strong style="color:hsl(322,72%,43.8302968676323%)"><small> </small><span class="username" data-name="Haunt">Haunt</span>:</strong> <em>not very good</em></div><div class="spacer battle-history"><br></div><div class="battle-history">The opposing Shadow of Mordor used <strong>Belly Drum</strong>!<br></div><div class="battle-history"><small>(The opposing Shadow of Mordor lost <abbr title="−11/22">50%</abbr> of its health!)</small><br></div><div class="battle-history"><small>The opposing Shadow of Mordor cut its own HP and maximized its Attack!</small><br></div><div class="battle-history"><small>(The opposing Shadow of Mordor used its Berry Juice!)</small><br></div><div class="battle-history"><small>The opposing Shadow of Mordor restored HP using its Berry Juice!</small><br></div><div class="spacer battle-history"><br></div><div class="battle-history">The Bell Tolls used <strong>Giga Drain</strong>!<br></div><div class="battle-history"><small>(The opposing Shadow of Mordor lost <abbr title="−22/22">100%</abbr> of its health!)</small><br></div><div class="spacer battle-history"><br></div><div class="battle-history">The opposing Shadow of Mordor fainted!<br></div><div class="chat chatmessage-dialzza"><strong style="color:hsl(85,79%,31%)"><small>★</small><span class="username" data-name="dialzza">dialzza</span>:</strong> <em>POWERFUL DRAINS</em></div><div class="chat chatmessage-haunt"><strong style="color:hsl(322,72%,43.8302968676323%)"><small> </small><span class="username" data-name="Haunt">Haunt</span>:</strong> <em>196+ Atk Zigzagoon Extreme Speed vs. 36 HP / 76 Def Bellsprout: 10-13 (45.4 - 59%) -- 93.8% chance to 2HKO</em></div><div class="chat chatmessage-dialzza"><strong style="color:hsl(85,79%,31%)"><small>★</small><span class="username" data-name="dialzza">dialzza</span>:</strong> <em>POWERFUUUL</em></div><div class="spacer battle-history"><br></div><div class="battle-history">Sabertwooth sent out <strong>Mienfoo</strong>!<br></div><div class="battle-history"><small>Pointed stones dug into the opposing Mienfoo!</small><br></div><div class="spacer battle-history"><br></div><h2 class="battle-history">Turn 20</h2><div class="chat chatmessage-clgblacklight"><strong style="color:hsl(243,65%,62.01116908808691%)"><small> </small><span class="username" data-name="CLG Blacklight">CLG Blacklight</span>:</strong> <em>anddd we're done</em></div><div class="spacer battle-history"><br></div><div class="battle-history">The opposing Mienfoo used <strong>U-turn</strong>!<br></div><div class="battle-history"><small>(The Bell Tolls lost <abbr title="−9/21">42.9%</abbr> of its health!)</small><br></div><div class="spacer battle-history"><br></div><div class="battle-history">The Bell Tolls used <strong>Giga Drain</strong>!<br></div><div class="battle-history"><small>(The opposing Mienfoo lost <abbr title="−9/21">42.9%</abbr> of its health!)</small><br></div><div class="battle-history"><small>The opposing Mienfoo had its energy drained!</small><br></div><div class="spacer battle-history"><br></div><div class="battle-history">The opposing Mienfoo fainted!<br></div><div class="spacer battle-history"><br></div><div class="battle-history"><strong>dialzza</strong> won the battle!<br></div><div class="chat chatmessage-dialzza"><strong style="color:hsl(85,79%,31%)"><small>★</small><span class="username" data-name="dialzza">dialzza</span>:</strong> <em>gg</em></div><div class="chat chatmessage-dialzza"><strong style="color:hsl(85,79%,31%)"><small>★</small><span class="username" data-name="dialzza">dialzza</span>:</strong> <em>btw</em></div><div class="chat chatmessage-dialzza"><strong style="color:hsl(85,79%,31%)"><small>★</small><span class="username" data-name="dialzza">dialzza</span>:</strong> <em>i had sunny day</em></div><div class="chat chatmessage-haunt"><strong style="color:hsl(322,72%,43.8302968676323%)"><small> </small><span class="username" data-name="Haunt">Haunt</span>:</strong> <em>sprout done gave it to ya</em></div><div class="chat chatmessage-dialzza"><strong style="color:hsl(85,79%,31%)"><small>★</small><span class="username" data-name="dialzza">dialzza</span>:</strong> <em>on sprout</em></div><div class="chat chatmessage-dialzza"><strong style="color:hsl(85,79%,31%)"><small>★</small><span class="username" data-name="dialzza">dialzza</span>:</strong> <em>:^)</em></div><div class="chat chatmessage-tazerz95"><strong style="color:hsl(67,75%,31%)"><small> </small><span class="username" data-name="tazerz95">tazerz95</span>:</strong> <em>I mean</em></div><div class="chat"><small>Skyman left.</small></div><div class="chat"><small>Sabertwooth left.</small></div><div class="chat chatmessage-tazerz95"><strong style="color:hsl(67,75%,31%)"><small> </small><span class="username" data-name="tazerz95">tazerz95</span>:</strong> <em>That's not that big of a surprise</em></div><div class="chat"><small>CLG Blacklight left.</small></div><div class="chat chatmessage-dialzza"><strong style="color:hsl(85,79%,31%)"><small>★</small><span class="username" data-name="dialzza">dialzza</span>:</strong> <em>and a lot of tank investment</em></div><div class="chat"><small>Haunt left.</small></div><div class="chat"><small>dialzza left.</small></div></div><div class="inner-preempt"></div></div></div>
</div>
<script>
let daily = Math.floor(Date.now()/1000/60/60/24);document.write('<script src="https://play.pokemonshowdown.com/js/replay-embed.js?version'+daily+'"></'+'script>');
</script>
