<!DOCTYPE html>
<meta charset="utf-8" />
<!-- version 1 -->
<title>LC replay: Chanito♡ vs. weirdmgeddon</title>
<style>
html,body {font-family:Verdana, sans-serif;font-size:10pt;margin:0;padding:0;}body{padding:12px 0;} .battle-log {font-family:Verdana, sans-serif;font-size:10pt;} .battle-log-inline {border:1px solid #AAAAAA;background:#EEF2F5;color:black;max-width:640px;margin:0 auto 80px;padding-bottom:5px;} .battle-log .inner {padding:4px 8px 0px 8px;} .battle-log .inner-preempt {padding:0 8px 4px 8px;} .battle-log .inner-after {margin-top:0.5em;} .battle-log h2 {margin:0.5em -8px;padding:4px 8px;border:1px solid #AAAAAA;background:#E0E7EA;border-left:0;border-right:0;font-family:Verdana, sans-serif;font-size:13pt;} .battle-log .chat {vertical-align:middle;padding:3px 0 3px 0;font-size:8pt;} .battle-log .chat strong {color:#40576A;} .battle-log .chat em {padding:1px 4px 1px 3px;color:#000000;font-style:normal;} .chat.mine {background:rgba(0,0,0,0.05);margin-left:-8px;margin-right:-8px;padding-left:8px;padding-right:8px;} .spoiler {color:#BBBBBB;background:#BBBBBB;padding:0px 3px;} .spoiler:hover, .spoiler:active, .spoiler-shown {color:#000000;background:#E2E2E2;padding:0px 3px;} .spoiler a {color:#BBBBBB;} .spoiler:hover a, .spoiler:active a, .spoiler-shown a {color:#2288CC;} .chat code, .chat .spoiler:hover code, .chat .spoiler:active code, .chat .spoiler-shown code {border:1px solid #C0C0C0;background:#EEEEEE;color:black;padding:0 2px;} .chat .spoiler code {border:1px solid #CCCCCC;background:#CCCCCC;color:#CCCCCC;} .battle-log .rated {padding:3px 4px;} .battle-log .rated strong {color:white;background:#89A;padding:1px 4px;border-radius:4px;} .spacer {margin-top:0.5em;} .message-announce {background:#6688AA;color:white;padding:1px 4px 2px;} .message-announce a, .broadcast-green a, .broadcast-blue a, .broadcast-red a {color:#DDEEFF;} .broadcast-green {background-color:#559955;color:white;padding:2px 4px;} .broadcast-blue {background-color:#6688AA;color:white;padding:2px 4px;} .infobox {border:1px solid #6688AA;padding:2px 4px;} .infobox-limited {max-height:200px;overflow:auto;overflow-x:hidden;} .broadcast-red {background-color:#AA5544;color:white;padding:2px 4px;} .message-learn-canlearn {font-weight:bold;color:#228822;text-decoration:underline;} .message-learn-cannotlearn {font-weight:bold;color:#CC2222;text-decoration:underline;} .message-effect-weak {font-weight:bold;color:#CC2222;} .message-effect-resist {font-weight:bold;color:#6688AA;} .message-effect-immune {font-weight:bold;color:#666666;} .message-learn-list {margin-top:0;margin-bottom:0;} .message-throttle-notice, .message-error {color:#992222;} .message-overflow, .chat small.message-overflow {font-size:0pt;} .message-overflow::before {font-size:9pt;content:'...';} .subtle {color:#3A4A66;}
</style>
<div class="wrapper replay-wrapper" style="max-width:1180px;margin:0 auto">
<input type="hidden" name="replayid" value="pandora-lc-5404706" />
<div class="battle"></div><div class="battle-log"></div><div class="replay-controls"></div><div class="replay-controls-2"></div>
<h1 style="font-weight:normal;text-align:center"><strong>LC</strong><br /><a href="http://pokemonshowdown.com/users/chanito" class="subtle" target="_blank">Chanito♡</a> vs. <a href="http://pokemonshowdown.com/users/weirdmgeddon" class="subtle" target="_blank">weirdmgeddon</a></h1>
<script type="text/plain" class="battle-log-data">|j|Chanito♡
|j|weirdmgeddon
|unlink|||tour
|player|p1|Chanito♡|101
|player|p2|weirdmgeddon|nashiro.gif?0e3af25e
|gametype|singles
|gen|6
|tier|LC
|seed|37819,4483,13631,64336
|clearpoke
|poke|p1|Drilbur, L5, M|item
|poke|p1|Slowpoke, L5, M|item
|poke|p1|Foongus, L5, M|item
|poke|p1|Pawniard, L5, F|item
|poke|p1|Mienfoo, L5, F|item
|poke|p1|Fletchling, L5, F|item
|poke|p2|Mienfoo, L5, F|item
|poke|p2|Pawniard, L5, M, shiny|item
|poke|p2|Fletchling, L5, F|
|poke|p2|Chinchou, L5, F|item
|poke|p2|Gastly, L5, M, shiny|item
|poke|p2|Scraggy, L5, M|item
|rule|Cláusula-Mod de Dormir: solo puedes dormir a uno de tus oponentes a la vez.
|rule|Cláusula de Especie: Hasta un Pokémon de cada especie
|rule|Cláusula de Golpe Fulminante: los movimientos fulminantes (OHKO) estan prohibidos
|rule|Cláusula de Moody: la habilidad Moody está prohibida
|rule|Cláusula de Movimientos Evasivos: los movimientos de evasion estan prohibidos
|rule|Cláusula de Batallas Eternas: forzar batallas eternas está prohibido
|rule|Modo de Porcentaje de HP: el HP es mostrado en porcentaje
|teampreview
|j|Blakiken123
|choice|*|*team 423156
|choice|*team 523416|*
|choice|team 5, team 2, team 3, team 4, team 1, team 6|team 4, team 2, team 3, team 1, team 5, team 6
|
|start
|switch|p1a: Mienfoo|Mienfoo, L5, F|21\/21
|switch|p2a: Lights|Chinchou, L5, F|24\/24
|turn|1
|choice|*move 2|*
|choice|*|*switch 5
|choice|move knockoff|switch 5
|
|switch|p2a: Gastly|Gastly, L5, M, shiny|19\/19
|move|p1a: Mienfoo|Knock Off|p2a: Gastly
|-supereffective|p2a: Gastly
|-enditem|p2a: Gastly|Focus Sash
|-damage|p2a: Gastly|1\/19
|
|turn|2
|choice|*move 3|*
|choice|*|*move 3
|choice|move uturn|move hiddenpower
|
|move|p2a: Gastly|Hidden Power|p1a: Mienfoo
|-damage|p1a: Mienfoo|15\/21
|move|p1a: Mienfoo|U-turn|p2a: Gastly
|-resisted|p2a: Gastly
|-damage|p2a: Gastly|0 fnt
|faint|p2a: Gastly
|choice|*switch 6|*
|choice|switch 6|
|
|switch|p1a: Fletchling|Fletchling, L5, F|21\/21
|
|choice|*|*switch 5
|choice||switch 5
|
|switch|p2a: Lights|Chinchou, L5, F|24\/24
|turn|3
|choice|*switch 5|*
|choice|*|*move 3
|choice|switch 5|move icebeam
|
|switch|p1a: Drilbur|Drilbur, L5, M|23\/23
|-ability|p1a: Drilbur|Mold Breaker
|move|p2a: Lights|Ice Beam|p1a: Drilbur
|-supereffective|p1a: Drilbur
|-damage|p1a: Drilbur|9\/23
|
|turn|4
|j|H(a.a)rp
|choice|*switch 2|*
|choice|*|*move 3
|choice|switch 2|move icebeam
|
|switch|p1a: Slowpoke|Slowpoke, L5, M|26\/26
|move|p2a: Lights|Ice Beam|p1a: Slowpoke
|-resisted|p1a: Slowpoke
|-damage|p1a: Slowpoke|23\/26
|
|turn|5
|j|Takart !~
|choice|*|*switch 6
|choice|*move 2|*
|choice|move thunderwave|switch 6
|
|switch|p2a: Scraggy|Scraggy, L5, M|22\/22
|move|p1a: Slowpoke|Thunder Wave|p2a: Scraggy
|-status|p2a: Scraggy|par
|
|turn|6
|j|TheRubenGamer06
|choice|*switch 6|*
|choice|*|*move 3
|choice|switch 6|move icepunch
|
|switch|p1a: Mienfoo|Mienfoo, L5, F|21\/21
|move|p2a: Scraggy|Ice Punch|p1a: Mienfoo
|-damage|p1a: Mienfoo|14\/21
|
|-activate|p2a: Scraggy|ability: Shed Skin
|-curestatus|p2a: Scraggy|par|[msg]
|turn|7
|choice|*|*switch 4
|choice|*move 3|*
|choice|move uturn|switch 4
|
|switch|p2a: Mienfoo|Mienfoo, L5, F|21\/21
|move|p1a: Mienfoo|U-turn|p2a: Mienfoo
|-resisted|p2a: Mienfoo
|-damage|p2a: Mienfoo|17\/21
|choice|*switch 5|*
|choice|switch 5|
|
|switch|p1a: Fletchling|Fletchling, L5, F|21\/21
|
|turn|8
|choice|*move 3|*
|choice|*|*move 4
|choice|move uturn|move fakeout
|
|move|p2a: Mienfoo|Fake Out|p1a: Fletchling
|-damage|p1a: Fletchling|16\/21
|-damage|p2a: Mienfoo|15\/21|[from] item: Life Orb
|cant|p1a: Fletchling|flinch
|
|turn|9
|choice|*|*switch 6
|choice|*|*undo
|choice|*|*switch 2
|choice|*move 3|*
|choice|move uturn|switch 2
|
|switch|p2a: Spear of Justice|Pawniard, L5, M, shiny|21\/21
|move|p1a: Fletchling|U-turn|p2a: Spear of Justice
|-damage|p2a: Spear of Justice|16\/21
|choice|*switch 5|*
|choice|switch 5|
|
|switch|p1a: Mienfoo|Mienfoo, L5, F|21\/21
|
|turn|10
|choice|*move 1|*
|choice|*|*switch 2
|choice|move drainpunch|switch 2
|
|switch|p2a: Mienfoo|Mienfoo, L5, F|21\/21
|move|p1a: Mienfoo|Drain Punch|p2a: Mienfoo
|-damage|p2a: Mienfoo|8\/21
|
|turn|11
|choice|*|*move 3
|choice|*move 1|*
|choice|move drainpunch|move uturn
|
|move|p1a: Mienfoo|Drain Punch|p2a: Mienfoo
|-damage|p2a: Mienfoo|0 fnt
|faint|p2a: Mienfoo
|
|choice|*|*switch 3
|choice||switch 3
|
|switch|p2a: Fletchling|Fletchling, L5, F|23\/23
|turn|12
|choice|*|*move 2
|j|galactic flygon70
|choice|*move 1|*
|choice|move drainpunch|move uturn
|
|move|p1a: Mienfoo|Drain Punch|p2a: Fletchling
|-damage|p2a: Fletchling|8\/23
|move|p2a: Fletchling|U-turn|p1a: Mienfoo
|-resisted|p1a: Mienfoo
|-damage|p1a: Mienfoo|18\/21
|choice|*|*switch 6
|choice||switch 6
|
|switch|p2a: Lights|Chinchou, L5, F|24\/24
|
|turn|13
|j|samueljarax
|choice|*move 2|*
|choice|*|*move 2
|choice|move knockoff|move voltswitch
|
|move|p2a: Lights|Volt Switch|p1a: Mienfoo
|-damage|p1a: Mienfoo|9\/21
|choice|*|*switch 2
|choice||switch 2
|
|switch|p2a: Spear of Justice|Pawniard, L5, M, shiny|16\/21
|move|p1a: Mienfoo|Knock Off|p2a: Spear of Justice
|-resisted|p2a: Spear of Justice
|-damage|p2a: Spear of Justice|12\/21
|-enditem|p2a: Spear of Justice|Eviolite|[from] move: Knock Off|[of] p1a: Mienfoo
|
|turn|14
|choice|*move 1|*
|l|H(a.a)rp
|choice|*|*move 3
|choice|move drainpunch|move suckerpunch
|
|move|p2a: Spear of Justice|Sucker Punch|p1a: Mienfoo
|-resisted|p1a: Mienfoo
|-damage|p1a: Mienfoo|3\/21
|move|p1a: Mienfoo|Drain Punch|p2a: Spear of Justice
|-supereffective|p2a: Spear of Justice
|-damage|p2a: Spear of Justice|0 fnt
|-heal|p1a: Mienfoo|9\/21|[from] drain|[of] p2a: Spear of Justice
|faint|p2a: Spear of Justice
|
|choice|*|*switch 6
|choice||switch 6
|
|switch|p2a: Fletchling|Fletchling, L5, F|8\/23
|turn|15
|choice|*|*move 1
|choice|*switch 6|*
|choice|switch 6|move acrobatics
|
|switch|p1a: Slowpoke|Slowpoke, L5, M|26\/26
|move|p2a: Fletchling|Acrobatics|p1a: Slowpoke
|-damage|p1a: Slowpoke|17\/26
|
|turn|16
|choice|*|*move 2
|choice|*move 4|*
|choice|move psychic|move uturn
|
|move|p2a: Fletchling|U-turn|p1a: Slowpoke
|-supereffective|p1a: Slowpoke
|-damage|p1a: Slowpoke|9\/26
|choice|*|*switch 2
|choice||switch 2
|
|switch|p2a: Lights|Chinchou, L5, F|24\/24
|move|p1a: Slowpoke|Psychic|p2a: Lights
|-damage|p2a: Lights|14\/24
|
|turn|17
|choice|*move 1|*
|choice|*|*move 3
|choice|move slackoff|move icebeam
|
|move|p2a: Lights|Ice Beam|p1a: Slowpoke
|-resisted|p1a: Slowpoke
|-damage|p1a: Slowpoke|6\/26
|move|p1a: Slowpoke|Slack Off|p1a: Slowpoke
|-heal|p1a: Slowpoke|19\/26
|
|turn|18
|choice|*|*switch 4
|choice|*switch 6|*
|choice|switch 6|switch 4
|
|switch|p2a: Scraggy|Scraggy, L5, M|22\/22
|switch|p1a: Mienfoo|Mienfoo, L5, F|16\/21
|
|turn|19
|choice|*move 1|*
|-message|weirdmgeddon se rindió.
|
|win|Chanito♡
|player|p1
|player|p2
|l|weirdmgeddon
|l|galactic flygon70
|l|Takart !~
|j|godziii
|l|samueljarax
|l|TheRubenGamer06</script>
</div>
<div class="battle-log battle-log-inline"><div class="inner"><div class="battle-options"></div><div class="inner"><div class="chat"><small>Chanito♡ joined.</small></div><div class="chat"><small>weirdmgeddon joined.</small></div><div class=""><small>Format:</small> <br><strong>LC</strong></div><div class=""><small><em>Cláusula-Mod de Dormir:</em> solo puedes dormir a uno de tus oponentes a la vez.</small></div><div class=""><small><em>Cláusula de Especie:</em> Hasta un Pokémon de cada especie</small></div><div class=""><small><em>Cláusula de Golpe Fulminante:</em> los movimientos fulminantes (OHKO) estan prohibidos</small></div><div class=""><small><em>Cláusula de Moody:</em> la habilidad Moody está prohibida</small></div><div class=""><small><em>Cláusula de Movimientos Evasivos:</em> los movimientos de evasion estan prohibidos</small></div><div class=""><small><em>Cláusula de Batallas Eternas:</em> forzar batallas eternas está prohibido</small></div><div class=""><small><em>Modo de Porcentaje de HP:</em> el HP es mostrado en porcentaje</small></div><div class="chat battle-history"><strong>Chanito♡'s team:</strong> <em style="color:#445566;display:block;">Drilbur / Slowpoke / Foongus / Pawniard / Mienfoo / Fletchling</em></div><div class="chat battle-history"><strong>weirdmgeddon's team:</strong> <em style="color:#445566;display:block;">Mienfoo / Pawniard / Fletchling / Chinchou / Gastly / Scraggy</em></div><div class="chat"><small>Blakiken123 joined.</small></div><div class="spacer battle-history"><br></div><div class="battle-history">Battle started between Chanito♡ and weirdmgeddon!<br></div><div class="spacer battle-history"><br></div><div class="battle-history">Go! <strong>Mienfoo</strong>!<br></div><div class="spacer battle-history"><br></div><div class="battle-history">weirdmgeddon sent out Lights (<strong>Chinchou</strong>)!<br></div><div class="spacer battle-history"><br></div><h2 class="battle-history">Turn 1</h2><div class="spacer battle-history"><br></div><div class="battle-history">weirdmgeddon withdrew Lights!<br></div><div class="battle-history">weirdmgeddon sent out <strong>Gastly</strong>!<br></div><div class="spacer battle-history"><br></div><div class="battle-history">Mienfoo used <strong>Knock Off</strong>!<br></div><div class="battle-history"><small>It's super effective!</small><br></div><div class="battle-history"><small>The opposing Gastly hung on using its Focus Sash!</small><br></div><div class="battle-history"><small>(The opposing Gastly lost <abbr title="−18/19">94.7%</abbr> of its health!)</small><br></div><div class="spacer battle-history"><br></div><h2 class="battle-history">Turn 2</h2><div class="spacer battle-history"><br></div><div class="battle-history">The opposing Gastly used <strong>Hidden Power</strong>!<br></div><div class="battle-history"><small>(Mienfoo lost <abbr title="−6/21">28.6%</abbr> of its health!)</small><br></div><div class="spacer battle-history"><br></div><div class="battle-history">Mienfoo used <strong>U-turn</strong>!<br></div><div class="battle-history"><small>It's not very effective...</small><br></div><div class="battle-history"><small>(The opposing Gastly lost <abbr title="−1/19">5.3%</abbr> of its health!)</small><br></div><div class="spacer battle-history"><br></div><div class="battle-history">The opposing Gastly fainted!<br></div><div class="spacer battle-history"><br></div><div class="battle-history">Mienfoo went back to Chanito♡!<br></div><div class="battle-history">Go! <strong>Fletchling</strong>!<br></div><div class="spacer battle-history"><br></div><div class="battle-history">weirdmgeddon sent out Lights (<strong>Chinchou</strong>)!<br></div><div class="spacer battle-history"><br></div><h2 class="battle-history">Turn 3</h2><div class="spacer battle-history"><br></div><div class="battle-history">Fletchling, come back!<br></div><div class="battle-history">Go! <strong>Drilbur</strong>!<br></div><div class="battle-history"><small>[Drilbur's Mold Breaker]</small><br><small>Drilbur breaks the mold!</small><br></div><div class="spacer battle-history"><br></div><div class="battle-history">The opposing Lights used <strong>Ice Beam</strong>!<br></div><div class="battle-history"><small>It's super effective!</small><br></div><div class="battle-history"><small>(Drilbur lost <abbr title="−14/23">60.9%</abbr> of its health!)</small><br></div><div class="spacer battle-history"><br></div><h2 class="battle-history">Turn 4</h2><div class="chat"><small>H(a.a)rp joined.</small></div><div class="spacer battle-history"><br></div><div class="battle-history">Drilbur, come back!<br></div><div class="battle-history">Go! <strong>Slowpoke</strong>!<br></div><div class="spacer battle-history"><br></div><div class="battle-history">The opposing Lights used <strong>Ice Beam</strong>!<br></div><div class="battle-history"><small>It's not very effective...</small><br></div><div class="battle-history"><small>(Slowpoke lost <abbr title="−3/26">11.5%</abbr> of its health!)</small><br></div><div class="spacer battle-history"><br></div><h2 class="battle-history">Turn 5</h2><div class="chat"><small>Takart !~ joined.</small></div><div class="spacer battle-history"><br></div><div class="battle-history">weirdmgeddon withdrew Lights!<br></div><div class="battle-history">weirdmgeddon sent out <strong>Scraggy</strong>!<br></div><div class="spacer battle-history"><br></div><div class="battle-history">Slowpoke used <strong>Thunder Wave</strong>!<br></div><div class="battle-history"><small>The opposing Scraggy is paralyzed! It may be unable to move!</small><br></div><div class="spacer battle-history"><br></div><h2 class="battle-history">Turn 6</h2><div class="chat"><small>TheRubenGamer06 joined.</small></div><div class="spacer battle-history"><br></div><div class="battle-history">Slowpoke, come back!<br></div><div class="battle-history">Go! <strong>Mienfoo</strong>!<br></div><div class="spacer battle-history"><br></div><div class="battle-history">The opposing Scraggy used <strong>Ice Punch</strong>!<br></div><div class="battle-history"><small>(Mienfoo lost <abbr title="−7/21">33.3%</abbr> of its health!)</small><br></div><div class="spacer battle-history"><br></div><div class="battle-history"><small>[The opposing Scraggy's Shed Skin]</small><br></div><div class="battle-history"><small>The opposing Scraggy was cured of paralysis.</small><br></div><div class="spacer battle-history"><br></div><h2 class="battle-history">Turn 7</h2><div class="spacer battle-history"><br></div><div class="battle-history">weirdmgeddon withdrew Scraggy!<br></div><div class="battle-history">weirdmgeddon sent out <strong>Mienfoo</strong>!<br></div><div class="spacer battle-history"><br></div><div class="battle-history">Mienfoo used <strong>U-turn</strong>!<br></div><div class="battle-history"><small>It's not very effective...</small><br></div><div class="battle-history"><small>(The opposing Mienfoo lost <abbr title="−4/21">19.0%</abbr> of its health!)</small><br></div><div class="spacer battle-history"><br></div><div class="battle-history">Mienfoo went back to Chanito♡!<br></div><div class="battle-history">Go! <strong>Fletchling</strong>!<br></div><div class="spacer battle-history"><br></div><h2 class="battle-history">Turn 8</h2><div class="spacer battle-history"><br></div><div class="battle-history">The opposing Mienfoo used <strong>Fake Out</strong>!<br></div><div class="battle-history"><small>(Fletchling lost <abbr title="−5/21">23.8%</abbr> of its health!)</small><br></div><div class="battle-history"><small>The opposing Mienfoo lost some of its HP!</small><br></div><div class="spacer battle-history"><br></div><div class="battle-history">Fletchling flinched and couldn't move!<br></div><div class="spacer battle-history"><br></div><h2 class="battle-history">Turn 9</h2><div class="spacer battle-history"><br></div><div class="battle-history">weirdmgeddon withdrew Mienfoo!<br></div><div class="battle-history">weirdmgeddon sent out Spear of Justice (<strong>Pawniard</strong>)!<br></div><div class="spacer battle-history"><br></div><div class="battle-history">Fletchling used <strong>U-turn</strong>!<br></div><div class="battle-history"><small>(The opposing Spear of Justice lost <abbr title="−5/21">23.8%</abbr> of its health!)</small><br></div><div class="spacer battle-history"><br></div><div class="battle-history">Fletchling went back to Chanito♡!<br></div><div class="battle-history">Go! <strong>Mienfoo</strong>!<br></div><div class="spacer battle-history"><br></div><h2 class="battle-history">Turn 10</h2><div class="spacer battle-history"><br></div><div class="battle-history">weirdmgeddon withdrew Spear of Justice!<br></div><div class="battle-history">weirdmgeddon sent out <strong>Mienfoo</strong>!<br></div><div class="spacer battle-history"><br></div><div class="battle-history">Mienfoo used <strong>Drain Punch</strong>!<br></div><div class="battle-history"><small>(The opposing Mienfoo lost <abbr title="−13/21">61.9%</abbr> of its health!)</small><br></div><div class="spacer battle-history"><br></div><h2 class="battle-history">Turn 11</h2><div class="spacer battle-history"><br></div><div class="battle-history">Mienfoo used <strong>Drain Punch</strong>!<br></div><div class="battle-history"><small>(The opposing Mienfoo lost <abbr title="−8/21">38.1%</abbr> of its health!)</small><br></div><div class="spacer battle-history"><br></div><div class="battle-history">The opposing Mienfoo fainted!<br></div><div class="spacer battle-history"><br></div><div class="battle-history">weirdmgeddon sent out <strong>Fletchling</strong>!<br></div><div class="spacer battle-history"><br></div><h2 class="battle-history">Turn 12</h2><div class="chat"><small>galactic flygon70 joined.</small></div><div class="spacer battle-history"><br></div><div class="battle-history">Mienfoo used <strong>Drain Punch</strong>!<br></div><div class="battle-history"><small>(The opposing Fletchling lost <abbr title="−15/23">65.2%</abbr> of its health!)</small><br></div><div class="spacer battle-history"><br></div><div class="battle-history">The opposing Fletchling used <strong>U-turn</strong>!<br></div><div class="battle-history"><small>It's not very effective...</small><br></div><div class="battle-history"><small>(Mienfoo lost <abbr title="−3/21">14.3%</abbr> of its health!)</small><br></div><div class="spacer battle-history"><br></div><div class="battle-history">The opposing Fletchling went back to weirdmgeddon!<br></div><div class="battle-history">weirdmgeddon sent out Lights (<strong>Chinchou</strong>)!<br></div><div class="spacer battle-history"><br></div><h2 class="battle-history">Turn 13</h2><div class="chat"><small>samueljarax joined.</small></div><div class="spacer battle-history"><br></div><div class="battle-history">The opposing Lights used <strong>Volt Switch</strong>!<br></div><div class="battle-history"><small>(Mienfoo lost <abbr title="−9/21">42.9%</abbr> of its health!)</small><br></div><div class="spacer battle-history"><br></div><div class="battle-history">The opposing Lights went back to weirdmgeddon!<br></div><div class="battle-history">weirdmgeddon sent out Spear of Justice (<strong>Pawniard</strong>)!<br></div><div class="spacer battle-history"><br></div><div class="battle-history">Mienfoo used <strong>Knock Off</strong>!<br></div><div class="battle-history"><small>It's not very effective...</small><br></div><div class="battle-history"><small>(The opposing Spear of Justice lost <abbr title="−4/21">19.0%</abbr> of its health!)</small><br></div><div class="battle-history"><small>Mienfoo knocked off the opposing Spear of Justice's Eviolite!</small><br></div><div class="spacer battle-history"><br></div><h2 class="battle-history">Turn 14</h2><div class="chat"><small>H(a.a)rp left.</small></div><div class="spacer battle-history"><br></div><div class="battle-history">The opposing Spear of Justice used <strong>Sucker Punch</strong>!<br></div><div class="battle-history"><small>It's not very effective...</small><br></div><div class="battle-history"><small>(Mienfoo lost <abbr title="−6/21">28.6%</abbr> of its health!)</small><br></div><div class="spacer battle-history"><br></div><div class="battle-history">Mienfoo used <strong>Drain Punch</strong>!<br></div><div class="battle-history"><small>It's super effective!</small><br></div><div class="battle-history"><small>(The opposing Spear of Justice lost <abbr title="−12/21">57.1%</abbr> of its health!)</small><br></div><div class="battle-history"><small>The opposing Spear of Justice had its energy drained!</small><br></div><div class="spacer battle-history"><br></div><div class="battle-history">The opposing Spear of Justice fainted!<br></div><div class="spacer battle-history"><br></div><div class="battle-history">weirdmgeddon sent out <strong>Fletchling</strong>!<br></div><div class="spacer battle-history"><br></div><h2 class="battle-history">Turn 15</h2><div class="spacer battle-history"><br></div><div class="battle-history">Mienfoo, come back!<br></div><div class="battle-history">Go! <strong>Slowpoke</strong>!<br></div><div class="spacer battle-history"><br></div><div class="battle-history">The opposing Fletchling used <strong>Acrobatics</strong>!<br></div><div class="battle-history"><small>(Slowpoke lost <abbr title="−9/26">34.6%</abbr> of its health!)</small><br></div><div class="spacer battle-history"><br></div><h2 class="battle-history">Turn 16</h2><div class="spacer battle-history"><br></div><div class="battle-history">The opposing Fletchling used <strong>U-turn</strong>!<br></div><div class="battle-history"><small>It's super effective!</small><br></div><div class="battle-history"><small>(Slowpoke lost <abbr title="−8/26">30.8%</abbr> of its health!)</small><br></div><div class="spacer battle-history"><br></div><div class="battle-history">The opposing Fletchling went back to weirdmgeddon!<br></div><div class="battle-history">weirdmgeddon sent out Lights (<strong>Chinchou</strong>)!<br></div><div class="spacer battle-history"><br></div><div class="battle-history">Slowpoke used <strong>Psychic</strong>!<br></div><div class="battle-history"><small>(The opposing Lights lost <abbr title="−10/24">41.7%</abbr> of its health!)</small><br></div><div class="spacer battle-history"><br></div><h2 class="battle-history">Turn 17</h2><div class="spacer battle-history"><br></div><div class="battle-history">The opposing Lights used <strong>Ice Beam</strong>!<br></div><div class="battle-history"><small>It's not very effective...</small><br></div><div class="battle-history"><small>(Slowpoke lost <abbr title="−3/26">11.5%</abbr> of its health!)</small><br></div><div class="spacer battle-history"><br></div><div class="battle-history">Slowpoke used <strong>Slack Off</strong>!<br></div><div class="battle-history"><small>Slowpoke restored its HP.</small><br></div><div class="spacer battle-history"><br></div><h2 class="battle-history">Turn 18</h2><div class="spacer battle-history"><br></div><div class="battle-history">weirdmgeddon withdrew Lights!<br></div><div class="battle-history">weirdmgeddon sent out <strong>Scraggy</strong>!<br></div><div class="spacer battle-history"><br></div><div class="battle-history">Slowpoke, come back!<br></div><div class="battle-history">Go! <strong>Mienfoo</strong>!<br></div><div class="spacer battle-history"><br></div><h2 class="battle-history">Turn 19</h2><div class="spacer battle-history"><br></div><div class="battle-history"><small>weirdmgeddon se rindió.</small><br></div><div class="spacer battle-history"><br></div><div class="battle-history"><strong>Chanito♡</strong> won the battle!<br></div><div class="chat"><small>weirdmgeddon left.</small></div><div class="chat"><small>galactic flygon70 left.</small></div><div class="chat"><small>Takart !~ left.</small></div><div class="chat"><small>godziii joined.</small></div><div class="chat"><small>samueljarax left.</small></div><div class="chat"><small>TheRubenGamer06 left.</small></div></div><div class="inner-preempt"></div></div></div>
</div>
<script>
let daily = Math.floor(Date.now()/1000/60/60/24);document.write('<script src="https://play.pokemonshowdown.com/js/replay-embed.js?version'+daily+'"></'+'script>');
</script>
