<!DOCTYPE html>
<meta charset="utf-8" />
<!-- version 1 -->
<title>LC replay: Luke12C vs. VQP</title>
<style>
html,body {font-family:Verdana, sans-serif;font-size:10pt;margin:0;padding:0;}body{padding:12px 0;} .battle-log {font-family:Verdana, sans-serif;font-size:10pt;} .battle-log-inline {border:1px solid #AAAAAA;background:#EEF2F5;color:black;max-width:640px;margin:0 auto 80px;padding-bottom:5px;} .battle-log .inner {padding:4px 8px 0px 8px;} .battle-log .inner-preempt {padding:0 8px 4px 8px;} .battle-log .inner-after {margin-top:0.5em;} .battle-log h2 {margin:0.5em -8px;padding:4px 8px;border:1px solid #AAAAAA;background:#E0E7EA;border-left:0;border-right:0;font-family:Verdana, sans-serif;font-size:13pt;} .battle-log .chat {vertical-align:middle;padding:3px 0 3px 0;font-size:8pt;} .battle-log .chat strong {color:#40576A;} .battle-log .chat em {padding:1px 4px 1px 3px;color:#000000;font-style:normal;} .chat.mine {background:rgba(0,0,0,0.05);margin-left:-8px;margin-right:-8px;padding-left:8px;padding-right:8px;} .spoiler {color:#BBBBBB;background:#BBBBBB;padding:0px 3px;} .spoiler:hover, .spoiler:active, .spoiler-shown {color:#000000;background:#E2E2E2;padding:0px 3px;} .spoiler a {color:#BBBBBB;} .spoiler:hover a, .spoiler:active a, .spoiler-shown a {color:#2288CC;} .chat code, .chat .spoiler:hover code, .chat .spoiler:active code, .chat .spoiler-shown code {border:1px solid #C0C0C0;background:#EEEEEE;color:black;padding:0 2px;} .chat .spoiler code {border:1px solid #CCCCCC;background:#CCCCCC;color:#CCCCCC;} .battle-log .rated {padding:3px 4px;} .battle-log .rated strong {color:white;background:#89A;padding:1px 4px;border-radius:4px;} .spacer {margin-top:0.5em;} .message-announce {background:#6688AA;color:white;padding:1px 4px 2px;} .message-announce a, .broadcast-green a, .broadcast-blue a, .broadcast-red a {color:#DDEEFF;} .broadcast-green {background-color:#559955;color:white;padding:2px 4px;} .broadcast-blue {background-color:#6688AA;color:white;padding:2px 4px;} .infobox {border:1px solid #6688AA;padding:2px 4px;} .infobox-limited {max-height:200px;overflow:auto;overflow-x:hidden;} .broadcast-red {background-color:#AA5544;color:white;padding:2px 4px;} .message-learn-canlearn {font-weight:bold;color:#228822;text-decoration:underline;} .message-learn-cannotlearn {font-weight:bold;color:#CC2222;text-decoration:underline;} .message-effect-weak {font-weight:bold;color:#CC2222;} .message-effect-resist {font-weight:bold;color:#6688AA;} .message-effect-immune {font-weight:bold;color:#666666;} .message-learn-list {margin-top:0;margin-bottom:0;} .message-throttle-notice, .message-error {color:#992222;} .message-overflow, .chat small.message-overflow {font-size:0pt;} .message-overflow::before {font-size:9pt;content:'...';} .subtle {color:#3A4A66;}
</style>
<div class="wrapper replay-wrapper" style="max-width:1180px;margin:0 auto">
<input type="hidden" name="replayid" value="lc-486897762" />
<div class="battle"></div><div class="battle-log"></div><div class="replay-controls"></div><div class="replay-controls-2"></div>
<h1 style="font-weight:normal;text-align:center"><strong>LC</strong><br /><a href="http://pokemonshowdown.com/users/luke12c" class="subtle" target="_blank">Luke12C</a> vs. <a href="http://pokemonshowdown.com/users/vqp" class="subtle" target="_blank">VQP</a></h1>
<script type="text/plain" class="battle-log-data">|j|Luke12C
|j|VQP
|player|p1|Luke12C|29
|player|p2|VQP|293
|gametype|singles
|gen|6
|tier|LC
|rated
|seed|53765,53510,16725,41136
|clearpoke
|poke|p1|Abra, L5, M|item
|poke|p1|Axew, L5, F, shiny|item
|poke|p1|Aron, L5, M|item
|poke|p1|Blitzle, L5, M, shiny|item
|poke|p1|Rattata, L5, M|item
|poke|p1|Swablu, L5, M|item
|poke|p2|Gastly, L5, M, shiny|item
|poke|p2|Onix, L5, F|item
|poke|p2|Abra, L5, F, shiny|item
|poke|p2|Tyrunt, L5, M|item
|poke|p2|Porygon, L5|item
|poke|p2|Geodude, L5, F|
|rule|Sleep Clause Mod: Limit one foe put to sleep
|rule|Species Clause: Limit one of each Pokémon
|rule|OHKO Clause: OHKO moves are banned
|rule|Moody Clause: Moody is banned
|rule|Evasion Moves Clause: Evasion moves are banned
|rule|Endless Battle Clause: Forcing endless battles is banned
|rule|HP Percentage Mod: HP is shown in percentages
|teampreview
|c|★Luke12C|hi
|c|★Luke12C|Tyrunt, nice
|c|★VQP|gl Hf
|c|★Luke12C|I shoult really have a water type :P
|c|★Luke12C|*should
|choice|team 1, team 2, team 3, team 4, team 5, team 6|team 6, team 2, team 3, team 4, team 5, team 1
|
|start
|switch|p1a: Magicat|Abra, L5, M|19\/19
|switch|p2a: Geodude|Geodude, L5, F|20\/20
|turn|1
|c|★VQP|yue
|choice|move energyball|move rockblast
|
|move|p1a: Magicat|Energy Ball|p2a: Geodude
|-supereffective|p2a: Geodude
|-ability|p2a: Geodude|Sturdy
|-damage|p2a: Geodude|1\/20
|move|p2a: Geodude|Rock Blast|p1a: Magicat
|-damage|p1a: Magicat|12\/19
|-damage|p1a: Magicat|5\/19
|-damage|p1a: Magicat|0 fnt
|-hitcount|p1a: Magicat|3
|faint|p1a: Magicat
|
|c|★VQP|:o
|choice|switch 3|
|
|switch|p1a: Aaron|Aron, L5, M|21\/21
|turn|2
|choice|move earthquake|move explosion
|
|move|p1a: Aaron|Earthquake|p2a: Geodude
|-supereffective|p2a: Geodude
|-damage|p2a: Geodude|0 fnt
|faint|p2a: Geodude
|
|choice||switch 6
|
|switch|p2a: Gastly|Gastly, L5, M, shiny|19\/19
|turn|3
|choice|move headsmash|move hypnosis
|
|move|p2a: Gastly|Hypnosis|p1a: Aaron
|-status|p1a: Aaron|slp
|cant|p1a: Aaron|slp
|
|turn|4
|j|MSV~Marie
|choice|switch 6|move hex
|
|switch|p1a: Jay|Swablu, L5, M|24\/24
|move|p2a: Gastly|Hex|p1a: Jay
|-immune|p1a: Jay|[msg]
|
|turn|5
|choice|move dragonpulse|move hypnosis
|
|move|p2a: Gastly|Hypnosis|p1a: Jay|[miss]
|-miss|p2a: Gastly|p1a: Jay
|move|p1a: Jay|Dragon Pulse|p2a: Gastly
|-damage|p2a: Gastly|8\/19
|
|turn|6
|choice|move dragonpulse|move hypnosis
|
|move|p2a: Gastly|Hypnosis|p1a: Jay|[miss]
|-miss|p2a: Gastly|p1a: Jay
|move|p1a: Jay|Dragon Pulse|p2a: Gastly
|-damage|p2a: Gastly|0 fnt
|faint|p2a: Gastly
|
|choice||switch 3
|
|switch|p2a: Abra|Abra, L5, F, shiny|19\/19
|turn|7
|c|★Luke12C|RNGsus is on my side now
|c|★Luke12C|xD
|choice|switch 5|move return
|
|switch|p1a: Martin|Rattata, L5, M|19\/19
|move|p2a: Abra|Return|p1a: Martin
|-damage|p1a: Martin|11\/19
|
|turn|8
|c|★VQP|Oh oh Im In troble
|choice|move crunch|move dazzlinggleam
|
|move|p1a: Martin|Crunch|p2a: Abra
|-supereffective|p2a: Abra
|-damage|p2a: Abra|0 fnt
|faint|p2a: Abra
|
|c|★VQP|Misspelt On Porpoise
|c|★VQP|aka Papplio
|choice||switch 5
|
|switch|p2a: Porygon|Porygon, L5|23\/23
|-ability|p2a: Porygon|Download|boost
|-boost|p2a: Porygon|spa|1
|turn|9
|choice|move return|move psychic
|
|move|p1a: Martin|Return|p2a: Porygon
|-damage|p2a: Porygon|13\/23
|move|p2a: Porygon|Psychic|p1a: Martin
|-damage|p1a: Martin|0 fnt
|faint|p1a: Martin
|
|choice|switch 6|
|
|switch|p1a: Aaron|Aron, L5, M|21\/21 slp
|turn|10
|choice|move headsmash|move psychic
|
|move|p2a: Porygon|Psychic|p1a: Aaron
|-resisted|p1a: Aaron
|-damage|p1a: Aaron|17\/21 slp
|-curestatus|p1a: Aaron|slp|[msg]
|move|p1a: Aaron|Head Smash|p2a: Porygon
|-damage|p2a: Porygon|0 fnt
|faint|p2a: Porygon
|
|choice||switch 2
|
|switch|p2a: Onix|Onix, L5, F|20\/20
|turn|11
|choice|move earthquake|move flashcannon
|
|move|p2a: Onix|Flash Cannon|p1a: Aaron
|-damage|p1a: Aaron|13\/21
|move|p1a: Aaron|Earthquake|p2a: Onix
|-supereffective|p2a: Onix
|-damage|p2a: Onix|6\/20
|
|turn|12
|choice|move earthquake|move earthquake
|
|move|p2a: Onix|Earthquake|p1a: Aaron
|-supereffective|p1a: Aaron
|-damage|p1a: Aaron|0 fnt
|faint|p1a: Aaron
|
|choice|switch 2|
|
|switch|p1a: Iris|Axew, L5, F, shiny|22\/22
|turn|13
|choice|move outrage|move dragontail
|
|move|p1a: Iris|Outrage|p2a: Onix
|-damage|p2a: Onix|0 fnt
|-damage|p1a: Iris|19\/22|[from] item: Rocky Helmet|[of] p2a: Onix
|-damage|p1a: Iris|17\/22|[from] item: Life Orb
|faint|p2a: Onix
|
|choice||switch 4
|
|switch|p2a: Tyrunt|Tyrunt, L5, M|22\/22
|turn|14
|choice|move outrage|move outrage
|
|move|p2a: Tyrunt|Outrage|p1a: Iris
|-supereffective|p1a: Iris
|-damage|p1a: Iris|0 fnt
|faint|p1a: Iris
|
|choice|switch 5|
|
|switch|p1a: Jay|Swablu, L5, M|24\/24
|turn|15
|choice|move dragonpulse|move outrage
|
|move|p2a: Tyrunt|Outrage|p1a: Jay|[from]lockedmove
|-damage|p1a: Jay|0 fnt
|-start|p2a: Tyrunt|confusion|[fatigue]
|faint|p1a: Jay
|
|c|★Luke12C|gg
|c|★VQP|This is close
|choice|switch 4|
|
|switch|p1a: Racing Stripes|Blitzle, L5, M, shiny|21\/21
|turn|16
|c|★Luke12C|WHO WILL WIN
|choice|move wildcharge|move earthquake
|
|move|p1a: Racing Stripes|Wild Charge|p2a: Tyrunt
|-resisted|p2a: Tyrunt
|-damage|p2a: Tyrunt|15\/22
|-damage|p1a: Racing Stripes|19\/21|[from] recoil|[of] p2a: Tyrunt
|-activate|p2a: Tyrunt|confusion
|-damage|p2a: Tyrunt|10\/22|[from] confusion
|
|turn|17
|c|★Luke12C|you
|choice|move bounce|move earthquake
|
|move|p1a: Racing Stripes|Bounce|p2a: Tyrunt|[still]
|-prepare|p1a: Racing Stripes|Bounce|p2a: Tyrunt
|-activate|p2a: Tyrunt|confusion
|move|p2a: Tyrunt|Earthquake|p1a: Racing Stripes|[miss]
|-miss|p2a: Tyrunt|p1a: Racing Stripes
|
|turn|18
|c|★Luke12C|gg
|choice|move bounce 1|move earthquake
|
|move|p1a: Racing Stripes|Bounce|p2a: Tyrunt|[from]lockedmove
|-resisted|p2a: Tyrunt
|-damage|p2a: Tyrunt|7\/22
|-activate|p2a: Tyrunt|confusion
|-damage|p2a: Tyrunt|2\/22|[from] confusion
|
|turn|19
|c|★Luke12C|:O
|c|★VQP|WOW
|choice|move wildcharge|move earthquake
|
|move|p1a: Racing Stripes|Wild Charge|p2a: Tyrunt
|-resisted|p2a: Tyrunt
|-damage|p2a: Tyrunt|0 fnt
|-damage|p1a: Racing Stripes|18\/21|[from] recoil|[of] p2a: Tyrunt
|faint|p2a: Tyrunt
|
|win|Luke12C
|player|p1
|player|p2
|c|★Luke12C|GEEGEEEE
|c|★Luke12C|Confuse hax
|c|★Luke12C|gg dude</script>
</div>
<div class="battle-log battle-log-inline"><div class="inner"><div class="battle-options"></div><div class="inner"><div class="chat"><small>Luke12C joined.</small></div><div class="chat"><small>VQP joined.</small></div><div class=""><small>Format:</small> <br><strong>LC</strong></div><div class="rated"><strong>Rated battle</strong></div><div class=""><small><em>Sleep Clause Mod:</em> Limit one foe put to sleep</small></div><div class=""><small><em>Species Clause:</em> Limit one of each Pokémon</small></div><div class=""><small><em>OHKO Clause:</em> OHKO moves are banned</small></div><div class=""><small><em>Moody Clause:</em> Moody is banned</small></div><div class=""><small><em>Evasion Moves Clause:</em> Evasion moves are banned</small></div><div class=""><small><em>Endless Battle Clause:</em> Forcing endless battles is banned</small></div><div class=""><small><em>HP Percentage Mod:</em> HP is shown in percentages</small></div><div class="chat battle-history"><strong>Luke12C's team:</strong> <em style="color:#445566;display:block;">Abra / Axew / Aron / Blitzle / Rattata / Swablu</em></div><div class="chat battle-history"><strong>VQP's team:</strong> <em style="color:#445566;display:block;">Gastly / Onix / Abra / Tyrunt / Porygon / Geodude</em></div><div class="chat chatmessage-luke12c"><strong style="color:hsl(295,47%,50.79798815245312%)"><small>★</small><span class="username" data-name="Luke12C">Luke12C</span>:</strong> <em>hi</em></div><div class="chat chatmessage-luke12c"><strong style="color:hsl(295,47%,50.79798815245312%)"><small>★</small><span class="username" data-name="Luke12C">Luke12C</span>:</strong> <em>Tyrunt, nice</em></div><div class="chat chatmessage-vqp"><strong style="color:hsl(38,61%,46%)"><small>★</small><span class="username" data-name="VQP">VQP</span>:</strong> <em>gl Hf</em></div><div class="chat chatmessage-luke12c"><strong style="color:hsl(295,47%,50.79798815245312%)"><small>★</small><span class="username" data-name="Luke12C">Luke12C</span>:</strong> <em>I shoult really have a water type :P</em></div><div class="chat chatmessage-luke12c"><strong style="color:hsl(295,47%,50.79798815245312%)"><small>★</small><span class="username" data-name="Luke12C">Luke12C</span>:</strong> <em>*should</em></div><div class="spacer battle-history"><br></div><div class="battle-history">Battle started between Luke12C and VQP!<br></div><div class="spacer battle-history"><br></div><div class="battle-history">Go! Magicat (<strong>Abra</strong>)!<br></div><div class="spacer battle-history"><br></div><div class="battle-history">VQP sent out <strong>Geodude</strong>!<br></div><div class="spacer battle-history"><br></div><h2 class="battle-history">Turn 1</h2><div class="chat chatmessage-vqp"><strong style="color:hsl(38,61%,46%)"><small>★</small><span class="username" data-name="VQP">VQP</span>:</strong> <em>yue</em></div><div class="spacer battle-history"><br></div><div class="battle-history">Magicat used <strong>Energy Ball</strong>!<br></div><div class="battle-history"><small>It's super effective!</small><br></div><div class="battle-history"><small>[The opposing Geodude's Sturdy]</small><br><small>The opposing Geodude endured the hit!</small><br></div><div class="battle-history"><small>(The opposing Geodude lost <abbr title="−19/20">95%</abbr> of its health!)</small><br></div><div class="spacer battle-history"><br></div><div class="battle-history">The opposing Geodude used <strong>Rock Blast</strong>!<br></div><div class="battle-history"><small>(Magicat lost <abbr title="−7/19">36.8%</abbr> of its health!)</small><br></div><div class="battle-history"><small>(Magicat lost <abbr title="−7/19">36.8%</abbr> of its health!)</small><br></div><div class="battle-history"><small>(Magicat lost <abbr title="−5/19">26.3%</abbr> of its health!)</small><br></div><div class="battle-history"><small>Hit 3 times!</small><br></div><div class="spacer battle-history"><br></div><div class="battle-history">Magicat fainted!<br></div><div class="chat chatmessage-vqp"><strong style="color:hsl(38,61%,46%)"><small>★</small><span class="username" data-name="VQP">VQP</span>:</strong> <em>:o</em></div><div class="spacer battle-history"><br></div><div class="battle-history">Go! Aaron (<strong>Aron</strong>)!<br></div><div class="spacer battle-history"><br></div><h2 class="battle-history">Turn 2</h2><div class="spacer battle-history"><br></div><div class="battle-history">Aaron used <strong>Earthquake</strong>!<br></div><div class="battle-history"><small>It's super effective!</small><br></div><div class="battle-history"><small>(The opposing Geodude lost <abbr title="−1/20">5%</abbr> of its health!)</small><br></div><div class="spacer battle-history"><br></div><div class="battle-history">The opposing Geodude fainted!<br></div><div class="spacer battle-history"><br></div><div class="battle-history">VQP sent out <strong>Gastly</strong>!<br></div><div class="spacer battle-history"><br></div><h2 class="battle-history">Turn 3</h2><div class="spacer battle-history"><br></div><div class="battle-history">The opposing Gastly used <strong>Hypnosis</strong>!<br></div><div class="battle-history"><small>Aaron fell asleep!</small><br></div><div class="spacer battle-history"><br></div><div class="battle-history">Aaron is fast asleep.<br></div><div class="spacer battle-history"><br></div><h2 class="battle-history">Turn 4</h2><div class="chat"><small>MSV~Marie joined.</small></div><div class="spacer battle-history"><br></div><div class="battle-history">Aaron, come back!<br></div><div class="battle-history">Go! Jay (<strong>Swablu</strong>)!<br></div><div class="spacer battle-history"><br></div><div class="battle-history">The opposing Gastly used <strong>Hex</strong>!<br></div><div class="battle-history"><small>It doesn't affect Jay...</small><br></div><div class="spacer battle-history"><br></div><h2 class="battle-history">Turn 5</h2><div class="spacer battle-history"><br></div><div class="battle-history">The opposing Gastly used <strong>Hypnosis</strong>!<br></div><div class="battle-history"><small>Jay avoided the attack!</small><br></div><div class="spacer battle-history"><br></div><div class="battle-history">Jay used <strong>Dragon Pulse</strong>!<br></div><div class="battle-history"><small>(The opposing Gastly lost <abbr title="−11/19">57.9%</abbr> of its health!)</small><br></div><div class="spacer battle-history"><br></div><h2 class="battle-history">Turn 6</h2><div class="spacer battle-history"><br></div><div class="battle-history">The opposing Gastly used <strong>Hypnosis</strong>!<br></div><div class="battle-history"><small>Jay avoided the attack!</small><br></div><div class="spacer battle-history"><br></div><div class="battle-history">Jay used <strong>Dragon Pulse</strong>!<br></div><div class="battle-history"><small>(The opposing Gastly lost <abbr title="−8/19">42.1%</abbr> of its health!)</small><br></div><div class="spacer battle-history"><br></div><div class="battle-history">The opposing Gastly fainted!<br></div><div class="spacer battle-history"><br></div><div class="battle-history">VQP sent out <strong>Abra</strong>!<br></div><div class="spacer battle-history"><br></div><h2 class="battle-history">Turn 7</h2><div class="chat chatmessage-luke12c"><strong style="color:hsl(295,47%,50.79798815245312%)"><small>★</small><span class="username" data-name="Luke12C">Luke12C</span>:</strong> <em>RNGsus is on my side now</em></div><div class="chat chatmessage-luke12c"><strong style="color:hsl(295,47%,50.79798815245312%)"><small>★</small><span class="username" data-name="Luke12C">Luke12C</span>:</strong> <em>xD</em></div><div class="spacer battle-history"><br></div><div class="battle-history">Jay, come back!<br></div><div class="battle-history">Go! Martin (<strong>Rattata</strong>)!<br></div><div class="spacer battle-history"><br></div><div class="battle-history">The opposing Abra used <strong>Return</strong>!<br></div><div class="battle-history"><small>(Martin lost <abbr title="−8/19">42.1%</abbr> of its health!)</small><br></div><div class="spacer battle-history"><br></div><h2 class="battle-history">Turn 8</h2><div class="chat chatmessage-vqp"><strong style="color:hsl(38,61%,46%)"><small>★</small><span class="username" data-name="VQP">VQP</span>:</strong> <em>Oh oh Im In troble</em></div><div class="spacer battle-history"><br></div><div class="battle-history">Martin used <strong>Crunch</strong>!<br></div><div class="battle-history"><small>It's super effective!</small><br></div><div class="battle-history"><small>(The opposing Abra lost <abbr title="−19/19">100%</abbr> of its health!)</small><br></div><div class="spacer battle-history"><br></div><div class="battle-history">The opposing Abra fainted!<br></div><div class="chat chatmessage-vqp"><strong style="color:hsl(38,61%,46%)"><small>★</small><span class="username" data-name="VQP">VQP</span>:</strong> <em>Misspelt On Porpoise</em></div><div class="chat chatmessage-vqp"><strong style="color:hsl(38,61%,46%)"><small>★</small><span class="username" data-name="VQP">VQP</span>:</strong> <em>aka Papplio</em></div><div class="spacer battle-history"><br></div><div class="battle-history">VQP sent out <strong>Porygon</strong>!<br></div><div class="battle-history"><small>[The opposing Porygon's Download]</small><br></div><div class="battle-history"><small>The opposing Porygon's Special Attack rose!</small><br></div><div class="spacer battle-history"><br></div><h2 class="battle-history">Turn 9</h2><div class="spacer battle-history"><br></div><div class="battle-history">Martin used <strong>Return</strong>!<br></div><div class="battle-history"><small>(The opposing Porygon lost <abbr title="−10/23">43.5%</abbr> of its health!)</small><br></div><div class="spacer battle-history"><br></div><div class="battle-history">The opposing Porygon used <strong>Psychic</strong>!<br></div><div class="battle-history"><small>(Martin lost <abbr title="−11/19">57.9%</abbr> of its health!)</small><br></div><div class="spacer battle-history"><br></div><div class="battle-history">Martin fainted!<br></div><div class="spacer battle-history"><br></div><div class="battle-history">Go! Aaron (<strong>Aron</strong>)!<br></div><div class="spacer battle-history"><br></div><h2 class="battle-history">Turn 10</h2><div class="spacer battle-history"><br></div><div class="battle-history">The opposing Porygon used <strong>Psychic</strong>!<br></div><div class="battle-history"><small>It's not very effective...</small><br></div><div class="battle-history"><small>(Aaron lost <abbr title="−4/21">19.0%</abbr> of its health!)</small><br></div><div class="battle-history"><small>Aaron woke up!</small><br></div><div class="spacer battle-history"><br></div><div class="battle-history">Aaron used <strong>Head Smash</strong>!<br></div><div class="battle-history"><small>(The opposing Porygon lost <abbr title="−13/23">56.5%</abbr> of its health!)</small><br></div><div class="spacer battle-history"><br></div><div class="battle-history">The opposing Porygon fainted!<br></div><div class="spacer battle-history"><br></div><div class="battle-history">VQP sent out <strong>Onix</strong>!<br></div><div class="spacer battle-history"><br></div><h2 class="battle-history">Turn 11</h2><div class="spacer battle-history"><br></div><div class="battle-history">The opposing Onix used <strong>Flash Cannon</strong>!<br></div><div class="battle-history"><small>(Aaron lost <abbr title="−4/21">19.0%</abbr> of its health!)</small><br></div><div class="spacer battle-history"><br></div><div class="battle-history">Aaron used <strong>Earthquake</strong>!<br></div><div class="battle-history"><small>It's super effective!</small><br></div><div class="battle-history"><small>(The opposing Onix lost <abbr title="−14/20">70%</abbr> of its health!)</small><br></div><div class="spacer battle-history"><br></div><h2 class="battle-history">Turn 12</h2><div class="spacer battle-history"><br></div><div class="battle-history">The opposing Onix used <strong>Earthquake</strong>!<br></div><div class="battle-history"><small>It's super effective!</small><br></div><div class="battle-history"><small>(Aaron lost <abbr title="−13/21">61.9%</abbr> of its health!)</small><br></div><div class="spacer battle-history"><br></div><div class="battle-history">Aaron fainted!<br></div><div class="spacer battle-history"><br></div><div class="battle-history">Go! Iris (<strong>Axew</strong>)!<br></div><div class="spacer battle-history"><br></div><h2 class="battle-history">Turn 13</h2><div class="spacer battle-history"><br></div><div class="battle-history">Iris used <strong>Outrage</strong>!<br></div><div class="battle-history"><small>(The opposing Onix lost <abbr title="−6/20">30%</abbr> of its health!)</small><br></div><div class="battle-history"><small>Iris was hurt by the Rocky Helmet!</small><br></div><div class="battle-history"><small>Iris lost some of its HP!</small><br></div><div class="spacer battle-history"><br></div><div class="battle-history">The opposing Onix fainted!<br></div><div class="spacer battle-history"><br></div><div class="battle-history">VQP sent out <strong>Tyrunt</strong>!<br></div><div class="spacer battle-history"><br></div><h2 class="battle-history">Turn 14</h2><div class="spacer battle-history"><br></div><div class="battle-history">The opposing Tyrunt used <strong>Outrage</strong>!<br></div><div class="battle-history"><small>It's super effective!</small><br></div><div class="battle-history"><small>(Iris lost <abbr title="−17/22">77.3%</abbr> of its health!)</small><br></div><div class="spacer battle-history"><br></div><div class="battle-history">Iris fainted!<br></div><div class="spacer battle-history"><br></div><div class="battle-history">Go! Jay (<strong>Swablu</strong>)!<br></div><div class="spacer battle-history"><br></div><h2 class="battle-history">Turn 15</h2><div class="spacer battle-history"><br></div><div class="battle-history">The opposing Tyrunt used <strong>Outrage</strong>!<br></div><div class="battle-history"><small>(Jay lost <abbr title="−24/24">100%</abbr> of its health!)</small><br></div><div class="battle-history"><small>The opposing Tyrunt became confused due to fatigue!</small><br></div><div class="spacer battle-history"><br></div><div class="battle-history">Jay fainted!<br></div><div class="chat chatmessage-luke12c"><strong style="color:hsl(295,47%,50.79798815245312%)"><small>★</small><span class="username" data-name="Luke12C">Luke12C</span>:</strong> <em>gg</em></div><div class="chat chatmessage-vqp"><strong style="color:hsl(38,61%,46%)"><small>★</small><span class="username" data-name="VQP">VQP</span>:</strong> <em>This is close</em></div><div class="spacer battle-history"><br></div><div class="battle-history">Go! Racing Stripes (<strong>Blitzle</strong>)!<br></div><div class="spacer battle-history"><br></div><h2 class="battle-history">Turn 16</h2><div class="chat chatmessage-luke12c"><strong style="color:hsl(295,47%,50.79798815245312%)"><small>★</small><span class="username" data-name="Luke12C">Luke12C</span>:</strong> <em>WHO WILL WIN</em></div><div class="spacer battle-history"><br></div><div class="battle-history">Racing Stripes used <strong>Wild Charge</strong>!<br></div><div class="battle-history"><small>It's not very effective...</small><br></div><div class="battle-history"><small>(The opposing Tyrunt lost <abbr title="−7/22">31.8%</abbr> of its health!)</small><br></div><div class="battle-history"><small>Racing Stripes is damaged by the recoil!</small><br></div><div class="spacer battle-history"><br></div><div class="battle-history"><small>The opposing Tyrunt is confused!</small><br></div><div class="battle-history">It hurt itself in its confusion!<br></div><div class="spacer battle-history"><br></div><h2 class="battle-history">Turn 17</h2><div class="chat chatmessage-luke12c"><strong style="color:hsl(295,47%,50.79798815245312%)"><small>★</small><span class="username" data-name="Luke12C">Luke12C</span>:</strong> <em>you</em></div><div class="spacer battle-history"><br></div><div class="battle-history">Racing Stripes used <strong>Bounce</strong>!<br></div><div class="battle-history">Racing Stripes sprang up!<br></div><div class="spacer battle-history"><br></div><div class="battle-history"><small>The opposing Tyrunt is confused!</small><br></div><div class="battle-history">The opposing Tyrunt used <strong>Earthquake</strong>!<br></div><div class="battle-history"><small>Racing Stripes avoided the attack!</small><br></div><div class="spacer battle-history"><br></div><h2 class="battle-history">Turn 18</h2><div class="chat chatmessage-luke12c"><strong style="color:hsl(295,47%,50.79798815245312%)"><small>★</small><span class="username" data-name="Luke12C">Luke12C</span>:</strong> <em>gg</em></div><div class="spacer battle-history"><br></div><div class="battle-history">Racing Stripes used <strong>Bounce</strong>!<br></div><div class="battle-history"><small>It's not very effective...</small><br></div><div class="battle-history"><small>(The opposing Tyrunt lost <abbr title="−3/22">13.6%</abbr> of its health!)</small><br></div><div class="spacer battle-history"><br></div><div class="battle-history"><small>The opposing Tyrunt is confused!</small><br></div><div class="battle-history">It hurt itself in its confusion!<br></div><div class="spacer battle-history"><br></div><h2 class="battle-history">Turn 19</h2><div class="chat chatmessage-luke12c"><strong style="color:hsl(295,47%,50.79798815245312%)"><small>★</small><span class="username" data-name="Luke12C">Luke12C</span>:</strong> <em>:O</em></div><div class="chat chatmessage-vqp"><strong style="color:hsl(38,61%,46%)"><small>★</small><span class="username" data-name="VQP">VQP</span>:</strong> <em>WOW</em></div><div class="spacer battle-history"><br></div><div class="battle-history">Racing Stripes used <strong>Wild Charge</strong>!<br></div><div class="battle-history"><small>It's not very effective...</small><br></div><div class="battle-history"><small>(The opposing Tyrunt lost <abbr title="−2/22">9.1%</abbr> of its health!)</small><br></div><div class="battle-history"><small>Racing Stripes is damaged by the recoil!</small><br></div><div class="spacer battle-history"><br></div><div class="battle-history">The opposing Tyrunt fainted!<br></div><div class="spacer battle-history"><br></div><div class="battle-history"><strong>Luke12C</strong> won the battle!<br></div><div class="chat chatmessage-luke12c"><strong style="color:hsl(295,47%,50.79798815245312%)"><small>★</small><span class="username" data-name="Luke12C">Luke12C</span>:</strong> <em>GEEGEEEE</em></div><div class="chat chatmessage-luke12c"><strong style="color:hsl(295,47%,50.79798815245312%)"><small>★</small><span class="username" data-name="Luke12C">Luke12C</span>:</strong> <em>Confuse hax</em></div><div class="chat chatmessage-luke12c"><strong style="color:hsl(295,47%,50.79798815245312%)"><small>★</small><span class="username" data-name="Luke12C">Luke12C</span>:</strong> <em>gg dude</em></div></div><div class="inner-preempt"></div></div></div>
</div>
<script>
let daily = Math.floor(Date.now()/1000/60/60/24);document.write('<script src="https://play.pokemonshowdown.com/js/replay-embed.js?version'+daily+'"></'+'script>');
</script>
