<!DOCTYPE html>
<meta charset="utf-8" />
<!-- version 1 -->
<title>LC replay: Kushalos vs. h_T</title>
<style>
html,body {font-family:Verdana, sans-serif;font-size:10pt;margin:0;padding:0;}body{padding:12px 0;} .battle-log {font-family:Verdana, sans-serif;font-size:10pt;} .battle-log-inline {border:1px solid #AAAAAA;background:#EEF2F5;color:black;max-width:640px;margin:0 auto 80px;padding-bottom:5px;} .battle-log .inner {padding:4px 8px 0px 8px;} .battle-log .inner-preempt {padding:0 8px 4px 8px;} .battle-log .inner-after {margin-top:0.5em;} .battle-log h2 {margin:0.5em -8px;padding:4px 8px;border:1px solid #AAAAAA;background:#E0E7EA;border-left:0;border-right:0;font-family:Verdana, sans-serif;font-size:13pt;} .battle-log .chat {vertical-align:middle;padding:3px 0 3px 0;font-size:8pt;} .battle-log .chat strong {color:#40576A;} .battle-log .chat em {padding:1px 4px 1px 3px;color:#000000;font-style:normal;} .chat.mine {background:rgba(0,0,0,0.05);margin-left:-8px;margin-right:-8px;padding-left:8px;padding-right:8px;} .spoiler {color:#BBBBBB;background:#BBBBBB;padding:0px 3px;} .spoiler:hover, .spoiler:active, .spoiler-shown {color:#000000;background:#E2E2E2;padding:0px 3px;} .spoiler a {color:#BBBBBB;} .spoiler:hover a, .spoiler:active a, .spoiler-shown a {color:#2288CC;} .chat code, .chat .spoiler:hover code, .chat .spoiler:active code, .chat .spoiler-shown code {border:1px solid #C0C0C0;background:#EEEEEE;color:black;padding:0 2px;} .chat .spoiler code {border:1px solid #CCCCCC;background:#CCCCCC;color:#CCCCCC;} .battle-log .rated {padding:3px 4px;} .battle-log .rated strong {color:white;background:#89A;padding:1px 4px;border-radius:4px;} .spacer {margin-top:0.5em;} .message-announce {background:#6688AA;color:white;padding:1px 4px 2px;} .message-announce a, .broadcast-green a, .broadcast-blue a, .broadcast-red a {color:#DDEEFF;} .broadcast-green {background-color:#559955;color:white;padding:2px 4px;} .broadcast-blue {background-color:#6688AA;color:white;padding:2px 4px;} .infobox {border:1px solid #6688AA;padding:2px 4px;} .infobox-limited {max-height:200px;overflow:auto;overflow-x:hidden;} .broadcast-red {background-color:#AA5544;color:white;padding:2px 4px;} .message-learn-canlearn {font-weight:bold;color:#228822;text-decoration:underline;} .message-learn-cannotlearn {font-weight:bold;color:#CC2222;text-decoration:underline;} .message-effect-weak {font-weight:bold;color:#CC2222;} .message-effect-resist {font-weight:bold;color:#6688AA;} .message-effect-immune {font-weight:bold;color:#666666;} .message-learn-list {margin-top:0;margin-bottom:0;} .message-throttle-notice, .message-error {color:#992222;} .message-overflow, .chat small.message-overflow {font-size:0pt;} .message-overflow::before {font-size:9pt;content:'...';} .subtle {color:#3A4A66;}
</style>
<div class="wrapper replay-wrapper" style="max-width:1180px;margin:0 auto">
<input type="hidden" name="replayid" value="smogtours-lc-280600" />
<div class="battle"></div><div class="battle-log"></div><div class="replay-controls"></div><div class="replay-controls-2"></div>
<h1 style="font-weight:normal;text-align:center"><strong>LC</strong><br /><a href="http://pokemonshowdown.com/users/kushalos" class="subtle" target="_blank">Kushalos</a> vs. <a href="http://pokemonshowdown.com/users/ht" class="subtle" target="_blank">h_T</a></h1>
<script type="text/plain" class="battle-log-data">|inactive|Battle timer is ON: inactive players will automatically lose when time's up.
|J|Kushalos
|J|h_T
|player|p1|Kushalos|34
|player|p2|h_T|62
|gametype|singles
|gen|6
|tier|LC
|seed|6120,34263,19159,307
|clearpoke
|poke|p1|Mienfoo, L5, M|item
|poke|p1|Foongus, L5, M|item
|poke|p1|Onix, L5, F|item
|poke|p1|Pawniard, L5, M|item
|poke|p1|Porygon, L5|item
|poke|p1|Abra, L5, F|item
|poke|p2|Surskit, L5, M|item
|poke|p2|Abra, L5, M|item
|poke|p2|Pumpkaboo-*, L5, F|item
|poke|p2|Pawniard, L5, F|item
|poke|p2|Mienfoo, L5, F|item
|poke|p2|Fletchling, L5, F|
|rule|Sleep Clause Mod: Limit one foe put to sleep
|rule|Species Clause: Limit one of each Pokémon
|rule|OHKO Clause: OHKO moves are banned
|rule|Moody Clause: Moody is banned
|rule|Evasion Moves Clause: Evasion moves are banned
|rule|Endless Battle Clause: Forcing endless battles is banned
|rule|HP Percentage Mod: HP is shown in percentages
|teampreview
|J|starmaster
|J|Bushtush
|J|Pearl ★
|J|Vileman
|J|Ragnanival
|J|rozes
|L|Vileman
|c|+starmaster|fletch webs
|c|+starmaster|hot flames
|J|Blightbringerr
|choice|team 3, team 2, team 1, team 4, team 5, team 6|team 5, team 2, team 3, team 4, team 1, team 6
|
|start
|switch|p1a: Onix|Onix, L5, F|20\/20
|switch|p2a: Mienfoo|Mienfoo, L5, F|21\/21
|turn|1
|choice|move stealthrock|move knockoff
|
|move|p2a: Mienfoo|Knock Off|p1a: Onix
|-damage|p1a: Onix|14\/20
|-enditem|p1a: Onix|Berry Juice|[from] move: Knock Off|[of] p2a: Mienfoo
|move|p1a: Onix|Stealth Rock|p2a: Mienfoo
|-sidestart|p2: h_T|move: Stealth Rock
|
|upkeep
|turn|2
|choice|move earthquake|move uturn
|
|move|p2a: Mienfoo|U-turn|p1a: Onix
|-damage|p1a: Onix|9\/20
|choice||switch 3
|
|switch|p2a: Pumpkaboo|Pumpkaboo-Super, L5, F|25\/25
|-damage|p2a: Pumpkaboo|22\/25|[from] Stealth Rock
|move|p1a: Onix|Earthquake|p2a: Pumpkaboo
|-resisted|p2a: Pumpkaboo
|-damage|p2a: Pumpkaboo|19\/25
|
|upkeep
|turn|3
|L|Bushtush
|J|Freeroamer
|choice|switch 5|move willowisp
|
|switch|p1a: Porygon|Porygon, L5|25\/25
|-ability|p1a: Porygon|Download|boost
|-boost|p1a: Porygon|atk|1
|move|p2a: Pumpkaboo|Will-O-Wisp|p1a: Porygon
|-status|p1a: Porygon|brn
|
|-damage|p1a: Porygon|22\/25 brn|[from] brn
|upkeep
|turn|4
|c|+starmaster|.
|choice|switch 3|switch 4
|
|switch|p1a: Mienfoo|Mienfoo, L5, M|21\/21
|switch|p2a: Pawniard|Pawniard, L5, F|21\/21
|-damage|p2a: Pawniard|20\/21|[from] Stealth Rock
|
|upkeep
|turn|5
|choice|move drainpunch|switch 3
|
|switch|p2a: Mienfoo|Mienfoo, L5, F|21\/21
|-damage|p2a: Mienfoo|20\/21|[from] Stealth Rock
|move|p1a: Mienfoo|Drain Punch|p2a: Mienfoo
|-damage|p2a: Mienfoo|13\/21
|
|upkeep
|turn|6
|choice|move knockoff|move uturn
|
|move|p2a: Mienfoo|U-turn|p1a: Mienfoo
|-resisted|p1a: Mienfoo
|-damage|p1a: Mienfoo|19\/21
|choice||switch 5
|
|switch|p2a: Surskit|Surskit, L5, M|21\/21
|-damage|p2a: Surskit|16\/21|[from] Stealth Rock
|move|p1a: Mienfoo|Knock Off|p2a: Surskit
|-damage|p2a: Surskit|4\/21
|-enditem|p2a: Surskit|Focus Sash|[from] move: Knock Off|[of] p1a: Mienfoo
|
|upkeep
|turn|7
|L|Freeroamer
|choice|move knockoff|move stickyweb
|
|move|p2a: Surskit|Sticky Web|p1a: Mienfoo
|-sidestart|p1: Kushalos|move: Sticky Web
|move|p1a: Mienfoo|Knock Off|p2a: Surskit
|-damage|p2a: Surskit|0 fnt
|faint|p2a: Surskit
|
|upkeep
|c|☆Kushalos|woops
|c|☆Kushalos|misclicked
|c|+starmaster|.
|choice||switch 2
|
|switch|p2a: Abra|Abra, L5, M|19\/19
|turn|8
|choice|switch 5|move substitute
|
|switch|p1a: Onix|Onix, L5, F|9\/20
|-activate|p1a: Onix|move: Sticky Web
|-unboost|p1a: Onix|spe|1
|move|p2a: Abra|Substitute|p2a: Abra
|-start|p2a: Abra|Substitute
|-damage|p2a: Abra|15\/19
|
|upkeep
|turn|9
|choice|move rockblast|move dazzlinggleam
|
|move|p2a: Abra|Dazzling Gleam|p1a: Onix
|-damage|p1a: Onix|0 fnt
|faint|p1a: Onix
|
|upkeep
|choice|switch 3|
|
|switch|p1a: Porygon|Porygon, L5|22\/25 brn
|-activate|p1a: Porygon|move: Sticky Web
|-unboost|p1a: Porygon|spe|1
|-ability|p1a: Porygon|Download|boost
|-boost|p1a: Porygon|atk|1
|turn|10
|choice|move triattack|move psychic
|
|move|p2a: Abra|Psychic|p1a: Porygon
|-damage|p1a: Porygon|9\/25 brn
|move|p1a: Porygon|Tri Attack|p2a: Abra
|-end|p2a: Abra|Substitute
|
|-damage|p1a: Porygon|6\/25 brn|[from] brn
|upkeep
|turn|11
|c|☆Kushalos|webs are
|c|☆Kushalos|totes balanced
|c|☆Kushalos|in this tier
|choice|move triattack|move dazzlinggleam
|
|move|p2a: Abra|Dazzling Gleam|p1a: Porygon
|-damage|p1a: Porygon|0 fnt
|faint|p1a: Porygon
|
|upkeep
|choice|switch 6|
|
|switch|p1a: Abra|Abra, L5, F|19\/19
|-activate|p1a: Abra|move: Sticky Web
|-unboost|p1a: Abra|spe|1
|turn|12
|choice|move dazzlinggleam|move dazzlinggleam
|
|move|p2a: Abra|Dazzling Gleam|p1a: Abra
|-damage|p1a: Abra|6\/19
|move|p1a: Abra|Dazzling Gleam|p2a: Abra
|-damage|p2a: Abra|3\/19
|
|upkeep
|turn|13
|choice|move psychic|move dazzlinggleam
|
|move|p2a: Abra|Dazzling Gleam|p1a: Abra
|-damage|p1a: Abra|0 fnt
|faint|p1a: Abra
|
|upkeep
|choice|switch 4|
|
|switch|p1a: Pawniard|Pawniard, L5, M|21\/21
|-activate|p1a: Pawniard|move: Sticky Web
|-unboost|p1a: Pawniard|spe|1
|-ability|p1a: Pawniard|Defiant|boost
|-boost|p1a: Pawniard|atk|2
|turn|14
|choice|move suckerpunch|switch 4
|
|switch|p2a: Pumpkaboo|Pumpkaboo-Super, L5, F|19\/25
|-damage|p2a: Pumpkaboo|16\/25|[from] Stealth Rock
|-item|p1a: Pawniard|Choice Scarf|[from] ability: Frisk|[of] p2a: Pumpkaboo|[identify]
|move|p1a: Pawniard|Sucker Punch|p2a: Pumpkaboo|[still]
|-fail|p1a: Pawniard
|
|upkeep
|turn|15
|choice|switch 2|switch 4
|
|switch|p1a: Foongus|Foongus, L5, M|25\/25
|-activate|p1a: Foongus|move: Sticky Web
|-unboost|p1a: Foongus|spe|1
|switch|p2a: Abra|Abra, L5, M|3\/19
|
|upkeep
|turn|16
|choice|switch 2|move psychic
|
|switch|p1a: Pawniard|Pawniard, L5, M|21\/21
|-activate|p1a: Pawniard|move: Sticky Web
|-unboost|p1a: Pawniard|spe|1
|-ability|p1a: Pawniard|Defiant|boost
|-boost|p1a: Pawniard|atk|2
|move|p2a: Abra|Psychic|p1a: Pawniard
|-immune|p1a: Pawniard|[msg]
|
|upkeep
|turn|17
|choice|move suckerpunch|move dazzlinggleam
|
|move|p1a: Pawniard|Sucker Punch|p2a: Abra
|-supereffective|p2a: Abra
|-damage|p2a: Abra|0 fnt
|faint|p2a: Abra
|
|upkeep
|c|☆Kushalos|is goao
|c|☆Kushalos|on your team
|c|☆h_T|n
|c|☆Kushalos|k
|L|rozes
|choice||switch 3
|
|switch|p2a: Pawniard|Pawniard, L5, F|20\/21
|-damage|p2a: Pawniard|19\/21|[from] Stealth Rock
|turn|18
|choice|switch 5|move knockoff
|
|switch|p1a: Mienfoo|Mienfoo, L5, M|21\/21
|-activate|p1a: Mienfoo|move: Sticky Web
|-unboost|p1a: Mienfoo|spe|1
|move|p2a: Pawniard|Knock Off|p1a: Mienfoo
|-resisted|p1a: Mienfoo
|-damage|p1a: Mienfoo|15\/21
|-enditem|p1a: Mienfoo|Eviolite|[from] move: Knock Off|[of] p2a: Pawniard
|
|upkeep
|turn|19
|choice|move drainpunch|switch 4
|
|switch|p2a: Pumpkaboo|Pumpkaboo-Super, L5, F|16\/25
|-damage|p2a: Pumpkaboo|13\/25|[from] Stealth Rock
|move|p1a: Mienfoo|Drain Punch|p2a: Pumpkaboo
|-immune|p2a: Pumpkaboo|[msg]
|
|upkeep
|turn|20
|choice|switch 2|move synthesis
|
|switch|p1a: Foongus|Foongus, L5, M|25\/25
|-activate|p1a: Foongus|move: Sticky Web
|-unboost|p1a: Foongus|spe|1
|move|p2a: Pumpkaboo|Synthesis|p2a: Pumpkaboo
|-heal|p2a: Pumpkaboo|25\/25
|
|upkeep
|turn|21
|J|TSR
|choice|move sludgebomb|move willowisp
|
|move|p2a: Pumpkaboo|Will-O-Wisp|p1a: Foongus
|-status|p1a: Foongus|brn
|move|p1a: Foongus|Sludge Bomb|p2a: Pumpkaboo
|-damage|p2a: Pumpkaboo|19\/25
|
|-damage|p1a: Foongus|22\/25 brn|[from] brn
|upkeep
|turn|22
|choice|move spore|move willowisp
|
|move|p2a: Pumpkaboo|Will-O-Wisp|p1a: Foongus
|-fail|p1a: Foongus|brn
|move|p1a: Foongus|Spore|p2a: Pumpkaboo
|-immune|p2a: Pumpkaboo|[msg]
|
|-damage|p1a: Foongus|19\/25 brn|[from] brn
|upkeep
|turn|23
|choice|move sludgebomb|move willowisp
|
|move|p2a: Pumpkaboo|Will-O-Wisp|p1a: Foongus|[miss]
|-miss|p2a: Pumpkaboo|p1a: Foongus
|move|p1a: Foongus|Sludge Bomb|p2a: Pumpkaboo
|-crit|p2a: Pumpkaboo
|-damage|p2a: Pumpkaboo|10\/25
|
|-damage|p1a: Foongus|16\/25 brn|[from] brn
|upkeep
|turn|24
|J|Rage.Spam.Quit.
|choice|switch 2|move willowisp
|
|switch|p1a: Mienfoo|Mienfoo, L5, M|21\/21
|-activate|p1a: Mienfoo|move: Sticky Web
|-unboost|p1a: Mienfoo|spe|1
|move|p2a: Pumpkaboo|Will-O-Wisp|p1a: Mienfoo
|-status|p1a: Mienfoo|brn
|
|-damage|p1a: Mienfoo|19\/21 brn|[from] brn
|upkeep
|turn|25
|choice|move knockoff|move synthesis
|
|move|p2a: Pumpkaboo|Synthesis|p2a: Pumpkaboo
|-heal|p2a: Pumpkaboo|22\/25
|move|p1a: Mienfoo|Knock Off|p2a: Pumpkaboo
|-supereffective|p2a: Pumpkaboo
|-damage|p2a: Pumpkaboo|16\/25
|-enditem|p2a: Pumpkaboo|Eviolite|[from] move: Knock Off|[of] p1a: Mienfoo
|
|-damage|p1a: Mienfoo|17\/21 brn|[from] brn
|upkeep
|turn|26
|choice|move uturn|switch 5
|
|switch|p2a: Mienfoo|Mienfoo, L5, F|20\/21
|-damage|p2a: Mienfoo|19\/21|[from] Stealth Rock
|move|p1a: Mienfoo|U-turn|p2a: Mienfoo
|-resisted|p2a: Mienfoo
|-damage|p2a: Mienfoo|18\/21
|L|Ragnanival
|choice|switch 2|
|
|switch|p1a: Foongus|Foongus, L5, M|24\/25 brn
|-activate|p1a: Foongus|move: Sticky Web
|-unboost|p1a: Foongus|spe|1
|
|-damage|p1a: Foongus|21\/25 brn|[from] brn
|upkeep
|turn|27
|choice|move spore|move uturn
|
|move|p2a: Mienfoo|U-turn|p1a: Foongus
|-damage|p1a: Foongus|16\/25 brn
|choice||switch 5
|
|switch|p2a: Pumpkaboo|Pumpkaboo-Super, L5, F|16\/25
|-damage|p2a: Pumpkaboo|13\/25|[from] Stealth Rock
|-item|p1a: Foongus|Eviolite|[from] ability: Frisk|[of] p2a: Pumpkaboo|[identify]
|move|p1a: Foongus|Spore|p2a: Pumpkaboo
|-immune|p2a: Pumpkaboo|[msg]
|
|-damage|p1a: Foongus|13\/25 brn|[from] brn
|upkeep
|turn|28
|choice|move sludgebomb|switch 4
|
|switch|p2a: Pawniard|Pawniard, L5, F|19\/21
|-damage|p2a: Pawniard|18\/21|[from] Stealth Rock
|move|p1a: Foongus|Sludge Bomb|p2a: Pawniard
|-immune|p2a: Pawniard|[msg]
|
|-damage|p1a: Foongus|10\/25 brn|[from] brn
|upkeep
|turn|29
|c|☆Kushalos|fuck
|c|☆Kushalos|i had it
|c|☆Kushalos|on spore at first
|c|☆Kushalos|zzz
|choice|move spore|move ironhead
|
|move|p2a: Pawniard|Iron Head|p1a: Foongus
|-damage|p1a: Foongus|1\/25 brn
|move|p1a: Foongus|Spore|p2a: Pawniard
|-status|p2a: Pawniard|slp
|
|-damage|p1a: Foongus|0 fnt|[from] brn
|upkeep
|faint|p1a: Foongus
|choice|switch 2|
|
|switch|p1a: Mienfoo|Mienfoo, L5, M|21\/21 brn
|-activate|p1a: Mienfoo|move: Sticky Web
|-unboost|p1a: Mienfoo|spe|1
|turn|30
|choice|move knockoff|switch 4
|
|switch|p2a: Pumpkaboo|Pumpkaboo-Super, L5, F|13\/25
|-damage|p2a: Pumpkaboo|10\/25|[from] Stealth Rock
|move|p1a: Mienfoo|Knock Off|p2a: Pumpkaboo
|-supereffective|p2a: Pumpkaboo
|-damage|p2a: Pumpkaboo|4\/25
|
|-damage|p1a: Mienfoo|19\/21 brn|[from] brn
|upkeep
|turn|31
|choice|move uturn|move synthesis
|
|move|p2a: Pumpkaboo|Synthesis|p2a: Pumpkaboo
|-heal|p2a: Pumpkaboo|16\/25
|move|p1a: Mienfoo|U-turn|p2a: Pumpkaboo
|-damage|p2a: Pumpkaboo|13\/25
|choice|switch 5|
|
|switch|p1a: Pawniard|Pawniard, L5, M|21\/21
|-activate|p1a: Pawniard|move: Sticky Web
|-unboost|p1a: Pawniard|spe|1
|-ability|p1a: Pawniard|Defiant|boost
|-boost|p1a: Pawniard|atk|2
|
|upkeep
|turn|32
|choice|move ironhead|move willowisp
|
|move|p1a: Pawniard|Iron Head|p2a: Pumpkaboo
|-damage|p2a: Pumpkaboo|0 fnt
|faint|p2a: Pumpkaboo
|
|upkeep
|choice||switch 5
|
|switch|p2a: Mienfoo|Mienfoo, L5, F|21\/21
|-damage|p2a: Mienfoo|20\/21|[from] Stealth Rock
|turn|33
|choice|move ironhead|move drainpunch
|
|move|p2a: Mienfoo|Drain Punch|p1a: Pawniard
|-supereffective|p1a: Pawniard
|-damage|p1a: Pawniard|0 fnt
|-heal|p2a: Mienfoo|21\/21|[from] drain|[of] p1a: Pawniard
|faint|p1a: Pawniard
|
|upkeep
|c|☆Kushalos|gg
|c|☆h_T|gg
|c|☆Kushalos|impossible matchup
|c|☆Kushalos|lol
|choice|switch 5|
|
|switch|p1a: Mienfoo|Mienfoo, L5, M|21\/21 brn
|-activate|p1a: Mienfoo|move: Sticky Web
|-unboost|p1a: Mienfoo|spe|1
|turn|34
|choice|move knockoff|move drainpunch
|
|move|p2a: Mienfoo|Drain Punch|p1a: Mienfoo
|-damage|p1a: Mienfoo|12\/21 brn
|move|p1a: Mienfoo|Knock Off|p2a: Mienfoo
|-resisted|p2a: Mienfoo
|-damage|p2a: Mienfoo|20\/21
|-enditem|p2a: Mienfoo|Eviolite|[from] move: Knock Off|[of] p1a: Mienfoo
|
|-damage|p1a: Mienfoo|10\/21 brn|[from] brn
|upkeep
|turn|35
|c|☆h_T|were u pursuit btw
|c|☆Kushalos|ya
|choice|move drainpunch|move drainpunch
|
|move|p2a: Mienfoo|Drain Punch|p1a: Mienfoo
|-damage|p1a: Mienfoo|0 fnt
|-heal|p2a: Mienfoo|21\/21|[from] drain|[of] p1a: Mienfoo
|faint|p1a: Mienfoo
|
|win|h_T</script>
</div>
<div class="battle-log battle-log-inline"><div class="inner"><div class="battle-options"></div><div class="inner"><div class="chat message-error">Battle timer is ON: inactive players will automatically lose when time's up.</div><div class=""><small>Format:</small> <br><strong>LC</strong></div><div class=""><small><em>Sleep Clause Mod:</em> Limit one foe put to sleep</small></div><div class=""><small><em>Species Clause:</em> Limit one of each Pokémon</small></div><div class=""><small><em>OHKO Clause:</em> OHKO moves are banned</small></div><div class=""><small><em>Moody Clause:</em> Moody is banned</small></div><div class=""><small><em>Evasion Moves Clause:</em> Evasion moves are banned</small></div><div class=""><small><em>Endless Battle Clause:</em> Forcing endless battles is banned</small></div><div class=""><small><em>HP Percentage Mod:</em> HP is shown in percentages</small></div><div class="chat battle-history"><strong>Kushalos's team:</strong> <em style="color:#445566;display:block;">Mienfoo / Foongus / Onix / Pawniard / Porygon / Abra</em></div><div class="chat battle-history"><strong>h_T's team:</strong> <em style="color:#445566;display:block;">Surskit / Abra / Pumpkaboo-* / Pawniard / Mienfoo / Fletchling</em></div><div class="chat chatmessage-starmaster"><strong style="color:hsl(303,67%,40%)"><small>+</small><span class="username" data-name="starmaster">starmaster</span>:</strong> <em>fletch webs</em></div><div class="chat chatmessage-starmaster"><strong style="color:hsl(303,67%,40%)"><small>+</small><span class="username" data-name="starmaster">starmaster</span>:</strong> <em>hot flames</em></div><div class="spacer battle-history"><br></div><div class="battle-history">Battle started between Kushalos and h_T!<br></div><div class="spacer battle-history"><br></div><div class="battle-history">Go! <strong>Onix</strong>!<br></div><div class="spacer battle-history"><br></div><div class="battle-history">h_T sent out <strong>Mienfoo</strong>!<br></div><div class="spacer battle-history"><br></div><h2 class="battle-history">Turn 1</h2><div class="spacer battle-history"><br></div><div class="battle-history">The opposing Mienfoo used <strong>Knock Off</strong>!<br></div><div class="battle-history"><small>(Onix lost <abbr title="−6/20">30%</abbr> of its health!)</small><br></div><div class="battle-history"><small>The opposing Mienfoo knocked off Onix's Berry Juice!</small><br></div><div class="spacer battle-history"><br></div><div class="battle-history">Onix used <strong>Stealth Rock</strong>!<br></div><div class="battle-history"><small>Pointed stones float in the air around the opposing team!</small><br></div><div class="spacer battle-history"><br></div><h2 class="battle-history">Turn 2</h2><div class="spacer battle-history"><br></div><div class="battle-history">The opposing Mienfoo used <strong>U-turn</strong>!<br></div><div class="battle-history"><small>(Onix lost <abbr title="−5/20">25%</abbr> of its health!)</small><br></div><div class="spacer battle-history"><br></div><div class="battle-history">The opposing Mienfoo went back to h_T!<br></div><div class="battle-history">h_T sent out Pumpkaboo (<strong>Pumpkaboo-Super</strong>)!<br></div><div class="battle-history"><small>Pointed stones dug into the opposing Pumpkaboo!</small><br></div><div class="spacer battle-history"><br></div><div class="battle-history">Onix used <strong>Earthquake</strong>!<br></div><div class="battle-history"><small>It's not very effective...</small><br></div><div class="battle-history"><small>(The opposing Pumpkaboo lost <abbr title="−3/25">12%</abbr> of its health!)</small><br></div><div class="spacer battle-history"><br></div><h2 class="battle-history">Turn 3</h2><div class="spacer battle-history"><br></div><div class="battle-history">Onix, come back!<br></div><div class="battle-history">Go! <strong>Porygon</strong>!<br></div><div class="battle-history"><small>[Porygon's Download]</small><br></div><div class="battle-history"><small>Porygon's Attack rose!</small><br></div><div class="spacer battle-history"><br></div><div class="battle-history">The opposing Pumpkaboo used <strong>Will-O-Wisp</strong>!<br></div><div class="battle-history"><small>Porygon was burned!</small><br></div><div class="spacer battle-history"><br></div><div class="battle-history"><small>Porygon was hurt by its burn!</small><br></div><div class="spacer battle-history"><br></div><h2 class="battle-history">Turn 4</h2><div class="chat chatmessage-starmaster"><strong style="color:hsl(303,67%,40%)"><small>+</small><span class="username" data-name="starmaster">starmaster</span>:</strong> <em>.</em></div><div class="spacer battle-history"><br></div><div class="battle-history">Porygon, come back!<br></div><div class="battle-history">Go! <strong>Mienfoo</strong>!<br></div><div class="spacer battle-history"><br></div><div class="battle-history">h_T withdrew Pumpkaboo!<br></div><div class="battle-history">h_T sent out <strong>Pawniard</strong>!<br></div><div class="battle-history"><small>Pointed stones dug into the opposing Pawniard!</small><br></div><div class="spacer battle-history"><br></div><h2 class="battle-history">Turn 5</h2><div class="spacer battle-history"><br></div><div class="battle-history">h_T withdrew Pawniard!<br></div><div class="battle-history">h_T sent out <strong>Mienfoo</strong>!<br></div><div class="battle-history"><small>Pointed stones dug into the opposing Mienfoo!</small><br></div><div class="spacer battle-history"><br></div><div class="battle-history">Mienfoo used <strong>Drain Punch</strong>!<br></div><div class="battle-history"><small>(The opposing Mienfoo lost <abbr title="−7/21">33.3%</abbr> of its health!)</small><br></div><div class="spacer battle-history"><br></div><h2 class="battle-history">Turn 6</h2><div class="spacer battle-history"><br></div><div class="battle-history">The opposing Mienfoo used <strong>U-turn</strong>!<br></div><div class="battle-history"><small>It's not very effective...</small><br></div><div class="battle-history"><small>(Mienfoo lost <abbr title="−2/21">9.5%</abbr> of its health!)</small><br></div><div class="spacer battle-history"><br></div><div class="battle-history">The opposing Mienfoo went back to h_T!<br></div><div class="battle-history">h_T sent out <strong>Surskit</strong>!<br></div><div class="battle-history"><small>Pointed stones dug into the opposing Surskit!</small><br></div><div class="spacer battle-history"><br></div><div class="battle-history">Mienfoo used <strong>Knock Off</strong>!<br></div><div class="battle-history"><small>(The opposing Surskit lost <abbr title="−12/21">57.1%</abbr> of its health!)</small><br></div><div class="battle-history"><small>Mienfoo knocked off the opposing Surskit's Focus Sash!</small><br></div><div class="spacer battle-history"><br></div><h2 class="battle-history">Turn 7</h2><div class="spacer battle-history"><br></div><div class="battle-history">The opposing Surskit used <strong>Sticky Web</strong>!<br></div><div class="battle-history"><small>A sticky web spreads out on the ground around your team!</small><br></div><div class="spacer battle-history"><br></div><div class="battle-history">Mienfoo used <strong>Knock Off</strong>!<br></div><div class="battle-history"><small>(The opposing Surskit lost <abbr title="−4/21">19.0%</abbr> of its health!)</small><br></div><div class="spacer battle-history"><br></div><div class="battle-history">The opposing Surskit fainted!<br></div><div class="chat chatmessage-kushalos"><strong style="color:hsl(241,86%,63.275220778172695%)"><small>☆</small><span class="username" data-name="Kushalos">Kushalos</span>:</strong> <em>woops</em></div><div class="chat chatmessage-kushalos"><strong style="color:hsl(241,86%,63.275220778172695%)"><small>☆</small><span class="username" data-name="Kushalos">Kushalos</span>:</strong> <em>misclicked</em></div><div class="chat chatmessage-starmaster"><strong style="color:hsl(303,67%,40%)"><small>+</small><span class="username" data-name="starmaster">starmaster</span>:</strong> <em>.</em></div><div class="spacer battle-history"><br></div><div class="battle-history">h_T sent out <strong>Abra</strong>!<br></div><div class="spacer battle-history"><br></div><h2 class="battle-history">Turn 8</h2><div class="spacer battle-history"><br></div><div class="battle-history">Mienfoo, come back!<br></div><div class="battle-history">Go! <strong>Onix</strong>!<br></div><div class="battle-history"><small>Onix was caught in a sticky web!</small><br></div><div class="battle-history"><small>Onix's Speed fell!</small><br></div><div class="spacer battle-history"><br></div><div class="battle-history">The opposing Abra used <strong>Substitute</strong>!<br></div><div class="battle-history"><small>The opposing Abra put in a substitute!</small><br></div><div class="battle-history"><small>(The opposing Abra lost <abbr title="−4/19">21.1%</abbr> of its health!)</small><br></div><div class="spacer battle-history"><br></div><h2 class="battle-history">Turn 9</h2><div class="spacer battle-history"><br></div><div class="battle-history">The opposing Abra used <strong>Dazzling Gleam</strong>!<br></div><div class="battle-history"><small>(Onix lost <abbr title="−9/20">45%</abbr> of its health!)</small><br></div><div class="spacer battle-history"><br></div><div class="battle-history">Onix fainted!<br></div><div class="spacer battle-history"><br></div><div class="battle-history">Go! <strong>Porygon</strong>!<br></div><div class="battle-history"><small>Porygon was caught in a sticky web!</small><br></div><div class="battle-history"><small>Porygon's Speed fell!</small><br></div><div class="battle-history"><small>[Porygon's Download]</small><br></div><div class="battle-history"><small>Porygon's Attack rose!</small><br></div><div class="spacer battle-history"><br></div><h2 class="battle-history">Turn 10</h2><div class="spacer battle-history"><br></div><div class="battle-history">The opposing Abra used <strong>Psychic</strong>!<br></div><div class="battle-history"><small>(Porygon lost <abbr title="−13/25">52%</abbr> of its health!)</small><br></div><div class="spacer battle-history"><br></div><div class="battle-history">Porygon used <strong>Tri Attack</strong>!<br></div><div class="battle-history"><small>The opposing Abra's substitute faded!</small><br></div><div class="spacer battle-history"><br></div><div class="battle-history"><small>Porygon was hurt by its burn!</small><br></div><div class="spacer battle-history"><br></div><h2 class="battle-history">Turn 11</h2><div class="chat chatmessage-kushalos"><strong style="color:hsl(241,86%,63.275220778172695%)"><small>☆</small><span class="username" data-name="Kushalos">Kushalos</span>:</strong> <em>webs are</em></div><div class="chat chatmessage-kushalos"><strong style="color:hsl(241,86%,63.275220778172695%)"><small>☆</small><span class="username" data-name="Kushalos">Kushalos</span>:</strong> <em>totes balanced</em></div><div class="chat chatmessage-kushalos"><strong style="color:hsl(241,86%,63.275220778172695%)"><small>☆</small><span class="username" data-name="Kushalos">Kushalos</span>:</strong> <em>in this tier</em></div><div class="spacer battle-history"><br></div><div class="battle-history">The opposing Abra used <strong>Dazzling Gleam</strong>!<br></div><div class="battle-history"><small>(Porygon lost <abbr title="−6/25">24%</abbr> of its health!)</small><br></div><div class="spacer battle-history"><br></div><div class="battle-history">Porygon fainted!<br></div><div class="spacer battle-history"><br></div><div class="battle-history">Go! <strong>Abra</strong>!<br></div><div class="battle-history"><small>Abra was caught in a sticky web!</small><br></div><div class="battle-history"><small>Abra's Speed fell!</small><br></div><div class="spacer battle-history"><br></div><h2 class="battle-history">Turn 12</h2><div class="spacer battle-history"><br></div><div class="battle-history">The opposing Abra used <strong>Dazzling Gleam</strong>!<br></div><div class="battle-history"><small>(Abra lost <abbr title="−13/19">68.4%</abbr> of its health!)</small><br></div><div class="spacer battle-history"><br></div><div class="battle-history">Abra used <strong>Dazzling Gleam</strong>!<br></div><div class="battle-history"><small>(The opposing Abra lost <abbr title="−12/19">63.2%</abbr> of its health!)</small><br></div><div class="spacer battle-history"><br></div><h2 class="battle-history">Turn 13</h2><div class="spacer battle-history"><br></div><div class="battle-history">The opposing Abra used <strong>Dazzling Gleam</strong>!<br></div><div class="battle-history"><small>(Abra lost <abbr title="−6/19">31.6%</abbr> of its health!)</small><br></div><div class="spacer battle-history"><br></div><div class="battle-history">Abra fainted!<br></div><div class="spacer battle-history"><br></div><div class="battle-history">Go! <strong>Pawniard</strong>!<br></div><div class="battle-history"><small>Pawniard was caught in a sticky web!</small><br></div><div class="battle-history"><small>Pawniard's Speed fell!</small><br></div><div class="battle-history"><small>[Pawniard's Defiant]</small><br></div><div class="battle-history"><small>Pawniard's Attack rose sharply!</small><br></div><div class="spacer battle-history"><br></div><h2 class="battle-history">Turn 14</h2><div class="spacer battle-history"><br></div><div class="battle-history">h_T withdrew Abra!<br></div><div class="battle-history">h_T sent out Pumpkaboo (<strong>Pumpkaboo-Super</strong>)!<br></div><div class="battle-history"><small>Pointed stones dug into the opposing Pumpkaboo!</small><br></div><div class="battle-history"><small>[The opposing Pumpkaboo's Frisk]</small><br><small>The opposing Pumpkaboo frisked Pawniard and found its Choice Scarf!</small><br></div><div class="spacer battle-history"><br></div><div class="battle-history">Pawniard used <strong>Sucker Punch</strong>!<br></div><div class="battle-history"><small>But it failed!</small><br></div><div class="spacer battle-history"><br></div><h2 class="battle-history">Turn 15</h2><div class="spacer battle-history"><br></div><div class="battle-history">Pawniard, come back!<br></div><div class="battle-history">Go! <strong>Foongus</strong>!<br></div><div class="battle-history"><small>Foongus was caught in a sticky web!</small><br></div><div class="battle-history"><small>Foongus's Speed fell!</small><br></div><div class="spacer battle-history"><br></div><div class="battle-history">h_T withdrew Pumpkaboo!<br></div><div class="battle-history">h_T sent out <strong>Abra</strong>!<br></div><div class="spacer battle-history"><br></div><h2 class="battle-history">Turn 16</h2><div class="spacer battle-history"><br></div><div class="battle-history">Foongus, come back!<br></div><div class="battle-history">Go! <strong>Pawniard</strong>!<br></div><div class="battle-history"><small>Pawniard was caught in a sticky web!</small><br></div><div class="battle-history"><small>Pawniard's Speed fell!</small><br></div><div class="battle-history"><small>[Pawniard's Defiant]</small><br></div><div class="battle-history"><small>Pawniard's Attack rose sharply!</small><br></div><div class="spacer battle-history"><br></div><div class="battle-history">The opposing Abra used <strong>Psychic</strong>!<br></div><div class="battle-history"><small>It doesn't affect Pawniard...</small><br></div><div class="spacer battle-history"><br></div><h2 class="battle-history">Turn 17</h2><div class="spacer battle-history"><br></div><div class="battle-history">Pawniard used <strong>Sucker Punch</strong>!<br></div><div class="battle-history"><small>It's super effective!</small><br></div><div class="battle-history"><small>(The opposing Abra lost <abbr title="−3/19">15.8%</abbr> of its health!)</small><br></div><div class="spacer battle-history"><br></div><div class="battle-history">The opposing Abra fainted!<br></div><div class="chat chatmessage-kushalos"><strong style="color:hsl(241,86%,63.275220778172695%)"><small>☆</small><span class="username" data-name="Kushalos">Kushalos</span>:</strong> <em>is goao</em></div><div class="chat chatmessage-kushalos"><strong style="color:hsl(241,86%,63.275220778172695%)"><small>☆</small><span class="username" data-name="Kushalos">Kushalos</span>:</strong> <em>on your team</em></div><div class="chat chatmessage-ht"><strong style="color:hsl(303,44%,45%)"><small>☆</small><span class="username" data-name="h_T">h_T</span>:</strong> <em>n</em></div><div class="chat chatmessage-kushalos"><strong style="color:hsl(241,86%,63.275220778172695%)"><small>☆</small><span class="username" data-name="Kushalos">Kushalos</span>:</strong> <em>k</em></div><div class="spacer battle-history"><br></div><div class="battle-history">h_T sent out <strong>Pawniard</strong>!<br></div><div class="battle-history"><small>Pointed stones dug into the opposing Pawniard!</small><br></div><div class="spacer battle-history"><br></div><h2 class="battle-history">Turn 18</h2><div class="spacer battle-history"><br></div><div class="battle-history">Pawniard, come back!<br></div><div class="battle-history">Go! <strong>Mienfoo</strong>!<br></div><div class="battle-history"><small>Mienfoo was caught in a sticky web!</small><br></div><div class="battle-history"><small>Mienfoo's Speed fell!</small><br></div><div class="spacer battle-history"><br></div><div class="battle-history">The opposing Pawniard used <strong>Knock Off</strong>!<br></div><div class="battle-history"><small>It's not very effective...</small><br></div><div class="battle-history"><small>(Mienfoo lost <abbr title="−6/21">28.6%</abbr> of its health!)</small><br></div><div class="battle-history"><small>The opposing Pawniard knocked off Mienfoo's Eviolite!</small><br></div><div class="spacer battle-history"><br></div><h2 class="battle-history">Turn 19</h2><div class="spacer battle-history"><br></div><div class="battle-history">h_T withdrew Pawniard!<br></div><div class="battle-history">h_T sent out Pumpkaboo (<strong>Pumpkaboo-Super</strong>)!<br></div><div class="battle-history"><small>Pointed stones dug into the opposing Pumpkaboo!</small><br></div><div class="spacer battle-history"><br></div><div class="battle-history">Mienfoo used <strong>Drain Punch</strong>!<br></div><div class="battle-history"><small>It doesn't affect the opposing Pumpkaboo...</small><br></div><div class="spacer battle-history"><br></div><h2 class="battle-history">Turn 20</h2><div class="spacer battle-history"><br></div><div class="battle-history">Mienfoo, come back!<br></div><div class="battle-history">Go! <strong>Foongus</strong>!<br></div><div class="battle-history"><small>Foongus was caught in a sticky web!</small><br></div><div class="battle-history"><small>Foongus's Speed fell!</small><br></div><div class="spacer battle-history"><br></div><div class="battle-history">The opposing Pumpkaboo used <strong>Synthesis</strong>!<br></div><div class="battle-history"><small>The opposing Pumpkaboo restored its HP.</small><br></div><div class="spacer battle-history"><br></div><h2 class="battle-history">Turn 21</h2><div class="spacer battle-history"><br></div><div class="battle-history">The opposing Pumpkaboo used <strong>Will-O-Wisp</strong>!<br></div><div class="battle-history"><small>Foongus was burned!</small><br></div><div class="spacer battle-history"><br></div><div class="battle-history">Foongus used <strong>Sludge Bomb</strong>!<br></div><div class="battle-history"><small>(The opposing Pumpkaboo lost <abbr title="−6/25">24%</abbr> of its health!)</small><br></div><div class="spacer battle-history"><br></div><div class="battle-history"><small>Foongus was hurt by its burn!</small><br></div><div class="spacer battle-history"><br></div><h2 class="battle-history">Turn 22</h2><div class="spacer battle-history"><br></div><div class="battle-history">The opposing Pumpkaboo used <strong>Will-O-Wisp</strong>!<br></div><div class="battle-history"><small>Foongus already has a burn.</small><br></div><div class="spacer battle-history"><br></div><div class="battle-history">Foongus used <strong>Spore</strong>!<br></div><div class="battle-history"><small>It doesn't affect the opposing Pumpkaboo...</small><br></div><div class="spacer battle-history"><br></div><div class="battle-history"><small>Foongus was hurt by its burn!</small><br></div><div class="spacer battle-history"><br></div><h2 class="battle-history">Turn 23</h2><div class="spacer battle-history"><br></div><div class="battle-history">The opposing Pumpkaboo used <strong>Will-O-Wisp</strong>!<br></div><div class="battle-history"><small>Foongus avoided the attack!</small><br></div><div class="spacer battle-history"><br></div><div class="battle-history">Foongus used <strong>Sludge Bomb</strong>!<br></div><div class="battle-history"><small>A critical hit!</small><br></div><div class="battle-history"><small>(The opposing Pumpkaboo lost <abbr title="−9/25">36%</abbr> of its health!)</small><br></div><div class="spacer battle-history"><br></div><div class="battle-history"><small>Foongus was hurt by its burn!</small><br></div><div class="spacer battle-history"><br></div><h2 class="battle-history">Turn 24</h2><div class="spacer battle-history"><br></div><div class="battle-history">Foongus, come back!<br></div><div class="battle-history">Go! <strong>Mienfoo</strong>!<br></div><div class="battle-history"><small>Mienfoo was caught in a sticky web!</small><br></div><div class="battle-history"><small>Mienfoo's Speed fell!</small><br></div><div class="spacer battle-history"><br></div><div class="battle-history">The opposing Pumpkaboo used <strong>Will-O-Wisp</strong>!<br></div><div class="battle-history"><small>Mienfoo was burned!</small><br></div><div class="spacer battle-history"><br></div><div class="battle-history"><small>Mienfoo was hurt by its burn!</small><br></div><div class="spacer battle-history"><br></div><h2 class="battle-history">Turn 25</h2><div class="spacer battle-history"><br></div><div class="battle-history">The opposing Pumpkaboo used <strong>Synthesis</strong>!<br></div><div class="battle-history"><small>The opposing Pumpkaboo restored its HP.</small><br></div><div class="spacer battle-history"><br></div><div class="battle-history">Mienfoo used <strong>Knock Off</strong>!<br></div><div class="battle-history"><small>It's super effective!</small><br></div><div class="battle-history"><small>(The opposing Pumpkaboo lost <abbr title="−6/25">24%</abbr> of its health!)</small><br></div><div class="battle-history"><small>Mienfoo knocked off the opposing Pumpkaboo's Eviolite!</small><br></div><div class="spacer battle-history"><br></div><div class="battle-history"><small>Mienfoo was hurt by its burn!</small><br></div><div class="spacer battle-history"><br></div><h2 class="battle-history">Turn 26</h2><div class="spacer battle-history"><br></div><div class="battle-history">h_T withdrew Pumpkaboo!<br></div><div class="battle-history">h_T sent out <strong>Mienfoo</strong>!<br></div><div class="battle-history"><small>Pointed stones dug into the opposing Mienfoo!</small><br></div><div class="spacer battle-history"><br></div><div class="battle-history">Mienfoo used <strong>U-turn</strong>!<br></div><div class="battle-history"><small>It's not very effective...</small><br></div><div class="battle-history"><small>(The opposing Mienfoo lost <abbr title="−1/21">4.8%</abbr> of its health!)</small><br></div><div class="spacer battle-history"><br></div><div class="battle-history">Mienfoo went back to Kushalos!<br></div><div class="battle-history">Go! <strong>Foongus</strong>!<br></div><div class="battle-history"><small>Foongus was caught in a sticky web!</small><br></div><div class="battle-history"><small>Foongus's Speed fell!</small><br></div><div class="spacer battle-history"><br></div><div class="battle-history"><small>Foongus was hurt by its burn!</small><br></div><div class="spacer battle-history"><br></div><h2 class="battle-history">Turn 27</h2><div class="spacer battle-history"><br></div><div class="battle-history">The opposing Mienfoo used <strong>U-turn</strong>!<br></div><div class="battle-history"><small>(Foongus lost <abbr title="−5/25">20%</abbr> of its health!)</small><br></div><div class="spacer battle-history"><br></div><div class="battle-history">The opposing Mienfoo went back to h_T!<br></div><div class="battle-history">h_T sent out Pumpkaboo (<strong>Pumpkaboo-Super</strong>)!<br></div><div class="battle-history"><small>Pointed stones dug into the opposing Pumpkaboo!</small><br></div><div class="battle-history"><small>[The opposing Pumpkaboo's Frisk]</small><br><small>The opposing Pumpkaboo frisked Foongus and found its Eviolite!</small><br></div><div class="spacer battle-history"><br></div><div class="battle-history">Foongus used <strong>Spore</strong>!<br></div><div class="battle-history"><small>It doesn't affect the opposing Pumpkaboo...</small><br></div><div class="spacer battle-history"><br></div><div class="battle-history"><small>Foongus was hurt by its burn!</small><br></div><div class="spacer battle-history"><br></div><h2 class="battle-history">Turn 28</h2><div class="spacer battle-history"><br></div><div class="battle-history">h_T withdrew Pumpkaboo!<br></div><div class="battle-history">h_T sent out <strong>Pawniard</strong>!<br></div><div class="battle-history"><small>Pointed stones dug into the opposing Pawniard!</small><br></div><div class="spacer battle-history"><br></div><div class="battle-history">Foongus used <strong>Sludge Bomb</strong>!<br></div><div class="battle-history"><small>It doesn't affect the opposing Pawniard...</small><br></div><div class="spacer battle-history"><br></div><div class="battle-history"><small>Foongus was hurt by its burn!</small><br></div><div class="spacer battle-history"><br></div><h2 class="battle-history">Turn 29</h2><div class="chat chatmessage-kushalos"><strong style="color:hsl(241,86%,63.275220778172695%)"><small>☆</small><span class="username" data-name="Kushalos">Kushalos</span>:</strong> <em>fuck</em></div><div class="chat chatmessage-kushalos"><strong style="color:hsl(241,86%,63.275220778172695%)"><small>☆</small><span class="username" data-name="Kushalos">Kushalos</span>:</strong> <em>i had it</em></div><div class="chat chatmessage-kushalos"><strong style="color:hsl(241,86%,63.275220778172695%)"><small>☆</small><span class="username" data-name="Kushalos">Kushalos</span>:</strong> <em>on spore at first</em></div><div class="chat chatmessage-kushalos"><strong style="color:hsl(241,86%,63.275220778172695%)"><small>☆</small><span class="username" data-name="Kushalos">Kushalos</span>:</strong> <em>zzz</em></div><div class="spacer battle-history"><br></div><div class="battle-history">The opposing Pawniard used <strong>Iron Head</strong>!<br></div><div class="battle-history"><small>(Foongus lost <abbr title="−9/25">36%</abbr> of its health!)</small><br></div><div class="spacer battle-history"><br></div><div class="battle-history">Foongus used <strong>Spore</strong>!<br></div><div class="battle-history"><small>The opposing Pawniard fell asleep!</small><br></div><div class="spacer battle-history"><br></div><div class="battle-history"><small>Foongus was hurt by its burn!</small><br></div><div class="spacer battle-history"><br></div><div class="battle-history">Foongus fainted!<br></div><div class="spacer battle-history"><br></div><div class="battle-history">Go! <strong>Mienfoo</strong>!<br></div><div class="battle-history"><small>Mienfoo was caught in a sticky web!</small><br></div><div class="battle-history"><small>Mienfoo's Speed fell!</small><br></div><div class="spacer battle-history"><br></div><h2 class="battle-history">Turn 30</h2><div class="spacer battle-history"><br></div><div class="battle-history">h_T withdrew Pawniard!<br></div><div class="battle-history">h_T sent out Pumpkaboo (<strong>Pumpkaboo-Super</strong>)!<br></div><div class="battle-history"><small>Pointed stones dug into the opposing Pumpkaboo!</small><br></div><div class="spacer battle-history"><br></div><div class="battle-history">Mienfoo used <strong>Knock Off</strong>!<br></div><div class="battle-history"><small>It's super effective!</small><br></div><div class="battle-history"><small>(The opposing Pumpkaboo lost <abbr title="−6/25">24%</abbr> of its health!)</small><br></div><div class="spacer battle-history"><br></div><div class="battle-history"><small>Mienfoo was hurt by its burn!</small><br></div><div class="spacer battle-history"><br></div><h2 class="battle-history">Turn 31</h2><div class="spacer battle-history"><br></div><div class="battle-history">The opposing Pumpkaboo used <strong>Synthesis</strong>!<br></div><div class="battle-history"><small>The opposing Pumpkaboo restored its HP.</small><br></div><div class="spacer battle-history"><br></div><div class="battle-history">Mienfoo used <strong>U-turn</strong>!<br></div><div class="battle-history"><small>(The opposing Pumpkaboo lost <abbr title="−3/25">12%</abbr> of its health!)</small><br></div><div class="spacer battle-history"><br></div><div class="battle-history">Mienfoo went back to Kushalos!<br></div><div class="battle-history">Go! <strong>Pawniard</strong>!<br></div><div class="battle-history"><small>Pawniard was caught in a sticky web!</small><br></div><div class="battle-history"><small>Pawniard's Speed fell!</small><br></div><div class="battle-history"><small>[Pawniard's Defiant]</small><br></div><div class="battle-history"><small>Pawniard's Attack rose sharply!</small><br></div><div class="spacer battle-history"><br></div><h2 class="battle-history">Turn 32</h2><div class="spacer battle-history"><br></div><div class="battle-history">Pawniard used <strong>Iron Head</strong>!<br></div><div class="battle-history"><small>(The opposing Pumpkaboo lost <abbr title="−13/25">52%</abbr> of its health!)</small><br></div><div class="spacer battle-history"><br></div><div class="battle-history">The opposing Pumpkaboo fainted!<br></div><div class="spacer battle-history"><br></div><div class="battle-history">h_T sent out <strong>Mienfoo</strong>!<br></div><div class="battle-history"><small>Pointed stones dug into the opposing Mienfoo!</small><br></div><div class="spacer battle-history"><br></div><h2 class="battle-history">Turn 33</h2><div class="spacer battle-history"><br></div><div class="battle-history">The opposing Mienfoo used <strong>Drain Punch</strong>!<br></div><div class="battle-history"><small>It's super effective!</small><br></div><div class="battle-history"><small>(Pawniard lost <abbr title="−21/21">100%</abbr> of its health!)</small><br></div><div class="battle-history"><small>Pawniard had its energy drained!</small><br></div><div class="spacer battle-history"><br></div><div class="battle-history">Pawniard fainted!<br></div><div class="chat chatmessage-kushalos"><strong style="color:hsl(241,86%,63.275220778172695%)"><small>☆</small><span class="username" data-name="Kushalos">Kushalos</span>:</strong> <em>gg</em></div><div class="chat chatmessage-ht"><strong style="color:hsl(303,44%,45%)"><small>☆</small><span class="username" data-name="h_T">h_T</span>:</strong> <em>gg</em></div><div class="chat chatmessage-kushalos"><strong style="color:hsl(241,86%,63.275220778172695%)"><small>☆</small><span class="username" data-name="Kushalos">Kushalos</span>:</strong> <em>impossible matchup</em></div><div class="chat chatmessage-kushalos"><strong style="color:hsl(241,86%,63.275220778172695%)"><small>☆</small><span class="username" data-name="Kushalos">Kushalos</span>:</strong> <em>lol</em></div><div class="spacer battle-history"><br></div><div class="battle-history">Go! <strong>Mienfoo</strong>!<br></div><div class="battle-history"><small>Mienfoo was caught in a sticky web!</small><br></div><div class="battle-history"><small>Mienfoo's Speed fell!</small><br></div><div class="spacer battle-history"><br></div><h2 class="battle-history">Turn 34</h2><div class="spacer battle-history"><br></div><div class="battle-history">The opposing Mienfoo used <strong>Drain Punch</strong>!<br></div><div class="battle-history"><small>(Mienfoo lost <abbr title="−9/21">42.9%</abbr> of its health!)</small><br></div><div class="spacer battle-history"><br></div><div class="battle-history">Mienfoo used <strong>Knock Off</strong>!<br></div><div class="battle-history"><small>It's not very effective...</small><br></div><div class="battle-history"><small>(The opposing Mienfoo lost <abbr title="−1/21">4.8%</abbr> of its health!)</small><br></div><div class="battle-history"><small>Mienfoo knocked off the opposing Mienfoo's Eviolite!</small><br></div><div class="spacer battle-history"><br></div><div class="battle-history"><small>Mienfoo was hurt by its burn!</small><br></div><div class="spacer battle-history"><br></div><h2 class="battle-history">Turn 35</h2><div class="chat chatmessage-ht"><strong style="color:hsl(303,44%,45%)"><small>☆</small><span class="username" data-name="h_T">h_T</span>:</strong> <em>were u pursuit btw</em></div><div class="chat chatmessage-kushalos"><strong style="color:hsl(241,86%,63.275220778172695%)"><small>☆</small><span class="username" data-name="Kushalos">Kushalos</span>:</strong> <em>ya</em></div><div class="spacer battle-history"><br></div><div class="battle-history">The opposing Mienfoo used <strong>Drain Punch</strong>!<br></div><div class="battle-history"><small>(Mienfoo lost <abbr title="−10/21">47.6%</abbr> of its health!)</small><br></div><div class="battle-history"><small>Mienfoo had its energy drained!</small><br></div><div class="spacer battle-history"><br></div><div class="battle-history">Mienfoo fainted!<br></div><div class="spacer battle-history"><br></div><div class="battle-history"><strong>h_T</strong> won the battle!<br></div></div><div class="inner-preempt"></div></div></div>
</div>
<script>
let daily = Math.floor(Date.now()/1000/60/60/24);document.write('<script src="https://play.pokemonshowdown.com/js/replay-embed.js?version'+daily+'"></'+'script>');
</script>
