<!DOCTYPE html>
<meta charset="utf-8" />
<!-- version 1 -->
<title>LC replay: Illimitable Sword vs. David bla</title>
<style>
html,body {font-family:Verdana, sans-serif;font-size:10pt;margin:0;padding:0;}body{padding:12px 0;} .battle-log {font-family:Verdana, sans-serif;font-size:10pt;} .battle-log-inline {border:1px solid #AAAAAA;background:#EEF2F5;color:black;max-width:640px;margin:0 auto 80px;padding-bottom:5px;} .battle-log .inner {padding:4px 8px 0px 8px;} .battle-log .inner-preempt {padding:0 8px 4px 8px;} .battle-log .inner-after {margin-top:0.5em;} .battle-log h2 {margin:0.5em -8px;padding:4px 8px;border:1px solid #AAAAAA;background:#E0E7EA;border-left:0;border-right:0;font-family:Verdana, sans-serif;font-size:13pt;} .battle-log .chat {vertical-align:middle;padding:3px 0 3px 0;font-size:8pt;} .battle-log .chat strong {color:#40576A;} .battle-log .chat em {padding:1px 4px 1px 3px;color:#000000;font-style:normal;} .chat.mine {background:rgba(0,0,0,0.05);margin-left:-8px;margin-right:-8px;padding-left:8px;padding-right:8px;} .spoiler {color:#BBBBBB;background:#BBBBBB;padding:0px 3px;} .spoiler:hover, .spoiler:active, .spoiler-shown {color:#000000;background:#E2E2E2;padding:0px 3px;} .spoiler a {color:#BBBBBB;} .spoiler:hover a, .spoiler:active a, .spoiler-shown a {color:#2288CC;} .chat code, .chat .spoiler:hover code, .chat .spoiler:active code, .chat .spoiler-shown code {border:1px solid #C0C0C0;background:#EEEEEE;color:black;padding:0 2px;} .chat .spoiler code {border:1px solid #CCCCCC;background:#CCCCCC;color:#CCCCCC;} .battle-log .rated {padding:3px 4px;} .battle-log .rated strong {color:white;background:#89A;padding:1px 4px;border-radius:4px;} .spacer {margin-top:0.5em;} .message-announce {background:#6688AA;color:white;padding:1px 4px 2px;} .message-announce a, .broadcast-green a, .broadcast-blue a, .broadcast-red a {color:#DDEEFF;} .broadcast-green {background-color:#559955;color:white;padding:2px 4px;} .broadcast-blue {background-color:#6688AA;color:white;padding:2px 4px;} .infobox {border:1px solid #6688AA;padding:2px 4px;} .infobox-limited {max-height:200px;overflow:auto;overflow-x:hidden;} .broadcast-red {background-color:#AA5544;color:white;padding:2px 4px;} .message-learn-canlearn {font-weight:bold;color:#228822;text-decoration:underline;} .message-learn-cannotlearn {font-weight:bold;color:#CC2222;text-decoration:underline;} .message-effect-weak {font-weight:bold;color:#CC2222;} .message-effect-resist {font-weight:bold;color:#6688AA;} .message-effect-immune {font-weight:bold;color:#666666;} .message-learn-list {margin-top:0;margin-bottom:0;} .message-throttle-notice, .message-error {color:#992222;} .message-overflow, .chat small.message-overflow {font-size:0pt;} .message-overflow::before {font-size:9pt;content:'...';} .subtle {color:#3A4A66;}
</style>
<div class="wrapper replay-wrapper" style="max-width:1180px;margin:0 auto">
<input type="hidden" name="replayid" value="lc-488781748" />
<div class="battle"></div><div class="battle-log"></div><div class="replay-controls"></div><div class="replay-controls-2"></div>
<h1 style="font-weight:normal;text-align:center"><strong>LC</strong><br /><a href="http://pokemonshowdown.com/users/illimitablesword" class="subtle" target="_blank">Illimitable Sword</a> vs. <a href="http://pokemonshowdown.com/users/davidbla" class="subtle" target="_blank">David bla</a></h1>
<script type="text/plain" class="battle-log-data">|j|Illimitable Sword
|j|David bla
|player|p1|Illimitable Sword|113
|player|p2|David bla|2
|gametype|singles
|gen|6
|tier|LC
|rated
|seed|54088,42685,31046,2579
|clearpoke
|poke|p1|Timburr, L5, M|item
|poke|p1|Espurr, L5, M, shiny|item
|poke|p1|Swablu, L5, M|item
|poke|p1|Shieldon, L5, M|item
|poke|p1|Krabby, L5, F|item
|poke|p2|Blitzle, L5, F|item
|poke|p2|Abra, L5, M|item
|poke|p2|Bulbasaur, L5, F|item
|poke|p2|Amaura, L5, M|item
|poke|p2|Bagon, L5, F|item
|poke|p2|Charmander, L5, M|item
|rule|Sleep Clause Mod: Limit one foe put to sleep
|rule|Species Clause: Limit one of each Pokémon
|rule|OHKO Clause: OHKO moves are banned
|rule|Moody Clause: Moody is banned
|rule|Evasion Moves Clause: Evasion moves are banned
|rule|Endless Battle Clause: Forcing endless battles is banned
|rule|HP Percentage Mod: HP is shown in percentages
|teampreview
|choice|team 5, team 2, team 3, team 4, team 1|team 4, team 2, team 3, team 1, team 5, team 6
|
|start
|switch|p1a: Krabby|Krabby, L5, F|19\/19
|switch|p2a: Amaura|Amaura, L5, M|25\/25
|turn|1
|choice|move crabhammer|move avalanche
|
|move|p1a: Krabby|Crabhammer|p2a: Amaura|[miss]
|-miss|p1a: Krabby|p2a: Amaura
|move|p2a: Amaura|Avalanche|p1a: Krabby
|-resisted|p1a: Krabby
|-damage|p1a: Krabby|16\/19
|
|turn|2
|choice|move honeclaws|switch 3
|
|switch|p2a: Bulbasaur|Bulbasaur, L5, F|21\/21
|move|p1a: Krabby|Hone Claws|p1a: Krabby
|-boost|p1a: Krabby|atk|1
|-boost|p1a: Krabby|accuracy|1
|
|turn|3
|choice|move xscissor|move gigadrain
|
|move|p1a: Krabby|X-Scissor|p2a: Bulbasaur
|-damage|p2a: Bulbasaur|9\/21
|-damage|p1a: Krabby|15\/19|[from] item: Life Orb
|move|p2a: Bulbasaur|Giga Drain|p1a: Krabby
|-supereffective|p1a: Krabby
|-damage|p1a: Krabby|0 fnt
|-heal|p2a: Bulbasaur|17\/21|[from] drain|[of] p1a: Krabby
|faint|p1a: Krabby
|
|-message|Illimitable Sword forfeited.
|
|win|David bla
|player|p1
|player|p2
|l|Illimitable Sword</script>
</div>
<div class="battle-log battle-log-inline"><div class="inner"><div class="battle-options"></div><div class="inner"><div class="chat"><small>Illimitable Sword joined.</small></div><div class="chat"><small>David bla joined.</small></div><div class=""><small>Format:</small> <br><strong>LC</strong></div><div class="rated"><strong>Rated battle</strong></div><div class=""><small><em>Sleep Clause Mod:</em> Limit one foe put to sleep</small></div><div class=""><small><em>Species Clause:</em> Limit one of each Pokémon</small></div><div class=""><small><em>OHKO Clause:</em> OHKO moves are banned</small></div><div class=""><small><em>Moody Clause:</em> Moody is banned</small></div><div class=""><small><em>Evasion Moves Clause:</em> Evasion moves are banned</small></div><div class=""><small><em>Endless Battle Clause:</em> Forcing endless battles is banned</small></div><div class=""><small><em>HP Percentage Mod:</em> HP is shown in percentages</small></div><div class="chat battle-history"><strong>Illimitable Sword's team:</strong> <em style="color:#445566;display:block;">Timburr / Espurr / Swablu / Shieldon / Krabby</em></div><div class="chat battle-history"><strong>David bla's team:</strong> <em style="color:#445566;display:block;">Blitzle / Abra / Bulbasaur / Amaura / Bagon / Charmander</em></div><div class="spacer battle-history"><br></div><div class="battle-history">Battle started between Illimitable Sword and David bla!<br></div><div class="spacer battle-history"><br></div><div class="battle-history">Go! <strong>Krabby</strong>!<br></div><div class="spacer battle-history"><br></div><div class="battle-history">David bla sent out <strong>Amaura</strong>!<br></div><div class="spacer battle-history"><br></div><h2 class="battle-history">Turn 1</h2><div class="spacer battle-history"><br></div><div class="battle-history">Krabby used <strong>Crabhammer</strong>!<br></div><div class="battle-history"><small>The opposing Amaura avoided the attack!</small><br></div><div class="spacer battle-history"><br></div><div class="battle-history">The opposing Amaura used <strong>Avalanche</strong>!<br></div><div class="battle-history"><small>It's not very effective...</small><br></div><div class="battle-history"><small>(Krabby lost <abbr title="−3/19">15.8%</abbr> of its health!)</small><br></div><div class="spacer battle-history"><br></div><h2 class="battle-history">Turn 2</h2><div class="spacer battle-history"><br></div><div class="battle-history">David bla withdrew Amaura!<br></div><div class="battle-history">David bla sent out <strong>Bulbasaur</strong>!<br></div><div class="spacer battle-history"><br></div><div class="battle-history">Krabby used <strong>Hone Claws</strong>!<br></div><div class="battle-history"><small>Krabby's Attack rose!</small><br></div><div class="battle-history"><small>Krabby's accuracy rose!</small><br></div><div class="spacer battle-history"><br></div><h2 class="battle-history">Turn 3</h2><div class="spacer battle-history"><br></div><div class="battle-history">Krabby used <strong>X-Scissor</strong>!<br></div><div class="battle-history"><small>(The opposing Bulbasaur lost <abbr title="−12/21">57.1%</abbr> of its health!)</small><br></div><div class="battle-history"><small>Krabby lost some of its HP!</small><br></div><div class="spacer battle-history"><br></div><div class="battle-history">The opposing Bulbasaur used <strong>Giga Drain</strong>!<br></div><div class="battle-history"><small>It's super effective!</small><br></div><div class="battle-history"><small>(Krabby lost <abbr title="−15/19">78.9%</abbr> of its health!)</small><br></div><div class="battle-history"><small>Krabby had its energy drained!</small><br></div><div class="spacer battle-history"><br></div><div class="battle-history">Krabby fainted!<br></div><div class="spacer battle-history"><br></div><div class="battle-history"><small>Illimitable Sword forfeited.</small><br></div><div class="spacer battle-history"><br></div><div class="battle-history"><strong>David bla</strong> won the battle!<br></div><div class="chat"><small>Illimitable Sword left.</small></div></div><div class="inner-preempt"></div></div></div>
</div>
<script>
let daily = Math.floor(Date.now()/1000/60/60/24);document.write('<script src="https://play.pokemonshowdown.com/js/replay-embed.js?version'+daily+'"></'+'script>');
</script>
