<!DOCTYPE html>
<meta charset="utf-8" />
<!-- version 1 -->
<title>LC replay: rip mdiancie vs. BlueSkiddoWeCanToo</title>
<style>
html,body {font-family:Verdana, sans-serif;font-size:10pt;margin:0;padding:0;}body{padding:12px 0;} .battle-log {font-family:Verdana, sans-serif;font-size:10pt;} .battle-log-inline {border:1px solid #AAAAAA;background:#EEF2F5;color:black;max-width:640px;margin:0 auto 80px;padding-bottom:5px;} .battle-log .inner {padding:4px 8px 0px 8px;} .battle-log .inner-preempt {padding:0 8px 4px 8px;} .battle-log .inner-after {margin-top:0.5em;} .battle-log h2 {margin:0.5em -8px;padding:4px 8px;border:1px solid #AAAAAA;background:#E0E7EA;border-left:0;border-right:0;font-family:Verdana, sans-serif;font-size:13pt;} .battle-log .chat {vertical-align:middle;padding:3px 0 3px 0;font-size:8pt;} .battle-log .chat strong {color:#40576A;} .battle-log .chat em {padding:1px 4px 1px 3px;color:#000000;font-style:normal;} .chat.mine {background:rgba(0,0,0,0.05);margin-left:-8px;margin-right:-8px;padding-left:8px;padding-right:8px;} .spoiler {color:#BBBBBB;background:#BBBBBB;padding:0px 3px;} .spoiler:hover, .spoiler:active, .spoiler-shown {color:#000000;background:#E2E2E2;padding:0px 3px;} .spoiler a {color:#BBBBBB;} .spoiler:hover a, .spoiler:active a, .spoiler-shown a {color:#2288CC;} .chat code, .chat .spoiler:hover code, .chat .spoiler:active code, .chat .spoiler-shown code {border:1px solid #C0C0C0;background:#EEEEEE;color:black;padding:0 2px;} .chat .spoiler code {border:1px solid #CCCCCC;background:#CCCCCC;color:#CCCCCC;} .battle-log .rated {padding:3px 4px;} .battle-log .rated strong {color:white;background:#89A;padding:1px 4px;border-radius:4px;} .spacer {margin-top:0.5em;} .message-announce {background:#6688AA;color:white;padding:1px 4px 2px;} .message-announce a, .broadcast-green a, .broadcast-blue a, .broadcast-red a {color:#DDEEFF;} .broadcast-green {background-color:#559955;color:white;padding:2px 4px;} .broadcast-blue {background-color:#6688AA;color:white;padding:2px 4px;} .infobox {border:1px solid #6688AA;padding:2px 4px;} .infobox-limited {max-height:200px;overflow:auto;overflow-x:hidden;} .broadcast-red {background-color:#AA5544;color:white;padding:2px 4px;} .message-learn-canlearn {font-weight:bold;color:#228822;text-decoration:underline;} .message-learn-cannotlearn {font-weight:bold;color:#CC2222;text-decoration:underline;} .message-effect-weak {font-weight:bold;color:#CC2222;} .message-effect-resist {font-weight:bold;color:#6688AA;} .message-effect-immune {font-weight:bold;color:#666666;} .message-learn-list {margin-top:0;margin-bottom:0;} .message-throttle-notice, .message-error {color:#992222;} .message-overflow, .chat small.message-overflow {font-size:0pt;} .message-overflow::before {font-size:9pt;content:'...';} .subtle {color:#3A4A66;}
</style>
<div class="wrapper replay-wrapper" style="max-width:1180px;margin:0 auto">
<input type="hidden" name="replayid" value="lc-479136709" />
<div class="battle"></div><div class="battle-log"></div><div class="replay-controls"></div><div class="replay-controls-2"></div>
<h1 style="font-weight:normal;text-align:center"><strong>LC</strong><br /><a href="http://pokemonshowdown.com/users/ripmdiancie" class="subtle" target="_blank">rip mdiancie</a> vs. <a href="http://pokemonshowdown.com/users/blueskiddowecantoo" class="subtle" target="_blank">BlueSkiddoWeCanToo</a></h1>
<script type="text/plain" class="battle-log-data">|j|rip mdiancie
|j|BlueSkiddoWeCanToo
|player|p1|rip mdiancie|173
|player|p2|BlueSkiddoWeCanToo|96
|gametype|singles
|gen|6
|tier|LC
|seed|41567,47980,7273,26638
|clearpoke
|poke|p1|Timburr, L5, F|item
|poke|p1|Omanyte, L5, M|item
|poke|p1|Drilbur, L5, F|item
|poke|p1|Gastly, L5, F|item
|poke|p1|Pawniard, L5, M|item
|poke|p1|Vullaby, L5, F|item
|poke|p2|Ponyta, L5, F|item
|poke|p2|Cottonee, L5, M|item
|poke|p2|Clamperl, L5, M|item
|poke|p2|Porygon, L5|item
|poke|p2|Meowth, L5, M|item
|poke|p2|Croagunk, L5, F|item
|rule|Sleep Clause Mod: Limit one foe put to sleep
|rule|Species Clause: Limit one of each Pokémon
|rule|OHKO Clause: OHKO moves are banned
|rule|Moody Clause: Moody is banned
|rule|Evasion Moves Clause: Evasion moves are banned
|rule|Endless Battle Clause: Forcing endless battles is banned
|rule|HP Percentage Mod: HP is shown in percentages
|teampreview
|c|★rip mdiancie|hf
|c|★BlueSkiddoWeCanToo|you a well
|c|★BlueSkiddoWeCanToo|as*
|choice|team 1, team 2, team 3, team 4, team 5, team 6|team 5, team 2, team 3, team 4, team 1, team 6
|
|start
|switch|p1a: Timburr|Timburr, L5, F|24\/24
|switch|p2a: Meowth|Meowth, L5, M|19\/19
|turn|1
|choice|move knockoff|switch 6
|
|switch|p2a: Croagunk|Croagunk, L5, F|23\/23
|move|p1a: Timburr|Knock Off|p2a: Croagunk
|-resisted|p2a: Croagunk
|-damage|p2a: Croagunk|20\/23
|-enditem|p2a: Croagunk|Eviolite|[from] move: Knock Off|[of] p1a: Timburr
|
|turn|2
|choice|switch 6|move knockoff
|
|switch|p1a: Vullaby|Vullaby, L5, F|23\/23
|move|p2a: Croagunk|Knock Off|p1a: Vullaby
|-resisted|p1a: Vullaby
|-damage|p1a: Vullaby|21\/23
|-ability|p1a: Vullaby|Weak Armor|boost
|-unboost|p1a: Vullaby|def|1
|-boost|p1a: Vullaby|spe|1
|-enditem|p1a: Vullaby|Eviolite|[from] move: Knock Off|[of] p2a: Croagunk
|
|turn|3
|choice|move nastyplot|switch 5
|
|switch|p2a: Ponyta|Ponyta, L5, F|21\/21
|move|p1a: Vullaby|Nasty Plot|p1a: Vullaby
|-boost|p1a: Vullaby|spa|2
|
|turn|4
|choice|move darkpulse|move willowisp
|
|move|p1a: Vullaby|Dark Pulse|p2a: Ponyta
|-crit|p2a: Ponyta
|-damage|p2a: Ponyta|2\/21
|move|p2a: Ponyta|Will-O-Wisp|p1a: Vullaby
|-status|p1a: Vullaby|brn
|
|-damage|p1a: Vullaby|19\/23 brn|[from] brn
|turn|5
|choice|move darkpulse|move flareblitz
|
|move|p1a: Vullaby|Dark Pulse|p2a: Ponyta
|-damage|p2a: Ponyta|0 fnt
|faint|p2a: Ponyta
|
|-damage|p1a: Vullaby|17\/23 brn|[from] brn
|choice||switch 2
|
|switch|p2a: Cottonee|Cottonee, L5, M|22\/22
|turn|6
|choice|move airslash|move encore
|
|move|p2a: Cottonee|Encore|p1a: Vullaby
|-start|p1a: Vullaby|Encore
|move|p1a: Vullaby|Dark Pulse|p2a: Cottonee
|-resisted|p2a: Cottonee
|-damage|p2a: Cottonee|15\/22
|
|-damage|p1a: Vullaby|15\/23 brn|[from] brn
|turn|7
|choice|switch 4|move gigadrain
|
|switch|p1a: Gastly|Gastly, L5, F|19\/19
|move|p2a: Cottonee|Giga Drain|p1a: Gastly
|-resisted|p1a: Gastly
|-damage|p1a: Gastly|15\/19
|-heal|p2a: Cottonee|17\/22|[from] drain|[of] p1a: Gastly
|
|turn|8
|choice|move sludgebomb|switch 5
|
|switch|p2a: Croagunk|Croagunk, L5, F|20\/23
|move|p1a: Gastly|Sludge Bomb|p2a: Croagunk
|-resisted|p2a: Croagunk
|-damage|p2a: Croagunk|8\/23
|-damage|p1a: Gastly|14\/19|[from] item: Life Orb
|
|turn|9
|choice|move sludgebomb|move knockoff
|
|move|p1a: Gastly|Sludge Bomb|p2a: Croagunk
|-resisted|p2a: Croagunk
|-damage|p2a: Croagunk|0 fnt
|-damage|p1a: Gastly|13\/19|[from] item: Life Orb
|faint|p2a: Croagunk
|
|choice||switch 4
|
|switch|p2a: Porygon|Porygon, L5|26\/26
|-ability|p2a: Porygon|Levitate|[from] ability: Trace|[of] p1a: Gastly
|turn|10
|choice|switch 6|move thunderwave
|
|switch|p1a: Timburr|Timburr, L5, F|24\/24
|move|p2a: Porygon|Thunder Wave|p1a: Timburr
|-status|p1a: Timburr|par
|
|turn|11
|choice|move drainpunch|switch 5
|
|switch|p2a: Cottonee|Cottonee, L5, M|17\/22
|cant|p1a: Timburr|par
|
|turn|12
|choice|switch 5|move knockoff
|
|switch|p1a: Pawniard|Pawniard, L5, M|21\/21
|move|p2a: Cottonee|Knock Off|p1a: Pawniard
|-resisted|p1a: Pawniard
|-damage|p1a: Pawniard|20\/21
|-enditem|p1a: Pawniard|Eviolite|[from] move: Knock Off|[of] p2a: Cottonee
|
|turn|13
|choice|move ironhead|move gigadrain
|
|move|p1a: Pawniard|Iron Head|p2a: Cottonee
|-supereffective|p2a: Cottonee
|-damage|p2a: Cottonee|3\/22
|move|p2a: Cottonee|Giga Drain|p1a: Pawniard
|-resisted|p1a: Pawniard
|-damage|p1a: Pawniard|16\/21
|-heal|p2a: Cottonee|5\/22|[from] drain|[of] p1a: Pawniard
|
|turn|14
|choice|move ironhead|move memento
|
|move|p2a: Cottonee|Memento|p1a: Pawniard
|-unboost|p1a: Pawniard|atk|2
|-ability|p1a: Pawniard|Defiant|boost
|-boost|p1a: Pawniard|atk|2
|-unboost|p1a: Pawniard|spa|2
|-ability|p1a: Pawniard|Defiant|boost
|-boost|p1a: Pawniard|atk|2
|faint|p2a: Cottonee
|move|p1a: Pawniard|Iron Head|p2: Cottonee|[notarget]
|-notarget
|
|c|★BlueSkiddoWeCanToo|tha
|c|★rip mdiancie|xd
|c|★BlueSkiddoWeCanToo|was not what i meant to do
|c|★BlueSkiddoWeCanToo|welp
|c|★rip mdiancie|i guess
|c|★rip mdiancie|gg
|choice||switch 6
|
|switch|p2a: Meowth|Meowth, L5, M|19\/19
|turn|15
|choice|move suckerpunch|move fakeout
|
|move|p2a: Meowth|Fake Out|p1a: Pawniard
|-resisted|p1a: Pawniard
|-damage|p1a: Pawniard|11\/21
|-damage|p2a: Meowth|18\/19|[from] item: Life Orb
|cant|p1a: Pawniard|flinch
|
|turn|16
|choice|move suckerpunch|move waterpulse
|
|move|p1a: Pawniard|Sucker Punch|p2a: Meowth
|-damage|p2a: Meowth|0 fnt
|faint|p2a: Meowth
|
|choice||switch 5
|
|switch|p2a: Porygon|Porygon, L5|26\/26
|-ability|p2a: Porygon|Defiant|[from] ability: Trace|[of] p1a: Pawniard
|turn|17
|choice|move knockoff|move icebeam
|
|move|p1a: Pawniard|Knock Off|p2a: Porygon
|-damage|p2a: Porygon|10\/26
|-enditem|p2a: Porygon|Eviolite|[from] move: Knock Off|[of] p1a: Pawniard
|move|p2a: Porygon|Ice Beam|p1a: Pawniard
|-resisted|p1a: Pawniard
|-damage|p1a: Pawniard|6\/21
|
|turn|18
|choice|move knockoff|move icebeam
|
|move|p1a: Pawniard|Knock Off|p2a: Porygon
|-damage|p2a: Porygon|0 fnt
|faint|p2a: Porygon
|
|choice||switch 3
|
|switch|p2a: Clamperl|Clamperl, L5, M|20\/20
|turn|19
|choice|move knockoff|move shellsmash
|
|move|p1a: Pawniard|Knock Off|p2a: Clamperl
|-damage|p2a: Clamperl|0 fnt
|-enditem|p2a: Clamperl|DeepSeaTooth|[from] move: Knock Off|[of] p1a: Pawniard
|faint|p2a: Clamperl
|
|win|rip mdiancie
|player|p1
|player|p2
|c|★BlueSkiddoWeCanToo|gg
|l|BlueSkiddoWeCanToo</script>
</div>
<div class="battle-log battle-log-inline"><div class="inner"><div class="battle-options"></div><div class="inner"><div class="chat"><small>rip mdiancie joined.</small></div><div class="chat"><small>BlueSkiddoWeCanToo joined.</small></div><div class=""><small>Format:</small> <br><strong>LC</strong></div><div class=""><small><em>Sleep Clause Mod:</em> Limit one foe put to sleep</small></div><div class=""><small><em>Species Clause:</em> Limit one of each Pokémon</small></div><div class=""><small><em>OHKO Clause:</em> OHKO moves are banned</small></div><div class=""><small><em>Moody Clause:</em> Moody is banned</small></div><div class=""><small><em>Evasion Moves Clause:</em> Evasion moves are banned</small></div><div class=""><small><em>Endless Battle Clause:</em> Forcing endless battles is banned</small></div><div class=""><small><em>HP Percentage Mod:</em> HP is shown in percentages</small></div><div class="chat battle-history"><strong>rip mdiancie's team:</strong> <em style="color:#445566;display:block;">Timburr / Omanyte / Drilbur / Gastly / Pawniard / Vullaby</em></div><div class="chat battle-history"><strong>BlueSkiddoWeCanToo's team:</strong> <em style="color:#445566;display:block;">Ponyta / Cottonee / Clamperl / Porygon / Meowth / Croagunk</em></div><div class="chat chatmessage-ripmdiancie"><strong style="color:hsl(1,58%,49.81805331938991%)"><small>★</small><span class="username" data-name="rip mdiancie">rip mdiancie</span>:</strong> <em>hf</em></div><div class="chat chatmessage-blueskiddowecantoo"><strong style="color:hsl(142,89%,33.296797924922835%)"><small>★</small><span class="username" data-name="BlueSkiddoWeCanToo">BlueSkiddoWeCanToo</span>:</strong> <em>you a well</em></div><div class="chat chatmessage-blueskiddowecantoo"><strong style="color:hsl(142,89%,33.296797924922835%)"><small>★</small><span class="username" data-name="BlueSkiddoWeCanToo">BlueSkiddoWeCanToo</span>:</strong> <em>as*</em></div><div class="spacer battle-history"><br></div><div class="battle-history">Battle started between rip mdiancie and BlueSkiddoWeCanToo!<br></div><div class="spacer battle-history"><br></div><div class="battle-history">Go! <strong>Timburr</strong>!<br></div><div class="spacer battle-history"><br></div><div class="battle-history">BlueSkiddoWeCanToo sent out <strong>Meowth</strong>!<br></div><div class="spacer battle-history"><br></div><h2 class="battle-history">Turn 1</h2><div class="spacer battle-history"><br></div><div class="battle-history">BlueSkiddoWeCanToo withdrew Meowth!<br></div><div class="battle-history">BlueSkiddoWeCanToo sent out <strong>Croagunk</strong>!<br></div><div class="spacer battle-history"><br></div><div class="battle-history">Timburr used <strong>Knock Off</strong>!<br></div><div class="battle-history"><small>It's not very effective...</small><br></div><div class="battle-history"><small>(The opposing Croagunk lost <abbr title="−3/23">13.0%</abbr> of its health!)</small><br></div><div class="battle-history"><small>Timburr knocked off the opposing Croagunk's Eviolite!</small><br></div><div class="spacer battle-history"><br></div><h2 class="battle-history">Turn 2</h2><div class="spacer battle-history"><br></div><div class="battle-history">Timburr, come back!<br></div><div class="battle-history">Go! <strong>Vullaby</strong>!<br></div><div class="spacer battle-history"><br></div><div class="battle-history">The opposing Croagunk used <strong>Knock Off</strong>!<br></div><div class="battle-history"><small>It's not very effective...</small><br></div><div class="battle-history"><small>(Vullaby lost <abbr title="−2/23">8.7%</abbr> of its health!)</small><br></div><div class="battle-history"><small>[Vullaby's Weak Armor]</small><br></div><div class="battle-history"><small>Vullaby's Defense fell!</small><br></div><div class="battle-history"><small>Vullaby's Speed rose!</small><br></div><div class="battle-history"><small>The opposing Croagunk knocked off Vullaby's Eviolite!</small><br></div><div class="spacer battle-history"><br></div><h2 class="battle-history">Turn 3</h2><div class="spacer battle-history"><br></div><div class="battle-history">BlueSkiddoWeCanToo withdrew Croagunk!<br></div><div class="battle-history">BlueSkiddoWeCanToo sent out <strong>Ponyta</strong>!<br></div><div class="spacer battle-history"><br></div><div class="battle-history">Vullaby used <strong>Nasty Plot</strong>!<br></div><div class="battle-history"><small>Vullaby's Special Attack rose sharply!</small><br></div><div class="spacer battle-history"><br></div><h2 class="battle-history">Turn 4</h2><div class="spacer battle-history"><br></div><div class="battle-history">Vullaby used <strong>Dark Pulse</strong>!<br></div><div class="battle-history"><small>A critical hit!</small><br></div><div class="battle-history"><small>(The opposing Ponyta lost <abbr title="−19/21">90.5%</abbr> of its health!)</small><br></div><div class="spacer battle-history"><br></div><div class="battle-history">The opposing Ponyta used <strong>Will-O-Wisp</strong>!<br></div><div class="battle-history"><small>Vullaby was burned!</small><br></div><div class="spacer battle-history"><br></div><div class="battle-history"><small>Vullaby was hurt by its burn!</small><br></div><div class="spacer battle-history"><br></div><h2 class="battle-history">Turn 5</h2><div class="spacer battle-history"><br></div><div class="battle-history">Vullaby used <strong>Dark Pulse</strong>!<br></div><div class="battle-history"><small>(The opposing Ponyta lost <abbr title="−2/21">9.5%</abbr> of its health!)</small><br></div><div class="spacer battle-history"><br></div><div class="battle-history">The opposing Ponyta fainted!<br></div><div class="spacer battle-history"><br></div><div class="battle-history"><small>Vullaby was hurt by its burn!</small><br></div><div class="spacer battle-history"><br></div><div class="battle-history">BlueSkiddoWeCanToo sent out <strong>Cottonee</strong>!<br></div><div class="spacer battle-history"><br></div><h2 class="battle-history">Turn 6</h2><div class="spacer battle-history"><br></div><div class="battle-history">The opposing Cottonee used <strong>Encore</strong>!<br></div><div class="battle-history"><small>Vullaby received an encore!</small><br></div><div class="spacer battle-history"><br></div><div class="battle-history">Vullaby used <strong>Dark Pulse</strong>!<br></div><div class="battle-history"><small>It's not very effective...</small><br></div><div class="battle-history"><small>(The opposing Cottonee lost <abbr title="−7/22">31.8%</abbr> of its health!)</small><br></div><div class="spacer battle-history"><br></div><div class="battle-history"><small>Vullaby was hurt by its burn!</small><br></div><div class="spacer battle-history"><br></div><h2 class="battle-history">Turn 7</h2><div class="spacer battle-history"><br></div><div class="battle-history">Vullaby, come back!<br></div><div class="battle-history">Go! <strong>Gastly</strong>!<br></div><div class="spacer battle-history"><br></div><div class="battle-history">The opposing Cottonee used <strong>Giga Drain</strong>!<br></div><div class="battle-history"><small>It's not very effective...</small><br></div><div class="battle-history"><small>(Gastly lost <abbr title="−4/19">21.1%</abbr> of its health!)</small><br></div><div class="battle-history"><small>Gastly had its energy drained!</small><br></div><div class="spacer battle-history"><br></div><h2 class="battle-history">Turn 8</h2><div class="spacer battle-history"><br></div><div class="battle-history">BlueSkiddoWeCanToo withdrew Cottonee!<br></div><div class="battle-history">BlueSkiddoWeCanToo sent out <strong>Croagunk</strong>!<br></div><div class="spacer battle-history"><br></div><div class="battle-history">Gastly used <strong>Sludge Bomb</strong>!<br></div><div class="battle-history"><small>It's not very effective...</small><br></div><div class="battle-history"><small>(The opposing Croagunk lost <abbr title="−12/23">52.2%</abbr> of its health!)</small><br></div><div class="battle-history"><small>Gastly lost some of its HP!</small><br></div><div class="spacer battle-history"><br></div><h2 class="battle-history">Turn 9</h2><div class="spacer battle-history"><br></div><div class="battle-history">Gastly used <strong>Sludge Bomb</strong>!<br></div><div class="battle-history"><small>It's not very effective...</small><br></div><div class="battle-history"><small>(The opposing Croagunk lost <abbr title="−8/23">34.8%</abbr> of its health!)</small><br></div><div class="battle-history"><small>Gastly lost some of its HP!</small><br></div><div class="spacer battle-history"><br></div><div class="battle-history">The opposing Croagunk fainted!<br></div><div class="spacer battle-history"><br></div><div class="battle-history">BlueSkiddoWeCanToo sent out <strong>Porygon</strong>!<br></div><div class="battle-history"><small>[The opposing Porygon's Trace]</small><br><small>[The opposing Porygon's Levitate]</small><br><small>The opposing Porygon traced Gastly's Levitate!</small><br></div><div class="spacer battle-history"><br></div><h2 class="battle-history">Turn 10</h2><div class="spacer battle-history"><br></div><div class="battle-history">Gastly, come back!<br></div><div class="battle-history">Go! <strong>Timburr</strong>!<br></div><div class="spacer battle-history"><br></div><div class="battle-history">The opposing Porygon used <strong>Thunder Wave</strong>!<br></div><div class="battle-history"><small>Timburr is paralyzed! It may be unable to move!</small><br></div><div class="spacer battle-history"><br></div><h2 class="battle-history">Turn 11</h2><div class="spacer battle-history"><br></div><div class="battle-history">BlueSkiddoWeCanToo withdrew Porygon!<br></div><div class="battle-history">BlueSkiddoWeCanToo sent out <strong>Cottonee</strong>!<br></div><div class="spacer battle-history"><br></div><div class="battle-history">Timburr is paralyzed! It can't move!<br></div><div class="spacer battle-history"><br></div><h2 class="battle-history">Turn 12</h2><div class="spacer battle-history"><br></div><div class="battle-history">Timburr, come back!<br></div><div class="battle-history">Go! <strong>Pawniard</strong>!<br></div><div class="spacer battle-history"><br></div><div class="battle-history">The opposing Cottonee used <strong>Knock Off</strong>!<br></div><div class="battle-history"><small>It's not very effective...</small><br></div><div class="battle-history"><small>(Pawniard lost <abbr title="−1/21">4.8%</abbr> of its health!)</small><br></div><div class="battle-history"><small>The opposing Cottonee knocked off Pawniard's Eviolite!</small><br></div><div class="spacer battle-history"><br></div><h2 class="battle-history">Turn 13</h2><div class="spacer battle-history"><br></div><div class="battle-history">Pawniard used <strong>Iron Head</strong>!<br></div><div class="battle-history"><small>It's super effective!</small><br></div><div class="battle-history"><small>(The opposing Cottonee lost <abbr title="−14/22">63.6%</abbr> of its health!)</small><br></div><div class="spacer battle-history"><br></div><div class="battle-history">The opposing Cottonee used <strong>Giga Drain</strong>!<br></div><div class="battle-history"><small>It's not very effective...</small><br></div><div class="battle-history"><small>(Pawniard lost <abbr title="−4/21">19.0%</abbr> of its health!)</small><br></div><div class="battle-history"><small>Pawniard had its energy drained!</small><br></div><div class="spacer battle-history"><br></div><h2 class="battle-history">Turn 14</h2><div class="spacer battle-history"><br></div><div class="battle-history">The opposing Cottonee used <strong>Memento</strong>!<br></div><div class="battle-history"><small>Pawniard's Attack fell harshly!</small><br></div><div class="battle-history"><small>[Pawniard's Defiant]</small><br></div><div class="battle-history"><small>Pawniard's Attack rose sharply!</small><br></div><div class="battle-history"><small>Pawniard's Special Attack fell harshly!</small><br></div><div class="battle-history"><small>[Pawniard's Defiant]</small><br></div><div class="battle-history"><small>Pawniard's Attack rose sharply!</small><br></div><div class="spacer battle-history"><br></div><div class="battle-history">The opposing Cottonee fainted!<br></div><div class="battle-history">Pawniard used <strong>Iron Head</strong>!<br></div><div class="battle-history"><small>But there was no target...</small><br></div><div class="chat chatmessage-blueskiddowecantoo"><strong style="color:hsl(142,89%,33.296797924922835%)"><small>★</small><span class="username" data-name="BlueSkiddoWeCanToo">BlueSkiddoWeCanToo</span>:</strong> <em>tha</em></div><div class="chat chatmessage-ripmdiancie"><strong style="color:hsl(1,58%,49.81805331938991%)"><small>★</small><span class="username" data-name="rip mdiancie">rip mdiancie</span>:</strong> <em>xd</em></div><div class="chat chatmessage-blueskiddowecantoo"><strong style="color:hsl(142,89%,33.296797924922835%)"><small>★</small><span class="username" data-name="BlueSkiddoWeCanToo">BlueSkiddoWeCanToo</span>:</strong> <em>was not what i meant to do</em></div><div class="chat chatmessage-blueskiddowecantoo"><strong style="color:hsl(142,89%,33.296797924922835%)"><small>★</small><span class="username" data-name="BlueSkiddoWeCanToo">BlueSkiddoWeCanToo</span>:</strong> <em>welp</em></div><div class="chat chatmessage-ripmdiancie"><strong style="color:hsl(1,58%,49.81805331938991%)"><small>★</small><span class="username" data-name="rip mdiancie">rip mdiancie</span>:</strong> <em>i guess</em></div><div class="chat chatmessage-ripmdiancie"><strong style="color:hsl(1,58%,49.81805331938991%)"><small>★</small><span class="username" data-name="rip mdiancie">rip mdiancie</span>:</strong> <em>gg</em></div><div class="spacer battle-history"><br></div><div class="battle-history">BlueSkiddoWeCanToo sent out <strong>Meowth</strong>!<br></div><div class="spacer battle-history"><br></div><h2 class="battle-history">Turn 15</h2><div class="spacer battle-history"><br></div><div class="battle-history">The opposing Meowth used <strong>Fake Out</strong>!<br></div><div class="battle-history"><small>It's not very effective...</small><br></div><div class="battle-history"><small>(Pawniard lost <abbr title="−5/21">23.8%</abbr> of its health!)</small><br></div><div class="battle-history"><small>The opposing Meowth lost some of its HP!</small><br></div><div class="spacer battle-history"><br></div><div class="battle-history">Pawniard flinched and couldn't move!<br></div><div class="spacer battle-history"><br></div><h2 class="battle-history">Turn 16</h2><div class="spacer battle-history"><br></div><div class="battle-history">Pawniard used <strong>Sucker Punch</strong>!<br></div><div class="battle-history"><small>(The opposing Meowth lost <abbr title="−18/19">94.7%</abbr> of its health!)</small><br></div><div class="spacer battle-history"><br></div><div class="battle-history">The opposing Meowth fainted!<br></div><div class="spacer battle-history"><br></div><div class="battle-history">BlueSkiddoWeCanToo sent out <strong>Porygon</strong>!<br></div><div class="battle-history"><small>[The opposing Porygon's Trace]</small><br><small>[The opposing Porygon's Defiant]</small><br><small>The opposing Porygon traced Pawniard's Defiant!</small><br></div><div class="spacer battle-history"><br></div><h2 class="battle-history">Turn 17</h2><div class="spacer battle-history"><br></div><div class="battle-history">Pawniard used <strong>Knock Off</strong>!<br></div><div class="battle-history"><small>(The opposing Porygon lost <abbr title="−16/26">61.5%</abbr> of its health!)</small><br></div><div class="battle-history"><small>Pawniard knocked off the opposing Porygon's Eviolite!</small><br></div><div class="spacer battle-history"><br></div><div class="battle-history">The opposing Porygon used <strong>Ice Beam</strong>!<br></div><div class="battle-history"><small>It's not very effective...</small><br></div><div class="battle-history"><small>(Pawniard lost <abbr title="−5/21">23.8%</abbr> of its health!)</small><br></div><div class="spacer battle-history"><br></div><h2 class="battle-history">Turn 18</h2><div class="spacer battle-history"><br></div><div class="battle-history">Pawniard used <strong>Knock Off</strong>!<br></div><div class="battle-history"><small>(The opposing Porygon lost <abbr title="−10/26">38.5%</abbr> of its health!)</small><br></div><div class="spacer battle-history"><br></div><div class="battle-history">The opposing Porygon fainted!<br></div><div class="spacer battle-history"><br></div><div class="battle-history">BlueSkiddoWeCanToo sent out <strong>Clamperl</strong>!<br></div><div class="spacer battle-history"><br></div><h2 class="battle-history">Turn 19</h2><div class="spacer battle-history"><br></div><div class="battle-history">Pawniard used <strong>Knock Off</strong>!<br></div><div class="battle-history"><small>(The opposing Clamperl lost <abbr title="−20/20">100%</abbr> of its health!)</small><br></div><div class="battle-history"><small>Pawniard knocked off the opposing Clamperl's DeepSeaTooth!</small><br></div><div class="spacer battle-history"><br></div><div class="battle-history">The opposing Clamperl fainted!<br></div><div class="spacer battle-history"><br></div><div class="battle-history"><strong>rip mdiancie</strong> won the battle!<br></div><div class="chat chatmessage-blueskiddowecantoo"><strong style="color:hsl(142,89%,33.296797924922835%)"><small>★</small><span class="username" data-name="BlueSkiddoWeCanToo">BlueSkiddoWeCanToo</span>:</strong> <em>gg</em></div><div class="chat"><small>BlueSkiddoWeCanToo left.</small></div></div><div class="inner-preempt"></div></div></div>
</div>
<script>
let daily = Math.floor(Date.now()/1000/60/60/24);document.write('<script src="https://play.pokemonshowdown.com/js/replay-embed.js?version'+daily+'"></'+'script>');
</script>
