<!DOCTYPE html>
<meta charset="utf-8" />
<!-- version 1 -->
<title>LC replay: Aestroa vs. VQP</title>
<style>
html,body {font-family:Verdana, sans-serif;font-size:10pt;margin:0;padding:0;}body{padding:12px 0;} .battle-log {font-family:Verdana, sans-serif;font-size:10pt;} .battle-log-inline {border:1px solid #AAAAAA;background:#EEF2F5;color:black;max-width:640px;margin:0 auto 80px;padding-bottom:5px;} .battle-log .inner {padding:4px 8px 0px 8px;} .battle-log .inner-preempt {padding:0 8px 4px 8px;} .battle-log .inner-after {margin-top:0.5em;} .battle-log h2 {margin:0.5em -8px;padding:4px 8px;border:1px solid #AAAAAA;background:#E0E7EA;border-left:0;border-right:0;font-family:Verdana, sans-serif;font-size:13pt;} .battle-log .chat {vertical-align:middle;padding:3px 0 3px 0;font-size:8pt;} .battle-log .chat strong {color:#40576A;} .battle-log .chat em {padding:1px 4px 1px 3px;color:#000000;font-style:normal;} .chat.mine {background:rgba(0,0,0,0.05);margin-left:-8px;margin-right:-8px;padding-left:8px;padding-right:8px;} .spoiler {color:#BBBBBB;background:#BBBBBB;padding:0px 3px;} .spoiler:hover, .spoiler:active, .spoiler-shown {color:#000000;background:#E2E2E2;padding:0px 3px;} .spoiler a {color:#BBBBBB;} .spoiler:hover a, .spoiler:active a, .spoiler-shown a {color:#2288CC;} .chat code, .chat .spoiler:hover code, .chat .spoiler:active code, .chat .spoiler-shown code {border:1px solid #C0C0C0;background:#EEEEEE;color:black;padding:0 2px;} .chat .spoiler code {border:1px solid #CCCCCC;background:#CCCCCC;color:#CCCCCC;} .battle-log .rated {padding:3px 4px;} .battle-log .rated strong {color:white;background:#89A;padding:1px 4px;border-radius:4px;} .spacer {margin-top:0.5em;} .message-announce {background:#6688AA;color:white;padding:1px 4px 2px;} .message-announce a, .broadcast-green a, .broadcast-blue a, .broadcast-red a {color:#DDEEFF;} .broadcast-green {background-color:#559955;color:white;padding:2px 4px;} .broadcast-blue {background-color:#6688AA;color:white;padding:2px 4px;} .infobox {border:1px solid #6688AA;padding:2px 4px;} .infobox-limited {max-height:200px;overflow:auto;overflow-x:hidden;} .broadcast-red {background-color:#AA5544;color:white;padding:2px 4px;} .message-learn-canlearn {font-weight:bold;color:#228822;text-decoration:underline;} .message-learn-cannotlearn {font-weight:bold;color:#CC2222;text-decoration:underline;} .message-effect-weak {font-weight:bold;color:#CC2222;} .message-effect-resist {font-weight:bold;color:#6688AA;} .message-effect-immune {font-weight:bold;color:#666666;} .message-learn-list {margin-top:0;margin-bottom:0;} .message-throttle-notice, .message-error {color:#992222;} .message-overflow, .chat small.message-overflow {font-size:0pt;} .message-overflow::before {font-size:9pt;content:'...';} .subtle {color:#3A4A66;}
</style>
<div class="wrapper replay-wrapper" style="max-width:1180px;margin:0 auto">
<input type="hidden" name="replayid" value="lc-479103774" />
<div class="battle"></div><div class="battle-log"></div><div class="replay-controls"></div><div class="replay-controls-2"></div>
<h1 style="font-weight:normal;text-align:center"><strong>LC</strong><br /><a href="http://pokemonshowdown.com/users/aestroa" class="subtle" target="_blank">Aestroa</a> vs. <a href="http://pokemonshowdown.com/users/vqp" class="subtle" target="_blank">VQP</a></h1>
<script type="text/plain" class="battle-log-data">|j|Aestroa
|j|VQP
|player|p1|Aestroa|8
|player|p2|VQP|293
|gametype|singles
|gen|6
|tier|LC
|rated
|seed|57080,2009,52075,36323
|clearpoke
|poke|p1|Clamperl, L5, F|item
|poke|p1|Foongus, L5, M, shiny|item
|poke|p1|Elekid, L5, M|item
|poke|p1|Ponyta, L5, M, shiny|item
|poke|p1|Snubbull, L5, M|item
|poke|p1|Phanpy, L5, M|
|poke|p2|Gastly, L5, M, shiny|item
|poke|p2|Onix, L5, M|item
|poke|p2|Abra, L5, M, shiny|item
|poke|p2|Tyrunt, L5, F|item
|poke|p2|Porygon, L5|item
|poke|p2|Geodude, L5, F|
|rule|Sleep Clause Mod: Limit one foe put to sleep
|rule|Species Clause: Limit one of each Pokémon
|rule|OHKO Clause: OHKO moves are banned
|rule|Moody Clause: Moody is banned
|rule|Evasion Moves Clause: Evasion moves are banned
|rule|Endless Battle Clause: Forcing endless battles is banned
|rule|HP Percentage Mod: HP is shown in percentages
|teampreview
|choice|team 1, team 2, team 3, team 4, team 5, team 6|team 6, team 2, team 3, team 4, team 5, team 1
|
|start
|switch|p1a: Dent2LaMer|Clamperl, L5, F|20\/20
|switch|p2a: Geodude|Geodude, L5, F|20\/20
|turn|1
|choice|move shellsmash|move rockblast
|
|move|p1a: Dent2LaMer|Shell Smash|p1a: Dent2LaMer
|-unboost|p1a: Dent2LaMer|def|1
|-unboost|p1a: Dent2LaMer|spd|1
|-boost|p1a: Dent2LaMer|atk|2
|-boost|p1a: Dent2LaMer|spa|2
|-boost|p1a: Dent2LaMer|spe|2
|move|p2a: Geodude|Rock Blast|p1a: Dent2LaMer
|-damage|p1a: Dent2LaMer|14\/20
|-damage|p1a: Dent2LaMer|8\/20
|-hitcount|p1a: Dent2LaMer|2
|
|turn|2
|choice|move surf|move rockblast
|
|move|p1a: Dent2LaMer|Surf|p2a: Geodude
|-supereffective|p2a: Geodude
|-damage|p2a: Geodude|0 fnt
|faint|p2a: Geodude
|
|choice||switch 6
|
|switch|p2a: Gastly|Gastly, L5, M, shiny|19\/19
|turn|3
|choice|move surf|move hypnosis
|
|move|p1a: Dent2LaMer|Surf|p2a: Gastly
|-damage|p2a: Gastly|0 fnt
|faint|p2a: Gastly
|
|choice||switch 4
|
|switch|p2a: Tyrunt|Tyrunt, L5, F|22\/22
|turn|4
|choice|move surf|move superpower
|
|move|p1a: Dent2LaMer|Surf|p2a: Tyrunt
|-ability|p2a: Tyrunt|Sturdy
|-damage|p2a: Tyrunt|1\/22
|move|p2a: Tyrunt|Superpower|p1a: Dent2LaMer
|-damage|p1a: Dent2LaMer|0 fnt
|-unboost|p2a: Tyrunt|atk|1
|-unboost|p2a: Tyrunt|def|1
|faint|p1a: Dent2LaMer
|
|choice|switch 6|
|
|switch|p1a: Dimbo|Phanpy, L5, M|27\/27
|turn|5
|choice|move knockoff|move superpower
|
|move|p2a: Tyrunt|Superpower|p1a: Dimbo
|-damage|p1a: Dimbo|19\/27
|-unboost|p2a: Tyrunt|atk|1
|-unboost|p2a: Tyrunt|def|1
|move|p1a: Dimbo|Knock Off|p2a: Tyrunt
|-damage|p2a: Tyrunt|0 fnt
|-enditem|p2a: Tyrunt|Draco Plate|[from] move: Knock Off|[of] p1a: Dimbo
|faint|p2a: Tyrunt
|
|choice||switch 5
|
|switch|p2a: Porygon|Porygon, L5|23\/23
|-ability|p2a: Porygon|Download|boost
|-boost|p2a: Porygon|spa|1
|turn|6
|choice|move iceshard|move thunderwave
|
|move|p1a: Dimbo|Ice Shard|p2a: Porygon
|-damage|p2a: Porygon|20\/23
|move|p2a: Porygon|Thunder Wave|p1a: Dimbo
|-immune|p1a: Dimbo|[msg]
|
|turn|7
|choice|move knockoff|move psychic
|
|move|p1a: Dimbo|Knock Off|p2a: Porygon
|-damage|p2a: Porygon|13\/23
|-enditem|p2a: Porygon|Eviolite|[from] move: Knock Off|[of] p1a: Dimbo
|move|p2a: Porygon|Psychic|p1a: Dimbo
|-damage|p1a: Dimbo|6\/27
|
|turn|8
|choice|move knockoff|move recover
|
|move|p1a: Dimbo|Knock Off|p2a: Porygon
|-damage|p2a: Porygon|7\/23
|move|p2a: Porygon|Recover|p2a: Porygon
|-heal|p2a: Porygon|19\/23
|
|turn|9
|choice|move knockoff|move psychic
|
|move|p1a: Dimbo|Knock Off|p2a: Porygon
|-damage|p2a: Porygon|13\/23
|move|p2a: Porygon|Psychic|p1a: Dimbo
|-damage|p1a: Dimbo|0 fnt
|faint|p1a: Dimbo
|
|choice|switch 5|
|
|switch|p1a: CandyCrush|Snubbull, L5, M|23\/23
|-ability|p1a: CandyCrush|Intimidate|boost
|-unboost|p2a: Porygon|atk|1
|turn|10
|choice|move playrough|move thunderwave
|
|move|p1a: CandyCrush|Play Rough|p2a: Porygon
|-damage|p2a: Porygon|1\/23
|move|p2a: Porygon|Thunder Wave|p1a: CandyCrush
|-status|p1a: CandyCrush|par
|
|turn|11
|choice|move hiddenpower|move recover
|
|move|p2a: Porygon|Recover|p2a: Porygon
|-heal|p2a: Porygon|13\/23
|cant|p1a: CandyCrush|par
|
|turn|12
|choice|move playrough|move triattack
|
|move|p2a: Porygon|Tri Attack|p1a: CandyCrush
|-damage|p1a: CandyCrush|7\/23 par
|-enditem|p1a: CandyCrush|Berry Juice
|-heal|p1a: CandyCrush|23\/23 par|[from] item: Berry Juice
|cant|p1a: CandyCrush|par
|
|turn|13
|choice|move playrough|move triattack
|
|move|p2a: Porygon|Tri Attack|p1a: CandyCrush
|-damage|p1a: CandyCrush|7\/23 par
|move|p1a: CandyCrush|Play Rough|p2a: Porygon
|-damage|p2a: Porygon|1\/23
|
|turn|14
|choice|move hiddenpower|move psychic
|
|move|p2a: Porygon|Psychic|p1a: CandyCrush
|-damage|p1a: CandyCrush|0 fnt
|faint|p1a: CandyCrush
|
|choice|switch 3|
|
|switch|p1a: The Kid|Elekid, L5, M|21\/21
|turn|15
|choice|move hiddenpower|move psychic
|
|move|p1a: The Kid|Hidden Power|p2a: Porygon
|-supereffective|p2a: Porygon
|-damage|p2a: Porygon|0 fnt
|-damage|p1a: The Kid|19\/21|[from] item: Life Orb
|faint|p2a: Porygon
|
|choice||switch 2
|
|switch|p2a: Onix|Onix, L5, M|20\/20
|turn|16
|choice|switch 2|move earthquake
|
|switch|p1a: Anti-Fée|Foongus, L5, M, shiny|25\/25
|move|p2a: Onix|Earthquake|p1a: Anti-Fée
|-damage|p1a: Anti-Fée|15\/25
|
|turn|17
|c|★VQP|!weak foongus
|html|<div class="infobox">Foongus (ignoring abilities):<br><span class="message-effect-weak">Weaknesses<\/span>: Fire, Flying, Ice, Psychic<br><span class="message-effect-resist">Resistances<\/span>: Electric, Fairy, Fighting, <b>Grass<\/b>, Water<br><span class="message-effect-immune">Immunities<\/span>: <font color=#999999>None<\/font><\/div>
|choice|move gigadrain|move earthquake
|
|move|p2a: Onix|Earthquake|p1a: Anti-Fée
|-damage|p1a: Anti-Fée|6\/25
|move|p1a: Anti-Fée|Giga Drain|p2a: Onix
|-supereffective|p2a: Onix
|-crit|p2a: Onix
|-damage|p2a: Onix|0 fnt
|-heal|p1a: Anti-Fée|16\/25|[from] drain|[of] p2a: Onix
|faint|p2a: Onix
|
|choice||switch 3
|
|switch|p2a: Abra|Abra, L5, M, shiny|19\/19
|turn|18
|choice|move sludgebomb|move return
|
|move|p2a: Abra|Return|p1a: Anti-Fée
|-damage|p1a: Anti-Fée|12\/25
|move|p1a: Anti-Fée|Sludge Bomb|p2a: Abra
|-damage|p2a: Abra|10\/19
|-status|p2a: Abra|psn
|
|turn|19
|choice|move sludgebomb|move psychic
|
|move|p2a: Abra|Psychic|p1a: Anti-Fée
|-supereffective|p1a: Anti-Fée
|-damage|p1a: Anti-Fée|0 fnt
|faint|p1a: Anti-Fée
|
|choice|switch 2|
|
|switch|p1a: The Kid|Elekid, L5, M|19\/21
|turn|20
|choice|move thunderbolt|move return
|
|move|p1a: The Kid|Thunderbolt|p2a: Abra
|-damage|p2a: Abra|0 fnt
|-damage|p1a: The Kid|17\/21|[from] item: Life Orb
|faint|p2a: Abra
|
|win|Aestroa
|player|p1
|player|p2</script>
</div>
<div class="battle-log battle-log-inline"><div class="inner"><div class="battle-options"></div><div class="inner"><div class="chat"><small>Aestroa joined.</small></div><div class="chat"><small>VQP joined.</small></div><div class=""><small>Format:</small> <br><strong>LC</strong></div><div class="rated"><strong>Rated battle</strong></div><div class=""><small><em>Sleep Clause Mod:</em> Limit one foe put to sleep</small></div><div class=""><small><em>Species Clause:</em> Limit one of each Pokémon</small></div><div class=""><small><em>OHKO Clause:</em> OHKO moves are banned</small></div><div class=""><small><em>Moody Clause:</em> Moody is banned</small></div><div class=""><small><em>Evasion Moves Clause:</em> Evasion moves are banned</small></div><div class=""><small><em>Endless Battle Clause:</em> Forcing endless battles is banned</small></div><div class=""><small><em>HP Percentage Mod:</em> HP is shown in percentages</small></div><div class="chat battle-history"><strong>Aestroa's team:</strong> <em style="color:#445566;display:block;">Clamperl / Foongus / Elekid / Ponyta / Snubbull / Phanpy</em></div><div class="chat battle-history"><strong>VQP's team:</strong> <em style="color:#445566;display:block;">Gastly / Onix / Abra / Tyrunt / Porygon / Geodude</em></div><div class="spacer battle-history"><br></div><div class="battle-history">Battle started between Aestroa and VQP!<br></div><div class="spacer battle-history"><br></div><div class="battle-history">Go! Dent2LaMer (<strong>Clamperl</strong>)!<br></div><div class="spacer battle-history"><br></div><div class="battle-history">VQP sent out <strong>Geodude</strong>!<br></div><div class="spacer battle-history"><br></div><h2 class="battle-history">Turn 1</h2><div class="spacer battle-history"><br></div><div class="battle-history">Dent2LaMer used <strong>Shell Smash</strong>!<br></div><div class="battle-history"><small>Dent2LaMer's Defense fell!</small><br></div><div class="battle-history"><small>Dent2LaMer's Special Defense fell!</small><br></div><div class="battle-history"><small>Dent2LaMer's Attack rose sharply!</small><br></div><div class="battle-history"><small>Dent2LaMer's Special Attack rose sharply!</small><br></div><div class="battle-history"><small>Dent2LaMer's Speed rose sharply!</small><br></div><div class="spacer battle-history"><br></div><div class="battle-history">The opposing Geodude used <strong>Rock Blast</strong>!<br></div><div class="battle-history"><small>(Dent2LaMer lost <abbr title="−6/20">30%</abbr> of its health!)</small><br></div><div class="battle-history"><small>(Dent2LaMer lost <abbr title="−6/20">30%</abbr> of its health!)</small><br></div><div class="battle-history"><small>Hit 2 times!</small><br></div><div class="spacer battle-history"><br></div><h2 class="battle-history">Turn 2</h2><div class="spacer battle-history"><br></div><div class="battle-history">Dent2LaMer used <strong>Surf</strong>!<br></div><div class="battle-history"><small>It's super effective!</small><br></div><div class="battle-history"><small>(The opposing Geodude lost <abbr title="−20/20">100%</abbr> of its health!)</small><br></div><div class="spacer battle-history"><br></div><div class="battle-history">The opposing Geodude fainted!<br></div><div class="spacer battle-history"><br></div><div class="battle-history">VQP sent out <strong>Gastly</strong>!<br></div><div class="spacer battle-history"><br></div><h2 class="battle-history">Turn 3</h2><div class="spacer battle-history"><br></div><div class="battle-history">Dent2LaMer used <strong>Surf</strong>!<br></div><div class="battle-history"><small>(The opposing Gastly lost <abbr title="−19/19">100%</abbr> of its health!)</small><br></div><div class="spacer battle-history"><br></div><div class="battle-history">The opposing Gastly fainted!<br></div><div class="spacer battle-history"><br></div><div class="battle-history">VQP sent out <strong>Tyrunt</strong>!<br></div><div class="spacer battle-history"><br></div><h2 class="battle-history">Turn 4</h2><div class="spacer battle-history"><br></div><div class="battle-history">Dent2LaMer used <strong>Surf</strong>!<br></div><div class="battle-history"><small>[The opposing Tyrunt's Sturdy]</small><br><small>The opposing Tyrunt endured the hit!</small><br></div><div class="battle-history"><small>(The opposing Tyrunt lost <abbr title="−21/22">95.5%</abbr> of its health!)</small><br></div><div class="spacer battle-history"><br></div><div class="battle-history">The opposing Tyrunt used <strong>Superpower</strong>!<br></div><div class="battle-history"><small>(Dent2LaMer lost <abbr title="−8/20">40%</abbr> of its health!)</small><br></div><div class="battle-history"><small>The opposing Tyrunt's Attack fell!</small><br></div><div class="battle-history"><small>The opposing Tyrunt's Defense fell!</small><br></div><div class="spacer battle-history"><br></div><div class="battle-history">Dent2LaMer fainted!<br></div><div class="spacer battle-history"><br></div><div class="battle-history">Go! Dimbo (<strong>Phanpy</strong>)!<br></div><div class="spacer battle-history"><br></div><h2 class="battle-history">Turn 5</h2><div class="spacer battle-history"><br></div><div class="battle-history">The opposing Tyrunt used <strong>Superpower</strong>!<br></div><div class="battle-history"><small>(Dimbo lost <abbr title="−8/27">29.6%</abbr> of its health!)</small><br></div><div class="battle-history"><small>The opposing Tyrunt's Attack fell!</small><br></div><div class="battle-history"><small>The opposing Tyrunt's Defense fell!</small><br></div><div class="spacer battle-history"><br></div><div class="battle-history">Dimbo used <strong>Knock Off</strong>!<br></div><div class="battle-history"><small>(The opposing Tyrunt lost <abbr title="−1/22">4.5%</abbr> of its health!)</small><br></div><div class="battle-history"><small>Dimbo knocked off the opposing Tyrunt's Draco Plate!</small><br></div><div class="spacer battle-history"><br></div><div class="battle-history">The opposing Tyrunt fainted!<br></div><div class="spacer battle-history"><br></div><div class="battle-history">VQP sent out <strong>Porygon</strong>!<br></div><div class="battle-history"><small>[The opposing Porygon's Download]</small><br></div><div class="battle-history"><small>The opposing Porygon's Special Attack rose!</small><br></div><div class="spacer battle-history"><br></div><h2 class="battle-history">Turn 6</h2><div class="spacer battle-history"><br></div><div class="battle-history">Dimbo used <strong>Ice Shard</strong>!<br></div><div class="battle-history"><small>(The opposing Porygon lost <abbr title="−3/23">13.0%</abbr> of its health!)</small><br></div><div class="spacer battle-history"><br></div><div class="battle-history">The opposing Porygon used <strong>Thunder Wave</strong>!<br></div><div class="battle-history"><small>It doesn't affect Dimbo...</small><br></div><div class="spacer battle-history"><br></div><h2 class="battle-history">Turn 7</h2><div class="spacer battle-history"><br></div><div class="battle-history">Dimbo used <strong>Knock Off</strong>!<br></div><div class="battle-history"><small>(The opposing Porygon lost <abbr title="−7/23">30.4%</abbr> of its health!)</small><br></div><div class="battle-history"><small>Dimbo knocked off the opposing Porygon's Eviolite!</small><br></div><div class="spacer battle-history"><br></div><div class="battle-history">The opposing Porygon used <strong>Psychic</strong>!<br></div><div class="battle-history"><small>(Dimbo lost <abbr title="−13/27">48.1%</abbr> of its health!)</small><br></div><div class="spacer battle-history"><br></div><h2 class="battle-history">Turn 8</h2><div class="spacer battle-history"><br></div><div class="battle-history">Dimbo used <strong>Knock Off</strong>!<br></div><div class="battle-history"><small>(The opposing Porygon lost <abbr title="−6/23">26.1%</abbr> of its health!)</small><br></div><div class="spacer battle-history"><br></div><div class="battle-history">The opposing Porygon used <strong>Recover</strong>!<br></div><div class="battle-history"><small>The opposing Porygon restored its HP.</small><br></div><div class="spacer battle-history"><br></div><h2 class="battle-history">Turn 9</h2><div class="spacer battle-history"><br></div><div class="battle-history">Dimbo used <strong>Knock Off</strong>!<br></div><div class="battle-history"><small>(The opposing Porygon lost <abbr title="−6/23">26.1%</abbr> of its health!)</small><br></div><div class="spacer battle-history"><br></div><div class="battle-history">The opposing Porygon used <strong>Psychic</strong>!<br></div><div class="battle-history"><small>(Dimbo lost <abbr title="−6/27">22.2%</abbr> of its health!)</small><br></div><div class="spacer battle-history"><br></div><div class="battle-history">Dimbo fainted!<br></div><div class="spacer battle-history"><br></div><div class="battle-history">Go! CandyCrush (<strong>Snubbull</strong>)!<br></div><div class="battle-history"><small>[CandyCrush's Intimidate]</small><br></div><div class="battle-history"><small>The opposing Porygon's Attack fell!</small><br></div><div class="spacer battle-history"><br></div><h2 class="battle-history">Turn 10</h2><div class="spacer battle-history"><br></div><div class="battle-history">CandyCrush used <strong>Play Rough</strong>!<br></div><div class="battle-history"><small>(The opposing Porygon lost <abbr title="−12/23">52.2%</abbr> of its health!)</small><br></div><div class="spacer battle-history"><br></div><div class="battle-history">The opposing Porygon used <strong>Thunder Wave</strong>!<br></div><div class="battle-history"><small>CandyCrush is paralyzed! It may be unable to move!</small><br></div><div class="spacer battle-history"><br></div><h2 class="battle-history">Turn 11</h2><div class="spacer battle-history"><br></div><div class="battle-history">The opposing Porygon used <strong>Recover</strong>!<br></div><div class="battle-history"><small>The opposing Porygon restored its HP.</small><br></div><div class="spacer battle-history"><br></div><div class="battle-history">CandyCrush is paralyzed! It can't move!<br></div><div class="spacer battle-history"><br></div><h2 class="battle-history">Turn 12</h2><div class="spacer battle-history"><br></div><div class="battle-history">The opposing Porygon used <strong>Tri Attack</strong>!<br></div><div class="battle-history"><small>(CandyCrush lost <abbr title="−16/23">69.6%</abbr> of its health!)</small><br></div><div class="battle-history"><small>(CandyCrush used its Berry Juice!)</small><br></div><div class="battle-history"><small>CandyCrush restored HP using its Berry Juice!</small><br></div><div class="spacer battle-history"><br></div><div class="battle-history">CandyCrush is paralyzed! It can't move!<br></div><div class="spacer battle-history"><br></div><h2 class="battle-history">Turn 13</h2><div class="spacer battle-history"><br></div><div class="battle-history">The opposing Porygon used <strong>Tri Attack</strong>!<br></div><div class="battle-history"><small>(CandyCrush lost <abbr title="−16/23">69.6%</abbr> of its health!)</small><br></div><div class="spacer battle-history"><br></div><div class="battle-history">CandyCrush used <strong>Play Rough</strong>!<br></div><div class="battle-history"><small>(The opposing Porygon lost <abbr title="−12/23">52.2%</abbr> of its health!)</small><br></div><div class="spacer battle-history"><br></div><h2 class="battle-history">Turn 14</h2><div class="spacer battle-history"><br></div><div class="battle-history">The opposing Porygon used <strong>Psychic</strong>!<br></div><div class="battle-history"><small>(CandyCrush lost <abbr title="−7/23">30.4%</abbr> of its health!)</small><br></div><div class="spacer battle-history"><br></div><div class="battle-history">CandyCrush fainted!<br></div><div class="spacer battle-history"><br></div><div class="battle-history">Go! The Kid (<strong>Elekid</strong>)!<br></div><div class="spacer battle-history"><br></div><h2 class="battle-history">Turn 15</h2><div class="spacer battle-history"><br></div><div class="battle-history">The Kid used <strong>Hidden Power</strong>!<br></div><div class="battle-history"><small>It's super effective!</small><br></div><div class="battle-history"><small>(The opposing Porygon lost <abbr title="−1/23">4.3%</abbr> of its health!)</small><br></div><div class="battle-history"><small>The Kid lost some of its HP!</small><br></div><div class="spacer battle-history"><br></div><div class="battle-history">The opposing Porygon fainted!<br></div><div class="spacer battle-history"><br></div><div class="battle-history">VQP sent out <strong>Onix</strong>!<br></div><div class="spacer battle-history"><br></div><h2 class="battle-history">Turn 16</h2><div class="spacer battle-history"><br></div><div class="battle-history">The Kid, come back!<br></div><div class="battle-history">Go! Anti-Fée (<strong>Foongus</strong>)!<br></div><div class="spacer battle-history"><br></div><div class="battle-history">The opposing Onix used <strong>Earthquake</strong>!<br></div><div class="battle-history"><small>(Anti-Fée lost <abbr title="−10/25">40%</abbr> of its health!)</small><br></div><div class="spacer battle-history"><br></div><h2 class="battle-history">Turn 17</h2><div class="chat chatmessage-vqp"><strong style="color:hsl(38,61%,46%)"><small>★</small><span class="username" data-name="VQP">VQP</span>:</strong> <em>!weak foongus</em></div><div class="chat"><div class="infobox">Foongus (ignoring abilities):<br><span class="message-effect-weak">Weaknesses</span>: Fire, Flying, Ice, Psychic<br><span class="message-effect-resist">Resistances</span>: Electric, Fairy, Fighting, <b>Grass</b>, Water<br><span class="message-effect-immune">Immunities</span>: <font color="#999999">None</font></div></div><div class="spacer battle-history"><br></div><div class="battle-history">The opposing Onix used <strong>Earthquake</strong>!<br></div><div class="battle-history"><small>(Anti-Fée lost <abbr title="−9/25">36%</abbr> of its health!)</small><br></div><div class="spacer battle-history"><br></div><div class="battle-history">Anti-Fée used <strong>Giga Drain</strong>!<br></div><div class="battle-history"><small>It's super effective!</small><br></div><div class="battle-history"><small>A critical hit!</small><br></div><div class="battle-history"><small>(The opposing Onix lost <abbr title="−20/20">100%</abbr> of its health!)</small><br></div><div class="battle-history"><small>The opposing Onix had its energy drained!</small><br></div><div class="spacer battle-history"><br></div><div class="battle-history">The opposing Onix fainted!<br></div><div class="spacer battle-history"><br></div><div class="battle-history">VQP sent out <strong>Abra</strong>!<br></div><div class="spacer battle-history"><br></div><h2 class="battle-history">Turn 18</h2><div class="spacer battle-history"><br></div><div class="battle-history">The opposing Abra used <strong>Return</strong>!<br></div><div class="battle-history"><small>(Anti-Fée lost <abbr title="−4/25">16%</abbr> of its health!)</small><br></div><div class="spacer battle-history"><br></div><div class="battle-history">Anti-Fée used <strong>Sludge Bomb</strong>!<br></div><div class="battle-history"><small>(The opposing Abra lost <abbr title="−9/19">47.4%</abbr> of its health!)</small><br></div><div class="battle-history"><small>The opposing Abra was poisoned!</small><br></div><div class="spacer battle-history"><br></div><h2 class="battle-history">Turn 19</h2><div class="spacer battle-history"><br></div><div class="battle-history">The opposing Abra used <strong>Psychic</strong>!<br></div><div class="battle-history"><small>It's super effective!</small><br></div><div class="battle-history"><small>(Anti-Fée lost <abbr title="−12/25">48%</abbr> of its health!)</small><br></div><div class="spacer battle-history"><br></div><div class="battle-history">Anti-Fée fainted!<br></div><div class="spacer battle-history"><br></div><div class="battle-history">Go! The Kid (<strong>Elekid</strong>)!<br></div><div class="spacer battle-history"><br></div><h2 class="battle-history">Turn 20</h2><div class="spacer battle-history"><br></div><div class="battle-history">The Kid used <strong>Thunderbolt</strong>!<br></div><div class="battle-history"><small>(The opposing Abra lost <abbr title="−10/19">52.6%</abbr> of its health!)</small><br></div><div class="battle-history"><small>The Kid lost some of its HP!</small><br></div><div class="spacer battle-history"><br></div><div class="battle-history">The opposing Abra fainted!<br></div><div class="spacer battle-history"><br></div><div class="battle-history"><strong>Aestroa</strong> won the battle!<br></div></div><div class="inner-preempt"></div></div></div>
</div>
<script>
let daily = Math.floor(Date.now()/1000/60/60/24);document.write('<script src="https://play.pokemonshowdown.com/js/replay-embed.js?version'+daily+'"></'+'script>');
</script>
