<!DOCTYPE html>
<meta charset="utf-8" />
<!-- version 1 -->
<title>LC replay: Alexor Black vs. MyDance</title>
<style>
html,body {font-family:Verdana, sans-serif;font-size:10pt;margin:0;padding:0;}body{padding:12px 0;} .battle-log {font-family:Verdana, sans-serif;font-size:10pt;} .battle-log-inline {border:1px solid #AAAAAA;background:#EEF2F5;color:black;max-width:640px;margin:0 auto 80px;padding-bottom:5px;} .battle-log .inner {padding:4px 8px 0px 8px;} .battle-log .inner-preempt {padding:0 8px 4px 8px;} .battle-log .inner-after {margin-top:0.5em;} .battle-log h2 {margin:0.5em -8px;padding:4px 8px;border:1px solid #AAAAAA;background:#E0E7EA;border-left:0;border-right:0;font-family:Verdana, sans-serif;font-size:13pt;} .battle-log .chat {vertical-align:middle;padding:3px 0 3px 0;font-size:8pt;} .battle-log .chat strong {color:#40576A;} .battle-log .chat em {padding:1px 4px 1px 3px;color:#000000;font-style:normal;} .chat.mine {background:rgba(0,0,0,0.05);margin-left:-8px;margin-right:-8px;padding-left:8px;padding-right:8px;} .spoiler {color:#BBBBBB;background:#BBBBBB;padding:0px 3px;} .spoiler:hover, .spoiler:active, .spoiler-shown {color:#000000;background:#E2E2E2;padding:0px 3px;} .spoiler a {color:#BBBBBB;} .spoiler:hover a, .spoiler:active a, .spoiler-shown a {color:#2288CC;} .chat code, .chat .spoiler:hover code, .chat .spoiler:active code, .chat .spoiler-shown code {border:1px solid #C0C0C0;background:#EEEEEE;color:black;padding:0 2px;} .chat .spoiler code {border:1px solid #CCCCCC;background:#CCCCCC;color:#CCCCCC;} .battle-log .rated {padding:3px 4px;} .battle-log .rated strong {color:white;background:#89A;padding:1px 4px;border-radius:4px;} .spacer {margin-top:0.5em;} .message-announce {background:#6688AA;color:white;padding:1px 4px 2px;} .message-announce a, .broadcast-green a, .broadcast-blue a, .broadcast-red a {color:#DDEEFF;} .broadcast-green {background-color:#559955;color:white;padding:2px 4px;} .broadcast-blue {background-color:#6688AA;color:white;padding:2px 4px;} .infobox {border:1px solid #6688AA;padding:2px 4px;} .infobox-limited {max-height:200px;overflow:auto;overflow-x:hidden;} .broadcast-red {background-color:#AA5544;color:white;padding:2px 4px;} .message-learn-canlearn {font-weight:bold;color:#228822;text-decoration:underline;} .message-learn-cannotlearn {font-weight:bold;color:#CC2222;text-decoration:underline;} .message-effect-weak {font-weight:bold;color:#CC2222;} .message-effect-resist {font-weight:bold;color:#6688AA;} .message-effect-immune {font-weight:bold;color:#666666;} .message-learn-list {margin-top:0;margin-bottom:0;} .message-throttle-notice, .message-error {color:#992222;} .message-overflow, .chat small.message-overflow {font-size:0pt;} .message-overflow::before {font-size:9pt;content:'...';} .subtle {color:#3A4A66;}
</style>
<div class="wrapper replay-wrapper" style="max-width:1180px;margin:0 auto">
<input type="hidden" name="replayid" value="destiny-lc-16263" />
<div class="battle"></div><div class="battle-log"></div><div class="replay-controls"></div><div class="replay-controls-2"></div>
<h1 style="font-weight:normal;text-align:center"><strong>LC</strong><br /><a href="http://pokemonshowdown.com/users/alexorblack" class="subtle" target="_blank">Alexor Black</a> vs. <a href="http://pokemonshowdown.com/users/mydance" class="subtle" target="_blank">MyDance</a></h1>
<script type="text/plain" class="battle-log-data">|j|Alexor Black
|j|MyDance
|player|p1|Alexor Black|2006
|player|p2|MyDance|170
|gametype|singles
|gen|7
|tier|LC
|seed|42179,44726,16594,36620
|rule|Cláusula de Contoneo: se prohibe el uso de Contoneo
|clearpoke
|poke|p1|Timburr, L5, M, shiny|item
|poke|p1|Abra, L5, M|item
|poke|p1|Vullaby, L5, F, shiny|item
|poke|p1|Corphish, L5, M|item
|poke|p1|Gastly, L5, M, shiny|item
|poke|p1|Hippopotas, L5, F, shiny|item
|poke|p2|Diglett, L5, M|item
|poke|p2|Staryu, L5|item
|poke|p2|Ferroseed, L5, M|item
|poke|p2|Gastly, L5, F|item
|poke|p2|Scraggy, L5, M|item
|poke|p2|Larvesta, L5, M|item
|rule|Cláusula-Mod de Dormir: solo puedes dormir a uno de tus oponentes a la vez.
|rule|Cláusula de Especie: Hasta un Pokémon de cada especie
|rule|Cláusula de Golpe Fulminante: los movimientos fulminantes (OHKO) estan prohibidos
|rule|Cláusula de Moody: la habilidad Moody está prohibida
|rule|Cláusula de Movimientos Evasivos: los movimientos de evasion estan prohibidos
|rule|Cláusula de Batallas Eternas: forzar batallas eternas está prohibido
|teampreview
|c|★MyDance|aa
|c|★MyDance|era
|c|★MyDance|lc
|j|NicolasPuraVida
|c|★MyDance|normal
|c|★MyDance|xdxd
|c|★Alexor Black|[Gen 6] LC
|c|★MyDance|- El validador falló en verificar tu equipo. Por favor, utiliza un equipo diferente hasta que reparemos el problema.
|c|★MyDance|Me sale
|c|★MyDance|Reta
|c|★Alexor Black|pero te dieron replace
|c|★MyDance|np
|c|★MyDance|reta
|c|★MyDance|gen 56
|c|★MyDance|6*
|c|★MyDance|Vamos
|c|★MyDance|Jugamos asi, o que pedo?
|c|★Alexor Black|amm
|choice|*team 623451|*
|c|★MyDance|Si,verdad?
|c|★MyDance|xD
|choice|*|*team 321456
|choice|team 6, team 2, team 3, team 4, team 5, team 1|team 3, team 2, team 1, team 4, team 5, team 6
|
|start
|switch|p1a: Hippopotas|Hippopotas, L5, F, shiny|24\/24
|switch|p2a: Ferroseed|Ferroseed, L5, M|21\/21
|-weather|Sandstorm|[from] ability: Sand Stream|[of] p1a: Hippopotas
|turn|1
|choice|*|*move 2
|choice|*move 1|*
|choice|move stealthrock|move stealthrock
|
|move|p1a: Hippopotas|Stealth Rock|p2a: Ferroseed
|-sidestart|p2: MyDance|move: Stealth Rock
|move|p2a: Ferroseed|Stealth Rock|p1a: Hippopotas
|-sidestart|p1: Alexor Black|move: Stealth Rock
|
|-weather|Sandstorm|[upkeep]
|upkeep
|turn|2
|choice|*move 3|*
|choice|*|*move 1
|choice|move earthquake|move bulletseed
|
|move|p1a: Hippopotas|Earthquake|p2a: Ferroseed
|-damage|p2a: Ferroseed|14\/21
|move|p2a: Ferroseed|Bullet Seed|p1a: Hippopotas
|-supereffective|p1a: Hippopotas
|-damage|p1a: Hippopotas|22\/24
|-supereffective|p1a: Hippopotas
|-damage|p1a: Hippopotas|20\/24
|-supereffective|p1a: Hippopotas
|-damage|p1a: Hippopotas|18\/24
|-supereffective|p1a: Hippopotas
|-damage|p1a: Hippopotas|16\/24
|-hitcount|p1a: Hippopotas|4
|
|-weather|Sandstorm|[upkeep]
|upkeep
|turn|3
|choice|*move 3|*
|choice|*|*move 3
|choice|move earthquake|move leechseed
|
|move|p1a: Hippopotas|Earthquake|p2a: Ferroseed
|-damage|p2a: Ferroseed|7\/21
|move|p2a: Ferroseed|Leech Seed|p1a: Hippopotas
|-start|p1a: Hippopotas|move: Leech Seed
|
|-weather|Sandstorm|[upkeep]
|-damage|p1a: Hippopotas|13\/24|[from] Leech Seed|[of] p2a: Ferroseed
|-heal|p2a: Ferroseed|10\/21|[silent]
|upkeep
|turn|4
|choice|*|*move 1
|choice|*switch 5|*
|choice|switch 5|move bulletseed
|
|switch|p1a: Gastly|Gastly, L5, M, shiny|21\/21
|-damage|p1a: Gastly|19\/21|[from] Stealth Rock
|move|p2a: Ferroseed|Bullet Seed|p1a: Gastly
|-resisted|p1a: Gastly
|-damage|p1a: Gastly|17\/21
|-resisted|p1a: Gastly
|-damage|p1a: Gastly|15\/21
|-resisted|p1a: Gastly
|-damage|p1a: Gastly|13\/21
|-hitcount|p1a: Gastly|3
|
|-weather|Sandstorm|[upkeep]
|-damage|p1a: Gastly|12\/21|[from] sandstorm
|upkeep
|turn|5
|choice|*move 2|*
|choice|*|*move 4
|choice|move shadowball|move thunderwave
|
|move|p1a: Gastly|Shadow Ball|p2a: Ferroseed
|-damage|p2a: Ferroseed|3\/21
|move|p2a: Ferroseed|Thunder Wave|p1a: Gastly
|-status|p1a: Gastly|par
|
|-weather|none
|upkeep
|turn|6
|choice|*|*move 3
|choice|*move 2|*
|choice|move shadowball|move leechseed
|
|move|p1a: Gastly|Shadow Ball|p2a: Ferroseed
|-damage|p2a: Ferroseed|0 fnt
|faint|p2a: Ferroseed
|
|upkeep
|choice|*|*switch 2
|choice||switch 2
|
|switch|p2a: Staryu|Staryu, L5|19\/19
|-damage|p2a: Staryu|17\/19|[from] Stealth Rock
|turn|7
|choice|*|*move 1
|j|LelouchDiBrittania
|l|LelouchDiBrittania
|choice|*move 2|*
|choice|move shadowball|move scald
|
|move|p2a: Staryu|Scald|p1a: Gastly
|-damage|p1a: Gastly|0 fnt
|faint|p1a: Gastly
|
|upkeep
|choice|*switch 6|*
|choice|switch 6|
|
|switch|p1a: Timburr|Timburr, L5, M, shiny|27\/27
|-damage|p1a: Timburr|26\/27|[from] Stealth Rock
|turn|8
|j|LelouchDiBrittania
|choice|*move 2|*
|choice|*undo|*
|choice|*move 2|*
|l|LelouchDiBrittania
|choice|*|*move 2
|choice|move knockoff|move rapidspin
|
|move|p2a: Staryu|Rapid Spin|p1a: Timburr
|-damage|p1a: Timburr|25\/27
|-sideend|p2: MyDance|Stealth Rock|[from] move: Rapid Spin|[of] p2a: Staryu
|move|p1a: Timburr|Knock Off|p2a: Staryu
|-damage|p2a: Staryu|11\/19
|-enditem|p2a: Staryu|Eviolite|[from] move: Knock Off|[of] p1a: Timburr
|
|upkeep
|turn|9
|choice|*|*move 3
|choice|*move 3|*
|choice|move drainpunch|move recover
|
|move|p2a: Staryu|Recover|p2a: Staryu
|-heal|p2a: Staryu|19\/19
|move|p1a: Timburr|Drain Punch|p2a: Staryu
|-damage|p2a: Staryu|7\/19
|-heal|p1a: Timburr|27\/27|[from] drain|[of] p2a: Staryu
|
|upkeep
|turn|10
|choice|*move 3|*
|choice|*undo|*
|choice|*move 2|*
|choice|*undo|*
|choice|*move 2|*
|choice|*|*move 1
|choice|move knockoff|move scald
|
|move|p2a: Staryu|Scald|p1a: Timburr
|-damage|p1a: Timburr|18\/27
|move|p1a: Timburr|Knock Off|p2a: Staryu
|-damage|p2a: Staryu|0 fnt
|faint|p2a: Staryu
|
|upkeep
|choice|*|*switch 4
|choice||switch 4
|
|switch|p2a: Gastly|Gastly, L5, F|20\/20
|turn|11
|j|LelouchDiBrittania
|choice|*switch 3|*
|choice|*undo|*
|choice|*switch 3|*
|c|★MyDance|Lelo
|c|★MyDance|Perdon
|c|★MyDance|Si no contestate
|choice|*|*move 3
|choice|switch 3|move dazzlinggleam
|
|switch|p1a: Vullaby|Vullaby, L5, F, shiny|25\/25
|-damage|p1a: Vullaby|19\/25|[from] Stealth Rock
|move|p2a: Gastly|Dazzling Gleam|p1a: Vullaby
|-supereffective|p1a: Vullaby
|-damage|p1a: Vullaby|9\/25
|
|upkeep
|turn|12
|choice|*|*move 3
|choice|*move 4|*
|choice|move foulplay|move dazzlinggleam
|
|move|p2a: Gastly|Dazzling Gleam|p1a: Vullaby
|-supereffective|p1a: Vullaby
|-damage|p1a: Vullaby|0 fnt
|faint|p1a: Vullaby
|
|upkeep
|choice|*switch 5|*
|choice|switch 5|
|
|switch|p1a: Hippopotas|Hippopotas, L5, F, shiny|13\/24
|-damage|p1a: Hippopotas|12\/24|[from] Stealth Rock
|-weather|Sandstorm|[from] ability: Sand Stream|[of] p1a: Hippopotas
|turn|13
|choice|*move 1|*
|choice|*|*switch 5
|choice|move stealthrock|switch 5
|
|switch|p2a: Scraggy|Scraggy, L5, M|22\/22
|move|p1a: Hippopotas|Stealth Rock|p2a: Scraggy
|-sidestart|p2: MyDance|move: Stealth Rock
|
|-weather|Sandstorm|[upkeep]
|-damage|p2a: Scraggy|21\/22|[from] sandstorm
|upkeep
|turn|14
|choice|*|*move 1
|choice|*move 2|*
|choice|move whirlwind|move dragondance
|
|move|p2a: Scraggy|Dragon Dance|p2a: Scraggy
|-boost|p2a: Scraggy|atk|1
|-boost|p2a: Scraggy|spe|1
|move|p1a: Hippopotas|Whirlwind|p2a: Scraggy
|drag|p2a: Larvesta|Larvesta, L5, M|23\/23
|-damage|p2a: Larvesta|12\/23|[from] Stealth Rock
|
|-weather|Sandstorm|[upkeep]
|-damage|p2a: Larvesta|11\/23|[from] sandstorm
|upkeep
|turn|15
|choice|*move 4|*
|choice|*|*move 3
|choice|move slackoff|move willowisp
|
|move|p2a: Larvesta|Will-O-Wisp|p1a: Hippopotas
|-status|p1a: Hippopotas|brn
|move|p1a: Hippopotas|Slack Off|p1a: Hippopotas
|-heal|p1a: Hippopotas|24\/24 brn
|
|-weather|Sandstorm|[upkeep]
|-damage|p2a: Larvesta|10\/23|[from] sandstorm
|-damage|p1a: Hippopotas|23\/24 brn|[from] brn
|upkeep
|turn|16
|choice|*move 2|*
|choice|*|*move 4
|choice|move whirlwind|move morningsun
|
|move|p2a: Larvesta|Morning Sun|p2a: Larvesta
|-heal|p2a: Larvesta|16\/23
|move|p1a: Hippopotas|Whirlwind|p2a: Larvesta
|drag|p2a: Digglet|Diglett, L5, M|18\/18
|-damage|p2a: Digglet|17\/18|[from] Stealth Rock
|
|-weather|Sandstorm|[upkeep]
|-damage|p1a: Hippopotas|22\/24 brn|[from] brn
|upkeep
|turn|17
|choice|*|*move 1
|choice|*move 3|*
|choice|move earthquake|move earthquake
|
|move|p2a: Digglet|Earthquake|p1a: Hippopotas
|-damage|p1a: Hippopotas|13\/24 brn
|-damage|p2a: Digglet|16\/18|[from] item: Life Orb
|move|p1a: Hippopotas|Earthquake|p2a: Digglet
|-damage|p2a: Digglet|7\/18
|
|-weather|none
|-damage|p1a: Hippopotas|12\/24 brn|[from] brn
|upkeep
|turn|18
|choice|*move 4|*
|choice|*undo|*
|choice|*move 2|*
|choice|*|*move 1
|choice|move whirlwind|move earthquake
|
|move|p2a: Digglet|Earthquake|p1a: Hippopotas
|-damage|p1a: Hippopotas|3\/24 brn
|-damage|p2a: Digglet|6\/18|[from] item: Life Orb
|move|p1a: Hippopotas|Whirlwind|p2a: Digglet
|drag|p2a: Scraggy|Scraggy, L5, M|21\/22
|-damage|p2a: Scraggy|20\/22|[from] Stealth Rock
|
|-damage|p1a: Hippopotas|2\/24 brn|[from] brn
|upkeep
|turn|19
|choice|*move 2|*
|choice|*|*move 1
|choice|move whirlwind|move dragondance
|
|move|p2a: Scraggy|Dragon Dance|p2a: Scraggy
|-boost|p2a: Scraggy|atk|1
|-boost|p2a: Scraggy|spe|1
|move|p1a: Hippopotas|Whirlwind|p2a: Scraggy
|drag|p2a: Digglet|Diglett, L5, M|6\/18
|-damage|p2a: Digglet|5\/18|[from] Stealth Rock
|
|-damage|p1a: Hippopotas|1\/24 brn|[from] brn
|upkeep
|turn|20
|choice|*move 2|*
|choice|*|*move 1
|choice|move whirlwind|move earthquake
|
|move|p2a: Digglet|Earthquake|p1a: Hippopotas
|-damage|p1a: Hippopotas|0 fnt
|-damage|p2a: Digglet|4\/18|[from] item: Life Orb
|faint|p1a: Hippopotas
|
|upkeep
|choice|*switch 4|*
|choice|switch 4|
|
|switch|p1a: Corphish|Corphish, L5, M|21\/21
|-damage|p1a: Corphish|19\/21|[from] Stealth Rock
|turn|21
|choice|*move 2|*
|choice|*undo|*
|choice|*|*move 2
|choice|*move 2|*
|choice|move dragondance|move suckerpunch
|
|move|p2a: Digglet|Sucker Punch|p1a: Corphish|[still]
|-fail|p2a: Digglet
|move|p1a: Corphish|Dragon Dance|p1a: Corphish
|-boost|p1a: Corphish|atk|1
|-boost|p1a: Corphish|spe|1
|
|upkeep
|turn|22
|choice|*|*move 2
|choice|*move 4|*
|choice|move aquajet|move suckerpunch
|
|move|p2a: Digglet|Sucker Punch|p1a: Corphish
|-damage|p1a: Corphish|13\/21
|-damage|p2a: Digglet|3\/18|[from] item: Life Orb
|move|p1a: Corphish|Aqua Jet|p2a: Digglet
|-supereffective|p2a: Digglet
|-damage|p2a: Digglet|0 fnt
|faint|p2a: Digglet
|
|upkeep
|choice|*|*switch 6
|choice||switch 6
|
|switch|p2a: Scraggy|Scraggy, L5, M|20\/22
|-damage|p2a: Scraggy|19\/22|[from] Stealth Rock
|turn|23
|choice|*|*move 4
|choice|*move 3|*
|choice|move crabhammer|move highjumpkick
|
|move|p1a: Corphish|Crabhammer|p2a: Scraggy|[miss]
|-miss|p1a: Corphish|p2a: Scraggy
|move|p2a: Scraggy|High Jump Kick|p1a: Corphish|[miss]
|-miss|p2a: Scraggy|p1a: Corphish
|-damage|p2a: Scraggy|8\/22|[from] highjumpkick
|
|upkeep
|turn|24
|choice|*|*move 4
|c|★MyDance|unu
|choice|*move 3|*
|choice|move crabhammer|move highjumpkick
|
|move|p1a: Corphish|Crabhammer|p2a: Scraggy
|-crit|p2a: Scraggy
|-damage|p2a: Scraggy|0 fnt
|faint|p2a: Scraggy
|
|upkeep
|choice|*|*switch 5
|choice||switch 5
|
|switch|p2a: Gastly|Gastly, L5, F|20\/20
|-damage|p2a: Gastly|18\/20|[from] Stealth Rock
|turn|25
|choice|*|*move 1
|choice|*move 1|*
|choice|move knockoff|move shadowball
|
|move|p2a: Gastly|Shadow Ball|p1a: Corphish
|-damage|p1a: Corphish|0 fnt
|faint|p1a: Corphish
|
|upkeep
|choice|*switch 2|*
|choice|switch 2|
|
|switch|p1a: Abra|Abra, L5, M|20\/20
|turn|26
|choice|*move 1|*
|choice|*|*move 1
|choice|move psychic|move shadowball
|
|move|p2a: Gastly|Shadow Ball|p1a: Abra
|-supereffective|p1a: Abra
|-enditem|p1a: Abra|Focus Sash
|-damage|p1a: Abra|1\/20
|move|p1a: Abra|Psychic|p2a: Gastly
|-supereffective|p2a: Gastly
|-damage|p2a: Gastly|0 fnt
|faint|p2a: Gastly
|
|upkeep
|choice|*|*switch 3
|choice||switch 3
|
|switch|p2a: Larvesta|Larvesta, L5, M|16\/23
|-damage|p2a: Larvesta|5\/23|[from] Stealth Rock
|turn|27
|choice|*move 1|*
|choice|*|*move 4
|choice|move psychic|move morningsun
|
|move|p1a: Abra|Psychic|p2a: Larvesta
|-damage|p2a: Larvesta|0 fnt
|faint|p2a: Larvesta
|
|win|Alexor Black
|player|p1
|player|p2
|l|MyDance
|l|LelouchDiBrittania
|l|Alexor Black
|l|NicolasPuraVida
|j|NicolasPuraVida
|j|Alexor Black
|j|MyDance
|j|Flamita
|l|NicolasPuraVida</script>
</div>
<div class="battle-log battle-log-inline"><div class="inner"><div class="battle-options"></div><div class="inner"><div class="chat"><small>Alexor Black joined.</small></div><div class="chat"><small>MyDance joined.</small></div><div class=""><small>Format:</small> <br><strong>LC</strong></div><div class=""><small><em>Cláusula de Contoneo:</em> se prohibe el uso de Contoneo</small></div><div class=""><small><em>Cláusula-Mod de Dormir:</em> solo puedes dormir a uno de tus oponentes a la vez.</small></div><div class=""><small><em>Cláusula de Especie:</em> Hasta un Pokémon de cada especie</small></div><div class=""><small><em>Cláusula de Golpe Fulminante:</em> los movimientos fulminantes (OHKO) estan prohibidos</small></div><div class=""><small><em>Cláusula de Moody:</em> la habilidad Moody está prohibida</small></div><div class=""><small><em>Cláusula de Movimientos Evasivos:</em> los movimientos de evasion estan prohibidos</small></div><div class=""><small><em>Cláusula de Batallas Eternas:</em> forzar batallas eternas está prohibido</small></div><div class="chat battle-history"><strong>Alexor Black's team:</strong> <em style="color:#445566;display:block;">Timburr / Abra / Vullaby / Corphish / Gastly / Hippopotas</em></div><div class="chat battle-history"><strong>MyDance's team:</strong> <em style="color:#445566;display:block;">Diglett / Staryu / Ferroseed / Gastly / Scraggy / Larvesta</em></div><div class="chat chatmessage-mydance"><strong style="color:hsl(219,67%,53.29124905085174%)"><small>★</small><span class="username" data-name="MyDance">MyDance</span>:</strong> <em>aa</em></div><div class="chat chatmessage-mydance"><strong style="color:hsl(219,67%,53.29124905085174%)"><small>★</small><span class="username" data-name="MyDance">MyDance</span>:</strong> <em>era</em></div><div class="chat chatmessage-mydance"><strong style="color:hsl(219,67%,53.29124905085174%)"><small>★</small><span class="username" data-name="MyDance">MyDance</span>:</strong> <em>lc</em></div><div class="chat"><small>NicolasPuraVida joined.</small></div><div class="chat chatmessage-mydance"><strong style="color:hsl(219,67%,53.29124905085174%)"><small>★</small><span class="username" data-name="MyDance">MyDance</span>:</strong> <em>normal</em></div><div class="chat chatmessage-mydance"><strong style="color:hsl(219,67%,53.29124905085174%)"><small>★</small><span class="username" data-name="MyDance">MyDance</span>:</strong> <em>xdxd</em></div><div class="chat chatmessage-alexorblack"><strong style="color:hsl(257,65%,60.06624751629705%)"><small>★</small><span class="username" data-name="Alexor Black">Alexor Black</span>:</strong> <em>[Gen 6] LC</em></div><div class="chat chatmessage-mydance"><strong style="color:hsl(219,67%,53.29124905085174%)"><small>★</small><span class="username" data-name="MyDance">MyDance</span>:</strong> <em>- El validador falló en verificar tu equipo. Por favor, utiliza un equipo diferente hasta que reparemos el problema.</em></div><div class="chat chatmessage-mydance"><strong style="color:hsl(219,67%,53.29124905085174%)"><small>★</small><span class="username" data-name="MyDance">MyDance</span>:</strong> <em>Me sale</em></div><div class="chat chatmessage-mydance"><strong style="color:hsl(219,67%,53.29124905085174%)"><small>★</small><span class="username" data-name="MyDance">MyDance</span>:</strong> <em>Reta</em></div><div class="chat chatmessage-alexorblack"><strong style="color:hsl(257,65%,60.06624751629705%)"><small>★</small><span class="username" data-name="Alexor Black">Alexor Black</span>:</strong> <em>pero te dieron replace</em></div><div class="chat chatmessage-mydance"><strong style="color:hsl(219,67%,53.29124905085174%)"><small>★</small><span class="username" data-name="MyDance">MyDance</span>:</strong> <em>np</em></div><div class="chat chatmessage-mydance"><strong style="color:hsl(219,67%,53.29124905085174%)"><small>★</small><span class="username" data-name="MyDance">MyDance</span>:</strong> <em>reta</em></div><div class="chat chatmessage-mydance"><strong style="color:hsl(219,67%,53.29124905085174%)"><small>★</small><span class="username" data-name="MyDance">MyDance</span>:</strong> <em>gen 56</em></div><div class="chat chatmessage-mydance"><strong style="color:hsl(219,67%,53.29124905085174%)"><small>★</small><span class="username" data-name="MyDance">MyDance</span>:</strong> <em>6*</em></div><div class="chat chatmessage-mydance"><strong style="color:hsl(219,67%,53.29124905085174%)"><small>★</small><span class="username" data-name="MyDance">MyDance</span>:</strong> <em>Vamos</em></div><div class="chat chatmessage-mydance"><strong style="color:hsl(219,67%,53.29124905085174%)"><small>★</small><span class="username" data-name="MyDance">MyDance</span>:</strong> <em>Jugamos asi, o que pedo?</em></div><div class="chat chatmessage-alexorblack"><strong style="color:hsl(257,65%,60.06624751629705%)"><small>★</small><span class="username" data-name="Alexor Black">Alexor Black</span>:</strong> <em>amm</em></div><div class="chat chatmessage-mydance"><strong style="color:hsl(219,67%,53.29124905085174%)"><small>★</small><span class="username" data-name="MyDance">MyDance</span>:</strong> <em>Si,verdad?</em></div><div class="chat chatmessage-mydance"><strong style="color:hsl(219,67%,53.29124905085174%)"><small>★</small><span class="username" data-name="MyDance">MyDance</span>:</strong> <em>xD</em></div><div class="spacer battle-history"><br></div><div class="battle-history">Battle started between Alexor Black and MyDance!<br></div><div class="spacer battle-history"><br></div><div class="battle-history">Go! <strong>Hippopotas</strong>!<br></div><div class="spacer battle-history"><br></div><div class="battle-history">MyDance sent out <strong>Ferroseed</strong>!<br></div><div class="battle-history"><small>[Hippopotas's Sand Stream]</small><br><small>A sandstorm kicked up!</small><br></div><div class="spacer battle-history"><br></div><h2 class="battle-history">Turn 1</h2><div class="spacer battle-history"><br></div><div class="battle-history">Hippopotas used <strong>Stealth Rock</strong>!<br></div><div class="battle-history"><small>Pointed stones float in the air around the opposing team!</small><br></div><div class="spacer battle-history"><br></div><div class="battle-history">The opposing Ferroseed used <strong>Stealth Rock</strong>!<br></div><div class="battle-history"><small>Pointed stones float in the air around your team!</small><br></div><div class="spacer battle-history"><br></div><div class="battle-history"><small>The sandstorm is raging.</small><br></div><div class="spacer battle-history"><br></div><h2 class="battle-history">Turn 2</h2><div class="spacer battle-history"><br></div><div class="battle-history">Hippopotas used <strong>Earthquake</strong>!<br></div><div class="battle-history"><small>(The opposing Ferroseed lost <abbr title="−7/21">33.3%</abbr> of its health!)</small><br></div><div class="spacer battle-history"><br></div><div class="battle-history">The opposing Ferroseed used <strong>Bullet Seed</strong>!<br></div><div class="battle-history"><small>It's super effective!</small><br></div><div class="battle-history"><small>(Hippopotas lost <abbr title="−2/24">8.3%</abbr> of its health!)</small><br></div><div class="battle-history"><small>It's super effective!</small><br></div><div class="battle-history"><small>(Hippopotas lost <abbr title="−2/24">8.3%</abbr> of its health!)</small><br></div><div class="battle-history"><small>It's super effective!</small><br></div><div class="battle-history"><small>(Hippopotas lost <abbr title="−2/24">8.3%</abbr> of its health!)</small><br></div><div class="battle-history"><small>It's super effective!</small><br></div><div class="battle-history"><small>(Hippopotas lost <abbr title="−2/24">8.3%</abbr> of its health!)</small><br></div><div class="battle-history"><small>Hit 4 times!</small><br></div><div class="spacer battle-history"><br></div><div class="battle-history"><small>The sandstorm is raging.</small><br></div><div class="spacer battle-history"><br></div><h2 class="battle-history">Turn 3</h2><div class="spacer battle-history"><br></div><div class="battle-history">Hippopotas used <strong>Earthquake</strong>!<br></div><div class="battle-history"><small>(The opposing Ferroseed lost <abbr title="−7/21">33.3%</abbr> of its health!)</small><br></div><div class="spacer battle-history"><br></div><div class="battle-history">The opposing Ferroseed used <strong>Leech Seed</strong>!<br></div><div class="battle-history"><small>Hippopotas was seeded!</small><br></div><div class="spacer battle-history"><br></div><div class="battle-history"><small>The sandstorm is raging.</small><br></div><div class="battle-history"><small>Hippopotas's health is sapped by Leech Seed!</small><br></div><div class="spacer battle-history"><br></div><h2 class="battle-history">Turn 4</h2><div class="spacer battle-history"><br></div><div class="battle-history">Hippopotas, come back!<br></div><div class="battle-history">Go! <strong>Gastly</strong>!<br></div><div class="battle-history"><small>Pointed stones dug into Gastly!</small><br></div><div class="spacer battle-history"><br></div><div class="battle-history">The opposing Ferroseed used <strong>Bullet Seed</strong>!<br></div><div class="battle-history"><small>It's not very effective...</small><br></div><div class="battle-history"><small>(Gastly lost <abbr title="−2/21">9.5%</abbr> of its health!)</small><br></div><div class="battle-history"><small>It's not very effective...</small><br></div><div class="battle-history"><small>(Gastly lost <abbr title="−2/21">9.5%</abbr> of its health!)</small><br></div><div class="battle-history"><small>It's not very effective...</small><br></div><div class="battle-history"><small>(Gastly lost <abbr title="−2/21">9.5%</abbr> of its health!)</small><br></div><div class="battle-history"><small>Hit 3 times!</small><br></div><div class="spacer battle-history"><br></div><div class="battle-history"><small>The sandstorm is raging.</small><br></div><div class="battle-history"><small>Gastly is buffeted by the sandstorm!</small><br></div><div class="spacer battle-history"><br></div><h2 class="battle-history">Turn 5</h2><div class="spacer battle-history"><br></div><div class="battle-history">Gastly used <strong>Shadow Ball</strong>!<br></div><div class="battle-history"><small>(The opposing Ferroseed lost <abbr title="−7/21">33.3%</abbr> of its health!)</small><br></div><div class="spacer battle-history"><br></div><div class="battle-history">The opposing Ferroseed used <strong>Thunder Wave</strong>!<br></div><div class="battle-history"><small>Gastly is paralyzed! It may be unable to move!</small><br></div><div class="spacer battle-history"><br></div><div class="battle-history"><small>The sandstorm subsided.</small><br></div><div class="spacer battle-history"><br></div><h2 class="battle-history">Turn 6</h2><div class="spacer battle-history"><br></div><div class="battle-history">Gastly used <strong>Shadow Ball</strong>!<br></div><div class="battle-history"><small>(The opposing Ferroseed lost <abbr title="−3/21">14.3%</abbr> of its health!)</small><br></div><div class="spacer battle-history"><br></div><div class="battle-history">The opposing Ferroseed fainted!<br></div><div class="spacer battle-history"><br></div><div class="battle-history">MyDance sent out <strong>Staryu</strong>!<br></div><div class="battle-history"><small>Pointed stones dug into the opposing Staryu!</small><br></div><div class="spacer battle-history"><br></div><h2 class="battle-history">Turn 7</h2><div class="chat"><small>LelouchDiBrittania joined.</small></div><div class="chat"><small>LelouchDiBrittania left.</small></div><div class="spacer battle-history"><br></div><div class="battle-history">The opposing Staryu used <strong>Scald</strong>!<br></div><div class="battle-history"><small>(Gastly lost <abbr title="−12/21">57.1%</abbr> of its health!)</small><br></div><div class="spacer battle-history"><br></div><div class="battle-history">Gastly fainted!<br></div><div class="spacer battle-history"><br></div><div class="battle-history">Go! <strong>Timburr</strong>!<br></div><div class="battle-history"><small>Pointed stones dug into Timburr!</small><br></div><div class="spacer battle-history"><br></div><h2 class="battle-history">Turn 8</h2><div class="chat"><small>LelouchDiBrittania joined.</small></div><div class="chat"><small>LelouchDiBrittania left.</small></div><div class="spacer battle-history"><br></div><div class="battle-history">The opposing Staryu used <strong>Rapid Spin</strong>!<br></div><div class="battle-history"><small>(Timburr lost <abbr title="−1/27">3.7%</abbr> of its health!)</small><br></div><div class="battle-history"><small>The pointed stones disappeared from around the opposing team!</small><br></div><div class="spacer battle-history"><br></div><div class="battle-history">Timburr used <strong>Knock Off</strong>!<br></div><div class="battle-history"><small>(The opposing Staryu lost <abbr title="−6/19">31.6%</abbr> of its health!)</small><br></div><div class="battle-history"><small>Timburr knocked off the opposing Staryu's Eviolite!</small><br></div><div class="spacer battle-history"><br></div><h2 class="battle-history">Turn 9</h2><div class="spacer battle-history"><br></div><div class="battle-history">The opposing Staryu used <strong>Recover</strong>!<br></div><div class="battle-history"><small>The opposing Staryu restored its HP.</small><br></div><div class="spacer battle-history"><br></div><div class="battle-history">Timburr used <strong>Drain Punch</strong>!<br></div><div class="battle-history"><small>(The opposing Staryu lost <abbr title="−12/19">63.2%</abbr> of its health!)</small><br></div><div class="battle-history"><small>The opposing Staryu had its energy drained!</small><br></div><div class="spacer battle-history"><br></div><h2 class="battle-history">Turn 10</h2><div class="spacer battle-history"><br></div><div class="battle-history">The opposing Staryu used <strong>Scald</strong>!<br></div><div class="battle-history"><small>(Timburr lost <abbr title="−9/27">33.3%</abbr> of its health!)</small><br></div><div class="spacer battle-history"><br></div><div class="battle-history">Timburr used <strong>Knock Off</strong>!<br></div><div class="battle-history"><small>(The opposing Staryu lost <abbr title="−7/19">36.8%</abbr> of its health!)</small><br></div><div class="spacer battle-history"><br></div><div class="battle-history">The opposing Staryu fainted!<br></div><div class="spacer battle-history"><br></div><div class="battle-history">MyDance sent out <strong>Gastly</strong>!<br></div><div class="spacer battle-history"><br></div><h2 class="battle-history">Turn 11</h2><div class="chat"><small>LelouchDiBrittania joined.</small></div><div class="chat chatmessage-mydance"><strong style="color:hsl(219,67%,53.29124905085174%)"><small>★</small><span class="username" data-name="MyDance">MyDance</span>:</strong> <em>Lelo</em></div><div class="chat chatmessage-mydance"><strong style="color:hsl(219,67%,53.29124905085174%)"><small>★</small><span class="username" data-name="MyDance">MyDance</span>:</strong> <em>Perdon</em></div><div class="chat chatmessage-mydance"><strong style="color:hsl(219,67%,53.29124905085174%)"><small>★</small><span class="username" data-name="MyDance">MyDance</span>:</strong> <em>Si no contestate</em></div><div class="spacer battle-history"><br></div><div class="battle-history">Timburr, come back!<br></div><div class="battle-history">Go! <strong>Vullaby</strong>!<br></div><div class="battle-history"><small>Pointed stones dug into Vullaby!</small><br></div><div class="spacer battle-history"><br></div><div class="battle-history">The opposing Gastly used <strong>Dazzling Gleam</strong>!<br></div><div class="battle-history"><small>It's super effective!</small><br></div><div class="battle-history"><small>(Vullaby lost <abbr title="−10/25">40%</abbr> of its health!)</small><br></div><div class="spacer battle-history"><br></div><h2 class="battle-history">Turn 12</h2><div class="spacer battle-history"><br></div><div class="battle-history">The opposing Gastly used <strong>Dazzling Gleam</strong>!<br></div><div class="battle-history"><small>It's super effective!</small><br></div><div class="battle-history"><small>(Vullaby lost <abbr title="−9/25">36%</abbr> of its health!)</small><br></div><div class="spacer battle-history"><br></div><div class="battle-history">Vullaby fainted!<br></div><div class="spacer battle-history"><br></div><div class="battle-history">Go! <strong>Hippopotas</strong>!<br></div><div class="battle-history"><small>Pointed stones dug into Hippopotas!</small><br></div><div class="battle-history"><small>[Hippopotas's Sand Stream]</small><br><small>A sandstorm kicked up!</small><br></div><div class="spacer battle-history"><br></div><h2 class="battle-history">Turn 13</h2><div class="spacer battle-history"><br></div><div class="battle-history">MyDance withdrew Gastly!<br></div><div class="battle-history">MyDance sent out <strong>Scraggy</strong>!<br></div><div class="spacer battle-history"><br></div><div class="battle-history">Hippopotas used <strong>Stealth Rock</strong>!<br></div><div class="battle-history"><small>Pointed stones float in the air around the opposing team!</small><br></div><div class="spacer battle-history"><br></div><div class="battle-history"><small>The sandstorm is raging.</small><br></div><div class="battle-history"><small>The opposing Scraggy is buffeted by the sandstorm!</small><br></div><div class="spacer battle-history"><br></div><h2 class="battle-history">Turn 14</h2><div class="spacer battle-history"><br></div><div class="battle-history">The opposing Scraggy used <strong>Dragon Dance</strong>!<br></div><div class="battle-history"><small>The opposing Scraggy's Attack rose!</small><br></div><div class="battle-history"><small>The opposing Scraggy's Speed rose!</small><br></div><div class="spacer battle-history"><br></div><div class="battle-history">Hippopotas used <strong>Whirlwind</strong>!<br></div><div class="spacer battle-history"><br></div><div class="battle-history"><strong>Larvesta</strong> was dragged out!<br></div><div class="battle-history"><small>Pointed stones dug into the opposing Larvesta!</small><br></div><div class="spacer battle-history"><br></div><div class="battle-history"><small>The sandstorm is raging.</small><br></div><div class="battle-history"><small>The opposing Larvesta is buffeted by the sandstorm!</small><br></div><div class="spacer battle-history"><br></div><h2 class="battle-history">Turn 15</h2><div class="spacer battle-history"><br></div><div class="battle-history">The opposing Larvesta used <strong>Will-O-Wisp</strong>!<br></div><div class="battle-history"><small>Hippopotas was burned!</small><br></div><div class="spacer battle-history"><br></div><div class="battle-history">Hippopotas used <strong>Slack Off</strong>!<br></div><div class="battle-history"><small>Hippopotas restored its HP.</small><br></div><div class="spacer battle-history"><br></div><div class="battle-history"><small>The sandstorm is raging.</small><br></div><div class="battle-history"><small>The opposing Larvesta is buffeted by the sandstorm!</small><br></div><div class="battle-history"><small>Hippopotas was hurt by its burn!</small><br></div><div class="spacer battle-history"><br></div><h2 class="battle-history">Turn 16</h2><div class="spacer battle-history"><br></div><div class="battle-history">The opposing Larvesta used <strong>Morning Sun</strong>!<br></div><div class="battle-history"><small>The opposing Larvesta restored its HP.</small><br></div><div class="spacer battle-history"><br></div><div class="battle-history">Hippopotas used <strong>Whirlwind</strong>!<br></div><div class="spacer battle-history"><br></div><div class="battle-history">Digglet (<strong>Diglett</strong>) was dragged out!<br></div><div class="battle-history"><small>Pointed stones dug into the opposing Digglet!</small><br></div><div class="spacer battle-history"><br></div><div class="battle-history"><small>The sandstorm is raging.</small><br></div><div class="battle-history"><small>Hippopotas was hurt by its burn!</small><br></div><div class="spacer battle-history"><br></div><h2 class="battle-history">Turn 17</h2><div class="spacer battle-history"><br></div><div class="battle-history">The opposing Digglet used <strong>Earthquake</strong>!<br></div><div class="battle-history"><small>(Hippopotas lost <abbr title="−9/24">37.5%</abbr> of its health!)</small><br></div><div class="battle-history"><small>The opposing Digglet lost some of its HP!</small><br></div><div class="spacer battle-history"><br></div><div class="battle-history">Hippopotas used <strong>Earthquake</strong>!<br></div><div class="battle-history"><small>(The opposing Digglet lost <abbr title="−9/18">50%</abbr> of its health!)</small><br></div><div class="spacer battle-history"><br></div><div class="battle-history"><small>The sandstorm subsided.</small><br></div><div class="battle-history"><small>Hippopotas was hurt by its burn!</small><br></div><div class="spacer battle-history"><br></div><h2 class="battle-history">Turn 18</h2><div class="spacer battle-history"><br></div><div class="battle-history">The opposing Digglet used <strong>Earthquake</strong>!<br></div><div class="battle-history"><small>(Hippopotas lost <abbr title="−9/24">37.5%</abbr> of its health!)</small><br></div><div class="battle-history"><small>The opposing Digglet lost some of its HP!</small><br></div><div class="spacer battle-history"><br></div><div class="battle-history">Hippopotas used <strong>Whirlwind</strong>!<br></div><div class="spacer battle-history"><br></div><div class="battle-history"><strong>Scraggy</strong> was dragged out!<br></div><div class="battle-history"><small>Pointed stones dug into the opposing Scraggy!</small><br></div><div class="spacer battle-history"><br></div><div class="battle-history"><small>Hippopotas was hurt by its burn!</small><br></div><div class="spacer battle-history"><br></div><h2 class="battle-history">Turn 19</h2><div class="spacer battle-history"><br></div><div class="battle-history">The opposing Scraggy used <strong>Dragon Dance</strong>!<br></div><div class="battle-history"><small>The opposing Scraggy's Attack rose!</small><br></div><div class="battle-history"><small>The opposing Scraggy's Speed rose!</small><br></div><div class="spacer battle-history"><br></div><div class="battle-history">Hippopotas used <strong>Whirlwind</strong>!<br></div><div class="spacer battle-history"><br></div><div class="battle-history">Digglet (<strong>Diglett</strong>) was dragged out!<br></div><div class="battle-history"><small>Pointed stones dug into the opposing Digglet!</small><br></div><div class="spacer battle-history"><br></div><div class="battle-history"><small>Hippopotas was hurt by its burn!</small><br></div><div class="spacer battle-history"><br></div><h2 class="battle-history">Turn 20</h2><div class="spacer battle-history"><br></div><div class="battle-history">The opposing Digglet used <strong>Earthquake</strong>!<br></div><div class="battle-history"><small>(Hippopotas lost <abbr title="−1/24">4.2%</abbr> of its health!)</small><br></div><div class="battle-history"><small>The opposing Digglet lost some of its HP!</small><br></div><div class="spacer battle-history"><br></div><div class="battle-history">Hippopotas fainted!<br></div><div class="spacer battle-history"><br></div><div class="battle-history">Go! <strong>Corphish</strong>!<br></div><div class="battle-history"><small>Pointed stones dug into Corphish!</small><br></div><div class="spacer battle-history"><br></div><h2 class="battle-history">Turn 21</h2><div class="spacer battle-history"><br></div><div class="battle-history">The opposing Digglet used <strong>Sucker Punch</strong>!<br></div><div class="battle-history"><small>But it failed!</small><br></div><div class="spacer battle-history"><br></div><div class="battle-history">Corphish used <strong>Dragon Dance</strong>!<br></div><div class="battle-history"><small>Corphish's Attack rose!</small><br></div><div class="battle-history"><small>Corphish's Speed rose!</small><br></div><div class="spacer battle-history"><br></div><h2 class="battle-history">Turn 22</h2><div class="spacer battle-history"><br></div><div class="battle-history">The opposing Digglet used <strong>Sucker Punch</strong>!<br></div><div class="battle-history"><small>(Corphish lost <abbr title="−6/21">28.6%</abbr> of its health!)</small><br></div><div class="battle-history"><small>The opposing Digglet lost some of its HP!</small><br></div><div class="spacer battle-history"><br></div><div class="battle-history">Corphish used <strong>Aqua Jet</strong>!<br></div><div class="battle-history"><small>It's super effective!</small><br></div><div class="battle-history"><small>(The opposing Digglet lost <abbr title="−3/18">16.7%</abbr> of its health!)</small><br></div><div class="spacer battle-history"><br></div><div class="battle-history">The opposing Digglet fainted!<br></div><div class="spacer battle-history"><br></div><div class="battle-history">MyDance sent out <strong>Scraggy</strong>!<br></div><div class="battle-history"><small>Pointed stones dug into the opposing Scraggy!</small><br></div><div class="spacer battle-history"><br></div><h2 class="battle-history">Turn 23</h2><div class="spacer battle-history"><br></div><div class="battle-history">Corphish used <strong>Crabhammer</strong>!<br></div><div class="battle-history"><small>The opposing Scraggy avoided the attack!</small><br></div><div class="spacer battle-history"><br></div><div class="battle-history">The opposing Scraggy used <strong>High Jump Kick</strong>!<br></div><div class="battle-history"><small>Corphish avoided the attack!</small><br></div><div class="battle-history"><small>The opposing Scraggy kept going and crashed!</small><br></div><div class="spacer battle-history"><br></div><h2 class="battle-history">Turn 24</h2><div class="chat chatmessage-mydance"><strong style="color:hsl(219,67%,53.29124905085174%)"><small>★</small><span class="username" data-name="MyDance">MyDance</span>:</strong> <em>unu</em></div><div class="spacer battle-history"><br></div><div class="battle-history">Corphish used <strong>Crabhammer</strong>!<br></div><div class="battle-history"><small>A critical hit!</small><br></div><div class="battle-history"><small>(The opposing Scraggy lost <abbr title="−8/22">36.4%</abbr> of its health!)</small><br></div><div class="spacer battle-history"><br></div><div class="battle-history">The opposing Scraggy fainted!<br></div><div class="spacer battle-history"><br></div><div class="battle-history">MyDance sent out <strong>Gastly</strong>!<br></div><div class="battle-history"><small>Pointed stones dug into the opposing Gastly!</small><br></div><div class="spacer battle-history"><br></div><h2 class="battle-history">Turn 25</h2><div class="spacer battle-history"><br></div><div class="battle-history">The opposing Gastly used <strong>Shadow Ball</strong>!<br></div><div class="battle-history"><small>(Corphish lost <abbr title="−13/21">61.9%</abbr> of its health!)</small><br></div><div class="spacer battle-history"><br></div><div class="battle-history">Corphish fainted!<br></div><div class="spacer battle-history"><br></div><div class="battle-history">Go! <strong>Abra</strong>!<br></div><div class="spacer battle-history"><br></div><h2 class="battle-history">Turn 26</h2><div class="spacer battle-history"><br></div><div class="battle-history">The opposing Gastly used <strong>Shadow Ball</strong>!<br></div><div class="battle-history"><small>It's super effective!</small><br></div><div class="battle-history"><small>Abra hung on using its Focus Sash!</small><br></div><div class="battle-history"><small>(Abra lost <abbr title="−19/20">95%</abbr> of its health!)</small><br></div><div class="spacer battle-history"><br></div><div class="battle-history">Abra used <strong>Psychic</strong>!<br></div><div class="battle-history"><small>It's super effective!</small><br></div><div class="battle-history"><small>(The opposing Gastly lost <abbr title="−18/20">90%</abbr> of its health!)</small><br></div><div class="spacer battle-history"><br></div><div class="battle-history">The opposing Gastly fainted!<br></div><div class="spacer battle-history"><br></div><div class="battle-history">MyDance sent out <strong>Larvesta</strong>!<br></div><div class="battle-history"><small>Pointed stones dug into the opposing Larvesta!</small><br></div><div class="spacer battle-history"><br></div><h2 class="battle-history">Turn 27</h2><div class="spacer battle-history"><br></div><div class="battle-history">Abra used <strong>Psychic</strong>!<br></div><div class="battle-history"><small>(The opposing Larvesta lost <abbr title="−5/23">21.7%</abbr> of its health!)</small><br></div><div class="spacer battle-history"><br></div><div class="battle-history">The opposing Larvesta fainted!<br></div><div class="spacer battle-history"><br></div><div class="battle-history"><strong>Alexor Black</strong> won the battle!<br></div><div class="chat"><small>MyDance left.</small></div><div class="chat"><small>LelouchDiBrittania left.</small></div><div class="chat"><small>Alexor Black left.</small></div><div class="chat"><small>NicolasPuraVida left.</small></div><div class="chat"><small>NicolasPuraVida joined.</small></div><div class="chat"><small>Alexor Black joined.</small></div><div class="chat"><small>MyDance joined.</small></div><div class="chat"><small>Flamita joined.</small></div><div class="chat"><small>NicolasPuraVida left.</small></div></div><div class="inner-preempt"></div></div></div>
</div>
<script>
let daily = Math.floor(Date.now()/1000/60/60/24);document.write('<script src="https://play.pokemonshowdown.com/js/replay-embed.js?version'+daily+'"></'+'script>');
</script>
