<!DOCTYPE html>
<meta charset="utf-8" />
<!-- version 1 -->
<title>LC replay: OP vs. Flyhn</title>
<style>
html,body {font-family:Verdana, sans-serif;font-size:10pt;margin:0;padding:0;}body{padding:12px 0;} .battle-log {font-family:Verdana, sans-serif;font-size:10pt;} .battle-log-inline {border:1px solid #AAAAAA;background:#EEF2F5;color:black;max-width:640px;margin:0 auto 80px;padding-bottom:5px;} .battle-log .inner {padding:4px 8px 0px 8px;} .battle-log .inner-preempt {padding:0 8px 4px 8px;} .battle-log .inner-after {margin-top:0.5em;} .battle-log h2 {margin:0.5em -8px;padding:4px 8px;border:1px solid #AAAAAA;background:#E0E7EA;border-left:0;border-right:0;font-family:Verdana, sans-serif;font-size:13pt;} .battle-log .chat {vertical-align:middle;padding:3px 0 3px 0;font-size:8pt;} .battle-log .chat strong {color:#40576A;} .battle-log .chat em {padding:1px 4px 1px 3px;color:#000000;font-style:normal;} .chat.mine {background:rgba(0,0,0,0.05);margin-left:-8px;margin-right:-8px;padding-left:8px;padding-right:8px;} .spoiler {color:#BBBBBB;background:#BBBBBB;padding:0px 3px;} .spoiler:hover, .spoiler:active, .spoiler-shown {color:#000000;background:#E2E2E2;padding:0px 3px;} .spoiler a {color:#BBBBBB;} .spoiler:hover a, .spoiler:active a, .spoiler-shown a {color:#2288CC;} .chat code, .chat .spoiler:hover code, .chat .spoiler:active code, .chat .spoiler-shown code {border:1px solid #C0C0C0;background:#EEEEEE;color:black;padding:0 2px;} .chat .spoiler code {border:1px solid #CCCCCC;background:#CCCCCC;color:#CCCCCC;} .battle-log .rated {padding:3px 4px;} .battle-log .rated strong {color:white;background:#89A;padding:1px 4px;border-radius:4px;} .spacer {margin-top:0.5em;} .message-announce {background:#6688AA;color:white;padding:1px 4px 2px;} .message-announce a, .broadcast-green a, .broadcast-blue a, .broadcast-red a {color:#DDEEFF;} .broadcast-green {background-color:#559955;color:white;padding:2px 4px;} .broadcast-blue {background-color:#6688AA;color:white;padding:2px 4px;} .infobox {border:1px solid #6688AA;padding:2px 4px;} .infobox-limited {max-height:200px;overflow:auto;overflow-x:hidden;} .broadcast-red {background-color:#AA5544;color:white;padding:2px 4px;} .message-learn-canlearn {font-weight:bold;color:#228822;text-decoration:underline;} .message-learn-cannotlearn {font-weight:bold;color:#CC2222;text-decoration:underline;} .message-effect-weak {font-weight:bold;color:#CC2222;} .message-effect-resist {font-weight:bold;color:#6688AA;} .message-effect-immune {font-weight:bold;color:#666666;} .message-learn-list {margin-top:0;margin-bottom:0;} .message-throttle-notice, .message-error {color:#992222;} .message-overflow, .chat small.message-overflow {font-size:0pt;} .message-overflow::before {font-size:9pt;content:'...';} .subtle {color:#3A4A66;}
</style>
<div class="wrapper replay-wrapper" style="max-width:1180px;margin:0 auto">
<input type="hidden" name="replayid" value="lc-534527590" />
<div class="battle"></div><div class="battle-log"></div><div class="replay-controls"></div><div class="replay-controls-2"></div>
<h1 style="font-weight:normal;text-align:center"><strong>LC</strong><br /><a href="http://pokemonshowdown.com/users/op" class="subtle" target="_blank">OP</a> vs. <a href="http://pokemonshowdown.com/users/flyhn" class="subtle" target="_blank">Flyhn</a></h1>
<script type="text/plain" class="battle-log-data">|j|OP
|j|Flyhn
|player|p1|OP|#op
|player|p2|Flyhn|220
|gametype|singles
|gen|6
|tier|LC
|seed|30326,51901,9259,10021
|clearpoke
|poke|p1|Snivy, L5, M|item
|poke|p1|Spritzee, L5, F|item
|poke|p1|Gothita, L5, F, shiny|item
|poke|p1|Onix, L5, F|item
|poke|p1|Pawniard, L5, M, shiny|item
|poke|p1|Timburr, L5, F|item
|poke|p2|Abra, L5, M|item
|poke|p2|Fletchling, L5, F|item
|poke|p2|Snivy, L5, F, shiny|item
|poke|p2|Pawniard, L5, M, shiny|item
|poke|p2|Mienfoo, L5, F, shiny|item
|poke|p2|Diglett, L5, M|item
|rule|Sleep Clause Mod: Limit one foe put to sleep
|rule|Species Clause: Limit one of each Pokémon
|rule|OHKO Clause: OHKO moves are banned
|rule|Moody Clause: Moody is banned
|rule|Evasion Moves Clause: Evasion moves are banned
|rule|Endless Battle Clause: Forcing endless battles is banned
|rule|HP Percentage Mod: HP is shown in percentages
|teampreview
|c|★OP|hf
|c|★Flyhn|same
|choice|team 6, team 2, team 3, team 4, team 5, team 1|team 5, team 2, team 3, team 4, team 1, team 6
|
|start
|switch|p1a: Timburr|Timburr, L5, F|24\/24
|switch|p2a: Mienfoo|Mienfoo, L5, F, shiny|21\/21
|turn|1
|choice|switch 2|move fakeout
|
|switch|p1a: Spritzee|Spritzee, L5, F|27\/27
|move|p2a: Mienfoo|Fake Out|p1a: Spritzee
|-damage|p1a: Spritzee|23\/27
|-damage|p2a: Mienfoo|19\/21|[from] item: Life Orb
|
|upkeep
|turn|2
|choice|move moonblast|move uturn
|
|move|p2a: Mienfoo|U-turn|p1a: Spritzee
|-resisted|p1a: Spritzee
|-damage|p1a: Spritzee|20\/27
|-damage|p2a: Mienfoo|17\/21|[from] item: Life Orb
|choice||switch 4
|
|switch|p2a: Pawniard|Pawniard, L5, M, shiny|21\/21
|move|p1a: Spritzee|Moonblast|p2a: Pawniard
|-damage|p2a: Pawniard|9\/21
|
|upkeep
|turn|3
|choice|move protect|move ironhead
|
|move|p1a: Spritzee|Protect|p1a: Spritzee
|-singleturn|p1a: Spritzee|Protect
|move|p2a: Pawniard|Iron Head|p1a: Spritzee
|-activate|p1a: Spritzee|move: Protect
|
|upkeep
|turn|4
|choice|switch 2|move ironhead
|
|switch|p1a: Timburr|Timburr, L5, F|24\/24
|move|p2a: Pawniard|Iron Head|p1a: Timburr
|-damage|p1a: Timburr|15\/24
|
|upkeep
|turn|5
|choice|move drainpunch|switch 5
|
|switch|p2a: Abra|Abra, L5, M|19\/19
|move|p1a: Timburr|Drain Punch|p2a: Abra
|-resisted|p2a: Abra
|-damage|p2a: Abra|10\/19
|-heal|p1a: Timburr|20\/24|[from] drain|[of] p2a: Abra
|
|upkeep
|turn|6
|choice|switch 3|move dazzlinggleam
|
|switch|p1a: Gothita|Gothita, L5, F, shiny|24\/24
|move|p2a: Abra|Dazzling Gleam|p1a: Gothita
|-damage|p1a: Gothita|17\/24
|
|upkeep
|turn|7
|choice|switch 5|move dazzlinggleam
|
|switch|p1a: Pawniard|Pawniard, L5, M, shiny|21\/21
|move|p2a: Abra|Dazzling Gleam|p1a: Pawniard
|-damage|p1a: Pawniard|9\/21
|
|upkeep
|turn|8
|choice|move pursuit|move hiddenpower
|
|move|p1a: Pawniard|Pursuit|p2a: Abra
|-supereffective|p2a: Abra
|-damage|p2a: Abra|0 fnt
|faint|p2a: Abra
|
|upkeep
|choice||switch 6
|
|switch|p2a: Diglett|Diglett, L5, M|18\/18
|turn|9
|choice|move pursuit|move earthquake
|
|move|p1a: Pawniard|Pursuit|p2a: Diglett
|-damage|p2a: Diglett|8\/18
|move|p2a: Diglett|Earthquake|p1a: Pawniard
|-supereffective|p1a: Pawniard
|-crit|p1a: Pawniard
|-damage|p1a: Pawniard|0 fnt
|faint|p1a: Pawniard
|
|upkeep
|choice|switch 3|
|
|switch|p1a: Timburr|Timburr, L5, F|20\/24
|turn|10
|choice|move bulkup|switch 3
|
|switch|p2a: Snivy|Snivy, L5, F, shiny|21\/21
|move|p1a: Timburr|Bulk Up|p1a: Timburr
|-boost|p1a: Timburr|atk|1
|-boost|p1a: Timburr|def|1
|
|upkeep
|turn|11
|choice|move drainpunch|move leafstorm
|
|move|p2a: Snivy|Leaf Storm|p1a: Timburr|[miss]
|-miss|p2a: Snivy|p1a: Timburr
|move|p1a: Timburr|Drain Punch|p2a: Snivy
|-damage|p2a: Snivy|8\/21
|-heal|p1a: Timburr|24\/24|[from] drain|[of] p2a: Snivy
|
|upkeep
|turn|12
|c|★Flyhn|rip in leaf miss
|c|★OP|ah sorry thats p lame
|choice|move drainpunch|move glare
|
|move|p2a: Snivy|Glare|p1a: Timburr
|-status|p1a: Timburr|par
|move|p1a: Timburr|Drain Punch|p2a: Snivy
|-damage|p2a: Snivy|0 fnt
|faint|p2a: Snivy
|
|upkeep
|choice||switch 2
|
|switch|p2a: Fletchling|Fletchling, L5, F|21\/21
|turn|13
|choice|move drainpunch|move substitute
|
|move|p2a: Fletchling|Substitute|p2a: Fletchling
|-start|p2a: Fletchling|Substitute
|-damage|p2a: Fletchling|16\/21
|move|p1a: Timburr|Drain Punch|p2a: Fletchling
|-end|p2a: Fletchling|Substitute
|
|upkeep
|turn|14
|choice|move drainpunch|move substitute
|
|move|p2a: Fletchling|Substitute|p2a: Fletchling
|-start|p2a: Fletchling|Substitute
|-damage|p2a: Fletchling|11\/21
|move|p1a: Timburr|Drain Punch|p2a: Fletchling
|-end|p2a: Fletchling|Substitute
|
|upkeep
|turn|15
|c|★Flyhn|ugh
|choice|move machpunch|move substitute
|
|move|p1a: Timburr|Mach Punch|p2a: Fletchling
|-damage|p2a: Fletchling|0 fnt
|faint|p2a: Fletchling
|
|upkeep
|c|★Flyhn|full prz when
|choice||switch 4
|
|switch|p2a: Mienfoo|Mienfoo, L5, F, shiny|21\/21
|turn|16
|choice|move drainpunch|move fakeout
|
|move|p2a: Mienfoo|Fake Out|p1a: Timburr
|-damage|p1a: Timburr|21\/24 par
|-damage|p2a: Mienfoo|19\/21|[from] item: Life Orb
|cant|p1a: Timburr|flinch
|
|upkeep
|turn|17
|choice|move drainpunch|move highjumpkick
|
|move|p2a: Mienfoo|High Jump Kick|p1a: Timburr
|-damage|p1a: Timburr|8\/24 par
|-damage|p2a: Mienfoo|17\/21|[from] item: Life Orb
|move|p1a: Timburr|Drain Punch|p2a: Mienfoo
|-damage|p2a: Mienfoo|0 fnt
|-heal|p1a: Timburr|17\/24 par|[from] drain|[of] p2a: Mienfoo
|faint|p2a: Mienfoo
|
|upkeep
|c|★Flyhn|ffs
|choice||switch 3
|
|switch|p2a: Diglett|Diglett, L5, M|8\/18
|turn|18
|choice|move machpunch|move earthquake
|
|move|p1a: Timburr|Mach Punch|p2a: Diglett
|-damage|p2a: Diglett|0 fnt
|faint|p2a: Diglett
|
|upkeep
|choice||switch 5
|
|switch|p2a: Pawniard|Pawniard, L5, M, shiny|9\/21
|turn|19
|choice|move machpunch|move ironhead
|
|move|p1a: Timburr|Mach Punch|p2a: Pawniard
|-supereffective|p2a: Pawniard
|-damage|p2a: Pawniard|0 fnt
|faint|p2a: Pawniard
|
|win|OP
|player|p1
|player|p2
|c|★OP|gg
|c|★Flyhn|Not a single full para wow
|c|★Flyhn|gg</script>
</div>
<div class="battle-log battle-log-inline"><div class="inner"><div class="battle-options"></div><div class="inner"><div class="chat"><small>OP joined.</small></div><div class="chat"><small>Flyhn joined.</small></div><div class=""><small>Format:</small> <br><strong>LC</strong></div><div class=""><small><em>Sleep Clause Mod:</em> Limit one foe put to sleep</small></div><div class=""><small><em>Species Clause:</em> Limit one of each Pokémon</small></div><div class=""><small><em>OHKO Clause:</em> OHKO moves are banned</small></div><div class=""><small><em>Moody Clause:</em> Moody is banned</small></div><div class=""><small><em>Evasion Moves Clause:</em> Evasion moves are banned</small></div><div class=""><small><em>Endless Battle Clause:</em> Forcing endless battles is banned</small></div><div class=""><small><em>HP Percentage Mod:</em> HP is shown in percentages</small></div><div class="chat battle-history"><strong>OP's team:</strong> <em style="color:#445566;display:block;">Snivy / Spritzee / Gothita / Onix / Pawniard / Timburr</em></div><div class="chat battle-history"><strong>Flyhn's team:</strong> <em style="color:#445566;display:block;">Abra / Fletchling / Snivy / Pawniard / Mienfoo / Diglett</em></div><div class="chat chatmessage-op"><strong style="color:hsl(122,58%,41.695337843891835%)"><small>★</small><span class="username" data-name="OP">OP</span>:</strong> <em>hf</em></div><div class="chat chatmessage-flyhn"><strong style="color:hsl(24,86%,43%)"><small>★</small><span class="username" data-name="Flyhn">Flyhn</span>:</strong> <em>same</em></div><div class="spacer battle-history"><br></div><div class="battle-history">Battle started between OP and Flyhn!<br></div><div class="spacer battle-history"><br></div><div class="battle-history">Go! <strong>Timburr</strong>!<br></div><div class="spacer battle-history"><br></div><div class="battle-history">Flyhn sent out <strong>Mienfoo</strong>!<br></div><div class="spacer battle-history"><br></div><h2 class="battle-history">Turn 1</h2><div class="spacer battle-history"><br></div><div class="battle-history">Timburr, come back!<br></div><div class="battle-history">Go! <strong>Spritzee</strong>!<br></div><div class="spacer battle-history"><br></div><div class="battle-history">The opposing Mienfoo used <strong>Fake Out</strong>!<br></div><div class="battle-history"><small>(Spritzee lost <abbr title="−4/27">14.8%</abbr> of its health!)</small><br></div><div class="battle-history"><small>The opposing Mienfoo lost some of its HP!</small><br></div><div class="spacer battle-history"><br></div><h2 class="battle-history">Turn 2</h2><div class="spacer battle-history"><br></div><div class="battle-history">The opposing Mienfoo used <strong>U-turn</strong>!<br></div><div class="battle-history"><small>It's not very effective...</small><br></div><div class="battle-history"><small>(Spritzee lost <abbr title="−3/27">11.1%</abbr> of its health!)</small><br></div><div class="battle-history"><small>The opposing Mienfoo lost some of its HP!</small><br></div><div class="spacer battle-history"><br></div><div class="battle-history">The opposing Mienfoo went back to Flyhn!<br></div><div class="battle-history">Flyhn sent out <strong>Pawniard</strong>!<br></div><div class="spacer battle-history"><br></div><div class="battle-history">Spritzee used <strong>Moonblast</strong>!<br></div><div class="battle-history"><small>(The opposing Pawniard lost <abbr title="−12/21">57.1%</abbr> of its health!)</small><br></div><div class="spacer battle-history"><br></div><h2 class="battle-history">Turn 3</h2><div class="spacer battle-history"><br></div><div class="battle-history">Spritzee used <strong>Protect</strong>!<br></div><div class="battle-history"><small>Spritzee protected itself!</small><br></div><div class="spacer battle-history"><br></div><div class="battle-history">The opposing Pawniard used <strong>Iron Head</strong>!<br></div><div class="battle-history"><small>Spritzee protected itself!</small><br></div><div class="spacer battle-history"><br></div><h2 class="battle-history">Turn 4</h2><div class="spacer battle-history"><br></div><div class="battle-history">Spritzee, come back!<br></div><div class="battle-history">Go! <strong>Timburr</strong>!<br></div><div class="spacer battle-history"><br></div><div class="battle-history">The opposing Pawniard used <strong>Iron Head</strong>!<br></div><div class="battle-history"><small>(Timburr lost <abbr title="−9/24">37.5%</abbr> of its health!)</small><br></div><div class="spacer battle-history"><br></div><h2 class="battle-history">Turn 5</h2><div class="spacer battle-history"><br></div><div class="battle-history">Flyhn withdrew Pawniard!<br></div><div class="battle-history">Flyhn sent out <strong>Abra</strong>!<br></div><div class="spacer battle-history"><br></div><div class="battle-history">Timburr used <strong>Drain Punch</strong>!<br></div><div class="battle-history"><small>It's not very effective...</small><br></div><div class="battle-history"><small>(The opposing Abra lost <abbr title="−9/19">47.4%</abbr> of its health!)</small><br></div><div class="battle-history"><small>The opposing Abra had its energy drained!</small><br></div><div class="spacer battle-history"><br></div><h2 class="battle-history">Turn 6</h2><div class="spacer battle-history"><br></div><div class="battle-history">Timburr, come back!<br></div><div class="battle-history">Go! <strong>Gothita</strong>!<br></div><div class="spacer battle-history"><br></div><div class="battle-history">The opposing Abra used <strong>Dazzling Gleam</strong>!<br></div><div class="battle-history"><small>(Gothita lost <abbr title="−7/24">29.2%</abbr> of its health!)</small><br></div><div class="spacer battle-history"><br></div><h2 class="battle-history">Turn 7</h2><div class="spacer battle-history"><br></div><div class="battle-history">Gothita, come back!<br></div><div class="battle-history">Go! <strong>Pawniard</strong>!<br></div><div class="spacer battle-history"><br></div><div class="battle-history">The opposing Abra used <strong>Dazzling Gleam</strong>!<br></div><div class="battle-history"><small>(Pawniard lost <abbr title="−12/21">57.1%</abbr> of its health!)</small><br></div><div class="spacer battle-history"><br></div><h2 class="battle-history">Turn 8</h2><div class="spacer battle-history"><br></div><div class="battle-history">Pawniard used <strong>Pursuit</strong>!<br></div><div class="battle-history"><small>It's super effective!</small><br></div><div class="battle-history"><small>(The opposing Abra lost <abbr title="−10/19">52.6%</abbr> of its health!)</small><br></div><div class="spacer battle-history"><br></div><div class="battle-history">The opposing Abra fainted!<br></div><div class="spacer battle-history"><br></div><div class="battle-history">Flyhn sent out <strong>Diglett</strong>!<br></div><div class="spacer battle-history"><br></div><h2 class="battle-history">Turn 9</h2><div class="spacer battle-history"><br></div><div class="battle-history">Pawniard used <strong>Pursuit</strong>!<br></div><div class="battle-history"><small>(The opposing Diglett lost <abbr title="−10/18">55.6%</abbr> of its health!)</small><br></div><div class="spacer battle-history"><br></div><div class="battle-history">The opposing Diglett used <strong>Earthquake</strong>!<br></div><div class="battle-history"><small>It's super effective!</small><br></div><div class="battle-history"><small>A critical hit!</small><br></div><div class="battle-history"><small>(Pawniard lost <abbr title="−9/21">42.9%</abbr> of its health!)</small><br></div><div class="spacer battle-history"><br></div><div class="battle-history">Pawniard fainted!<br></div><div class="spacer battle-history"><br></div><div class="battle-history">Go! <strong>Timburr</strong>!<br></div><div class="spacer battle-history"><br></div><h2 class="battle-history">Turn 10</h2><div class="spacer battle-history"><br></div><div class="battle-history">Flyhn withdrew Diglett!<br></div><div class="battle-history">Flyhn sent out <strong>Snivy</strong>!<br></div><div class="spacer battle-history"><br></div><div class="battle-history">Timburr used <strong>Bulk Up</strong>!<br></div><div class="battle-history"><small>Timburr's Attack rose!</small><br></div><div class="battle-history"><small>Timburr's Defense rose!</small><br></div><div class="spacer battle-history"><br></div><h2 class="battle-history">Turn 11</h2><div class="spacer battle-history"><br></div><div class="battle-history">The opposing Snivy used <strong>Leaf Storm</strong>!<br></div><div class="battle-history"><small>Timburr avoided the attack!</small><br></div><div class="spacer battle-history"><br></div><div class="battle-history">Timburr used <strong>Drain Punch</strong>!<br></div><div class="battle-history"><small>(The opposing Snivy lost <abbr title="−13/21">61.9%</abbr> of its health!)</small><br></div><div class="battle-history"><small>The opposing Snivy had its energy drained!</small><br></div><div class="spacer battle-history"><br></div><h2 class="battle-history">Turn 12</h2><div class="chat chatmessage-flyhn"><strong style="color:hsl(24,86%,43%)"><small>★</small><span class="username" data-name="Flyhn">Flyhn</span>:</strong> <em>rip in leaf miss</em></div><div class="chat chatmessage-op"><strong style="color:hsl(122,58%,41.695337843891835%)"><small>★</small><span class="username" data-name="OP">OP</span>:</strong> <em>ah sorry thats p lame</em></div><div class="spacer battle-history"><br></div><div class="battle-history">The opposing Snivy used <strong>Glare</strong>!<br></div><div class="battle-history"><small>Timburr is paralyzed! It may be unable to move!</small><br></div><div class="spacer battle-history"><br></div><div class="battle-history">Timburr used <strong>Drain Punch</strong>!<br></div><div class="battle-history"><small>(The opposing Snivy lost <abbr title="−8/21">38.1%</abbr> of its health!)</small><br></div><div class="spacer battle-history"><br></div><div class="battle-history">The opposing Snivy fainted!<br></div><div class="spacer battle-history"><br></div><div class="battle-history">Flyhn sent out <strong>Fletchling</strong>!<br></div><div class="spacer battle-history"><br></div><h2 class="battle-history">Turn 13</h2><div class="spacer battle-history"><br></div><div class="battle-history">The opposing Fletchling used <strong>Substitute</strong>!<br></div><div class="battle-history"><small>The opposing Fletchling put in a substitute!</small><br></div><div class="battle-history"><small>(The opposing Fletchling lost <abbr title="−5/21">23.8%</abbr> of its health!)</small><br></div><div class="spacer battle-history"><br></div><div class="battle-history">Timburr used <strong>Drain Punch</strong>!<br></div><div class="battle-history"><small>The opposing Fletchling's substitute faded!</small><br></div><div class="spacer battle-history"><br></div><h2 class="battle-history">Turn 14</h2><div class="spacer battle-history"><br></div><div class="battle-history">The opposing Fletchling used <strong>Substitute</strong>!<br></div><div class="battle-history"><small>The opposing Fletchling put in a substitute!</small><br></div><div class="battle-history"><small>(The opposing Fletchling lost <abbr title="−5/21">23.8%</abbr> of its health!)</small><br></div><div class="spacer battle-history"><br></div><div class="battle-history">Timburr used <strong>Drain Punch</strong>!<br></div><div class="battle-history"><small>The opposing Fletchling's substitute faded!</small><br></div><div class="spacer battle-history"><br></div><h2 class="battle-history">Turn 15</h2><div class="chat chatmessage-flyhn"><strong style="color:hsl(24,86%,43%)"><small>★</small><span class="username" data-name="Flyhn">Flyhn</span>:</strong> <em>ugh</em></div><div class="spacer battle-history"><br></div><div class="battle-history">Timburr used <strong>Mach Punch</strong>!<br></div><div class="battle-history"><small>(The opposing Fletchling lost <abbr title="−11/21">52.4%</abbr> of its health!)</small><br></div><div class="spacer battle-history"><br></div><div class="battle-history">The opposing Fletchling fainted!<br></div><div class="chat chatmessage-flyhn"><strong style="color:hsl(24,86%,43%)"><small>★</small><span class="username" data-name="Flyhn">Flyhn</span>:</strong> <em>full prz when</em></div><div class="spacer battle-history"><br></div><div class="battle-history">Flyhn sent out <strong>Mienfoo</strong>!<br></div><div class="spacer battle-history"><br></div><h2 class="battle-history">Turn 16</h2><div class="spacer battle-history"><br></div><div class="battle-history">The opposing Mienfoo used <strong>Fake Out</strong>!<br></div><div class="battle-history"><small>(Timburr lost <abbr title="−3/24">12.5%</abbr> of its health!)</small><br></div><div class="battle-history"><small>The opposing Mienfoo lost some of its HP!</small><br></div><div class="spacer battle-history"><br></div><div class="battle-history">Timburr flinched and couldn't move!<br></div><div class="spacer battle-history"><br></div><h2 class="battle-history">Turn 17</h2><div class="spacer battle-history"><br></div><div class="battle-history">The opposing Mienfoo used <strong>High Jump Kick</strong>!<br></div><div class="battle-history"><small>(Timburr lost <abbr title="−13/24">54.2%</abbr> of its health!)</small><br></div><div class="battle-history"><small>The opposing Mienfoo lost some of its HP!</small><br></div><div class="spacer battle-history"><br></div><div class="battle-history">Timburr used <strong>Drain Punch</strong>!<br></div><div class="battle-history"><small>(The opposing Mienfoo lost <abbr title="−17/21">81.0%</abbr> of its health!)</small><br></div><div class="battle-history"><small>The opposing Mienfoo had its energy drained!</small><br></div><div class="spacer battle-history"><br></div><div class="battle-history">The opposing Mienfoo fainted!<br></div><div class="chat chatmessage-flyhn"><strong style="color:hsl(24,86%,43%)"><small>★</small><span class="username" data-name="Flyhn">Flyhn</span>:</strong> <em>ffs</em></div><div class="spacer battle-history"><br></div><div class="battle-history">Flyhn sent out <strong>Diglett</strong>!<br></div><div class="spacer battle-history"><br></div><h2 class="battle-history">Turn 18</h2><div class="spacer battle-history"><br></div><div class="battle-history">Timburr used <strong>Mach Punch</strong>!<br></div><div class="battle-history"><small>(The opposing Diglett lost <abbr title="−8/18">44.4%</abbr> of its health!)</small><br></div><div class="spacer battle-history"><br></div><div class="battle-history">The opposing Diglett fainted!<br></div><div class="spacer battle-history"><br></div><div class="battle-history">Flyhn sent out <strong>Pawniard</strong>!<br></div><div class="spacer battle-history"><br></div><h2 class="battle-history">Turn 19</h2><div class="spacer battle-history"><br></div><div class="battle-history">Timburr used <strong>Mach Punch</strong>!<br></div><div class="battle-history"><small>It's super effective!</small><br></div><div class="battle-history"><small>(The opposing Pawniard lost <abbr title="−9/21">42.9%</abbr> of its health!)</small><br></div><div class="spacer battle-history"><br></div><div class="battle-history">The opposing Pawniard fainted!<br></div><div class="spacer battle-history"><br></div><div class="battle-history"><strong>OP</strong> won the battle!<br></div><div class="chat chatmessage-op"><strong style="color:hsl(122,58%,41.695337843891835%)"><small>★</small><span class="username" data-name="OP">OP</span>:</strong> <em>gg</em></div><div class="chat chatmessage-flyhn"><strong style="color:hsl(24,86%,43%)"><small>★</small><span class="username" data-name="Flyhn">Flyhn</span>:</strong> <em>Not a single full para wow</em></div><div class="chat chatmessage-flyhn"><strong style="color:hsl(24,86%,43%)"><small>★</small><span class="username" data-name="Flyhn">Flyhn</span>:</strong> <em>gg</em></div></div><div class="inner-preempt"></div></div></div>
</div>
<script>
let daily = Math.floor(Date.now()/1000/60/60/24);document.write('<script src="https://play.pokemonshowdown.com/js/replay-embed.js?version'+daily+'"></'+'script>');
</script>
