<!DOCTYPE html>
<meta charset="utf-8" />
<!-- version 1 -->
<title>LC replay: TheTrueDunkeroni vs. highestbonsai</title>
<style>
html,body {font-family:Verdana, sans-serif;font-size:10pt;margin:0;padding:0;}body{padding:12px 0;} .battle-log {font-family:Verdana, sans-serif;font-size:10pt;} .battle-log-inline {border:1px solid #AAAAAA;background:#EEF2F5;color:black;max-width:640px;margin:0 auto 80px;padding-bottom:5px;} .battle-log .inner {padding:4px 8px 0px 8px;} .battle-log .inner-preempt {padding:0 8px 4px 8px;} .battle-log .inner-after {margin-top:0.5em;} .battle-log h2 {margin:0.5em -8px;padding:4px 8px;border:1px solid #AAAAAA;background:#E0E7EA;border-left:0;border-right:0;font-family:Verdana, sans-serif;font-size:13pt;} .battle-log .chat {vertical-align:middle;padding:3px 0 3px 0;font-size:8pt;} .battle-log .chat strong {color:#40576A;} .battle-log .chat em {padding:1px 4px 1px 3px;color:#000000;font-style:normal;} .chat.mine {background:rgba(0,0,0,0.05);margin-left:-8px;margin-right:-8px;padding-left:8px;padding-right:8px;} .spoiler {color:#BBBBBB;background:#BBBBBB;padding:0px 3px;} .spoiler:hover, .spoiler:active, .spoiler-shown {color:#000000;background:#E2E2E2;padding:0px 3px;} .spoiler a {color:#BBBBBB;} .spoiler:hover a, .spoiler:active a, .spoiler-shown a {color:#2288CC;} .chat code, .chat .spoiler:hover code, .chat .spoiler:active code, .chat .spoiler-shown code {border:1px solid #C0C0C0;background:#EEEEEE;color:black;padding:0 2px;} .chat .spoiler code {border:1px solid #CCCCCC;background:#CCCCCC;color:#CCCCCC;} .battle-log .rated {padding:3px 4px;} .battle-log .rated strong {color:white;background:#89A;padding:1px 4px;border-radius:4px;} .spacer {margin-top:0.5em;} .message-announce {background:#6688AA;color:white;padding:1px 4px 2px;} .message-announce a, .broadcast-green a, .broadcast-blue a, .broadcast-red a {color:#DDEEFF;} .broadcast-green {background-color:#559955;color:white;padding:2px 4px;} .broadcast-blue {background-color:#6688AA;color:white;padding:2px 4px;} .infobox {border:1px solid #6688AA;padding:2px 4px;} .infobox-limited {max-height:200px;overflow:auto;overflow-x:hidden;} .broadcast-red {background-color:#AA5544;color:white;padding:2px 4px;} .message-learn-canlearn {font-weight:bold;color:#228822;text-decoration:underline;} .message-learn-cannotlearn {font-weight:bold;color:#CC2222;text-decoration:underline;} .message-effect-weak {font-weight:bold;color:#CC2222;} .message-effect-resist {font-weight:bold;color:#6688AA;} .message-effect-immune {font-weight:bold;color:#666666;} .message-learn-list {margin-top:0;margin-bottom:0;} .message-throttle-notice, .message-error {color:#992222;} .message-overflow, .chat small.message-overflow {font-size:0pt;} .message-overflow::before {font-size:9pt;content:'...';} .subtle {color:#3A4A66;}
</style>
<div class="wrapper replay-wrapper" style="max-width:1180px;margin:0 auto">
<input type="hidden" name="replayid" value="lc-520783591" />
<div class="battle"></div><div class="battle-log"></div><div class="replay-controls"></div><div class="replay-controls-2"></div>
<h1 style="font-weight:normal;text-align:center"><strong>LC</strong><br /><a href="http://pokemonshowdown.com/users/thetruedunkeroni" class="subtle" target="_blank">TheTrueDunkeroni</a> vs. <a href="http://pokemonshowdown.com/users/highestbonsai" class="subtle" target="_blank">highestbonsai</a></h1>
<script type="text/plain" class="battle-log-data">|j|TheTrueDunkeroni
|j|highestbonsai
|player|p1|TheTrueDunkeroni|162
|player|p2|highestbonsai|266
|gametype|singles
|gen|6
|tier|LC
|seed|38875,11883,20923,47727
|clearpoke
|poke|p1|Bulbasaur, L5, M, shiny|item
|poke|p1|Shellos-East, L5, M, shiny|item
|poke|p1|Squirtle, L5, F|item
|poke|p1|Darumaka, L5, M|item
|poke|p1|Grimer, L5, M, shiny|item
|poke|p1|Riolu, L5, F|item
|poke|p2|Magby, L5, F|item
|poke|p2|Lileep, L5, F|item
|poke|p2|Tirtouga, L5, M|item
|poke|p2|Elekid, L5, M|item
|poke|p2|Archen, L5, F|item
|poke|p2|Buizel, L5, M|item
|rule|Sleep Clause Mod: Limit one foe put to sleep
|rule|Species Clause: Limit one of each Pokémon
|rule|OHKO Clause: OHKO moves are banned
|rule|Moody Clause: Moody is banned
|rule|Evasion Moves Clause: Evasion moves are banned
|rule|Endless Battle Clause: Forcing endless battles is banned
|rule|HP Percentage Mod: HP is shown in percentages
|teampreview
|j|JimmyBraddock
|j|Mckenz
|choice|team 1, team 2, team 3, team 4, team 5, team 6|team 1, team 2, team 3, team 4, team 5, team 6
|
|start
|switch|p1a: Umbulba|Bulbasaur, L5, M, shiny|24\/24
|switch|p2a: Magby|Magby, L5, F|21\/21
|turn|1
|c| JimmyBraddock|get fucking predicted
|choice|switch 3|move flareblitz
|
|switch|p1a: Umbrella Boi|Squirtle, L5, F|23\/23
|move|p2a: Magby|Flare Blitz|p1a: Umbrella Boi
|-resisted|p1a: Umbrella Boi
|-damage|p1a: Umbrella Boi|14\/23
|-status|p1a: Umbrella Boi|brn
|-damage|p2a: Magby|18\/21|[from] recoil|[of] p1a: Umbrella Boi
|
|-heal|p1a: Umbrella Boi|15\/23 brn|[from] item: Leftovers
|-damage|p1a: Umbrella Boi|13\/23 brn|[from] brn
|upkeep
|turn|2
|c|★TheTrueDunkeroni|oh
|choice|move raindance|switch 2
|
|switch|p2a: Lileep|Lileep, L5, F|23\/23
|move|p1a: Umbrella Boi|Rain Dance|p1a: Umbrella Boi
|-weather|RainDance
|
|-weather|RainDance|[upkeep]
|-heal|p1a: Umbrella Boi|14\/23 brn|[from] ability: Rain Dish
|-heal|p1a: Umbrella Boi|15\/23 brn|[from] item: Leftovers
|-damage|p1a: Umbrella Boi|13\/23 brn|[from] brn
|upkeep
|turn|3
|choice|switch 3|move energyball
|
|switch|p1a: Umbulba|Bulbasaur, L5, M, shiny|24\/24
|move|p2a: Lileep|Energy Ball|p1a: Umbulba
|-resisted|p1a: Umbulba
|-damage|p1a: Umbulba|23\/24
|
|-weather|RainDance|[upkeep]
|upkeep
|turn|4
|choice|move toxic|move ancientpower
|
|move|p1a: Umbulba|Toxic|p2a: Lileep
|-status|p2a: Lileep|tox
|move|p2a: Lileep|Ancient Power|p1a: Umbulba
|-damage|p1a: Umbulba|19\/24
|-boost|p2a: Lileep|atk|1
|-boost|p2a: Lileep|def|1
|-boost|p2a: Lileep|spa|1
|-boost|p2a: Lileep|spd|1
|-boost|p2a: Lileep|spe|1
|
|-weather|RainDance|[upkeep]
|-damage|p2a: Lileep|22\/23 tox|[from] psn
|upkeep
|turn|5
|c|★TheTrueDunkeroni|lol again
|choice|move synthesis|move ancientpower
|
|move|p2a: Lileep|Ancient Power|p1a: Umbulba
|-damage|p1a: Umbulba|12\/24
|move|p1a: Umbulba|Synthesis|p1a: Umbulba
|-heal|p1a: Umbulba|18\/24
|
|-weather|RainDance|[upkeep]
|-damage|p2a: Lileep|20\/23 tox|[from] psn
|upkeep
|turn|6
|c| JimmyBraddock|oh rip
|c|★TheTrueDunkeroni|i screwed myself over
|c| JimmyBraddock|Sorry!
|c| JimmyBraddock|Sorry!
|c| JimmyBraddock|Sorry!
|c| JimmyBraddock|Sorry!
|c|★highestbonsai|oh
|choice|move synthesis|move ancientpower
|
|move|p2a: Lileep|Ancient Power|p1a: Umbulba
|-damage|p1a: Umbulba|11\/24
|move|p1a: Umbulba|Synthesis|p1a: Umbulba
|-heal|p1a: Umbulba|17\/24
|
|-weather|none
|-damage|p2a: Lileep|17\/23 tox|[from] psn
|upkeep
|turn|7
|choice|move synthesis|move ancientpower
|
|move|p2a: Lileep|Ancient Power|p1a: Umbulba
|-damage|p1a: Umbulba|10\/24
|move|p1a: Umbulba|Synthesis|p1a: Umbulba
|-heal|p1a: Umbulba|22\/24
|
|-damage|p2a: Lileep|13\/23 tox|[from] psn
|upkeep
|turn|8
|choice|move synthesis|move ancientpower
|
|move|p2a: Lileep|Ancient Power|p1a: Umbulba
|-damage|p1a: Umbulba|15\/24
|move|p1a: Umbulba|Synthesis|p1a: Umbulba
|-heal|p1a: Umbulba|24\/24
|
|-damage|p2a: Lileep|8\/23 tox|[from] psn
|upkeep
|turn|9
|choice|move synthesis|move painsplit
|
|move|p2a: Lileep|Pain Split|p1a: Umbulba
|-sethp|p1a: Umbulba|16\/24|p2a: Lileep|16\/23 tox|[from] move: Pain Split
|move|p1a: Umbulba|Synthesis|p1a: Umbulba
|-heal|p1a: Umbulba|24\/24
|
|-damage|p2a: Lileep|10\/23 tox|[from] psn
|upkeep
|turn|10
|choice|move synthesis|move painsplit
|
|move|p2a: Lileep|Pain Split|p1a: Umbulba
|-sethp|p1a: Umbulba|17\/24|p2a: Lileep|17\/23 tox|[from] move: Pain Split
|move|p1a: Umbulba|Synthesis|p1a: Umbulba
|-heal|p1a: Umbulba|24\/24
|
|-damage|p2a: Lileep|10\/23 tox|[from] psn
|upkeep
|turn|11
|choice|move gigadrain|move painsplit
|
|move|p2a: Lileep|Pain Split|p1a: Umbulba
|-sethp|p1a: Umbulba|17\/24|p2a: Lileep|17\/23 tox|[from] move: Pain Split
|move|p1a: Umbulba|Giga Drain|p2a: Lileep
|-damage|p2a: Lileep|14\/23 tox
|-heal|p1a: Umbulba|19\/24|[from] drain|[of] p2a: Lileep
|
|-damage|p2a: Lileep|6\/23 tox|[from] psn
|upkeep
|turn|12
|choice|move synthesis|move recover
|
|move|p2a: Lileep|Recover|p2a: Lileep
|-heal|p2a: Lileep|18\/23 tox
|move|p1a: Umbulba|Synthesis|p1a: Umbulba
|-heal|p1a: Umbulba|24\/24
|
|-damage|p2a: Lileep|9\/23 tox|[from] psn
|upkeep
|turn|13
|choice|move gigadrain|move painsplit
|
|move|p2a: Lileep|Pain Split|p1a: Umbulba
|-sethp|p1a: Umbulba|16\/24|p2a: Lileep|16\/23 tox|[from] move: Pain Split
|move|p1a: Umbulba|Giga Drain|p2a: Lileep
|-damage|p2a: Lileep|13\/23 tox
|-heal|p1a: Umbulba|18\/24|[from] drain|[of] p2a: Lileep
|
|-damage|p2a: Lileep|3\/23 tox|[from] psn
|upkeep
|turn|14
|choice|move gigadrain|move recover
|
|move|p2a: Lileep|Recover|p2a: Lileep
|-heal|p2a: Lileep|15\/23 tox
|move|p1a: Umbulba|Giga Drain|p2a: Lileep
|-damage|p2a: Lileep|12\/23 tox
|-heal|p1a: Umbulba|20\/24|[from] drain|[of] p2a: Lileep
|
|-damage|p2a: Lileep|1\/23 tox|[from] psn
|upkeep
|turn|15
|choice|move gigadrain|move painsplit
|
|move|p2a: Lileep|Pain Split|p1a: Umbulba
|-sethp|p1a: Umbulba|10\/24|p2a: Lileep|10\/23 tox|[from] move: Pain Split
|move|p1a: Umbulba|Giga Drain|p2a: Lileep
|-damage|p2a: Lileep|7\/23 tox
|-heal|p1a: Umbulba|12\/24|[from] drain|[of] p2a: Lileep
|
|-damage|p2a: Lileep|0 fnt|[from] psn
|upkeep
|faint|p2a: Lileep
|choice||switch 5
|
|switch|p2a: Archen|Archen, L5, F|23\/23
|turn|16
|choice|move synthesis|move aerialace
|
|move|p2a: Archen|Aerial Ace|p1a: Umbulba
|-supereffective|p1a: Umbulba
|-damage|p1a: Umbulba|0 fnt
|-damage|p2a: Archen|21\/23|[from] item: Life Orb
|faint|p1a: Umbulba
|
|upkeep
|choice|switch 3|
|
|switch|p1a: Umbrella Boi|Squirtle, L5, F|13\/23 brn
|turn|17
|choice|move raindance|move earthquake
|
|move|p2a: Archen|Earthquake|p1a: Umbrella Boi
|-damage|p1a: Umbrella Boi|0 fnt
|-damage|p2a: Archen|19\/23|[from] item: Life Orb
|faint|p1a: Umbrella Boi
|
|upkeep
|choice|switch 4|
|
|switch|p1a: Fat Umbrella|Darumaka, L5, M|24\/24
|turn|18
|choice|move brickbreak|move earthquake
|
|move|p1a: Fat Umbrella|Brick Break|p2a: Archen
|-damage|p2a: Archen|7\/23
|move|p2a: Archen|Earthquake|p1a: Fat Umbrella
|-supereffective|p1a: Fat Umbrella
|-damage|p1a: Fat Umbrella|1\/24
|-damage|p2a: Archen|5\/23|[from] item: Life Orb
|
|upkeep
|turn|19
|choice|move brickbreak|switch 4
|
|switch|p2a: Elekid|Elekid, L5, M|21\/21
|-item|p2a: Elekid|Air Balloon
|move|p1a: Fat Umbrella|Brick Break|p2a: Elekid
|-damage|p2a: Elekid|9\/21
|-enditem|p2a: Elekid|Air Balloon
|-status|p1a: Fat Umbrella|par|[from] ability: Static|[of] p2a: Elekid
|
|upkeep
|turn|20
|c| JimmyBraddock|pranked
|choice|move brickbreak|move poweruppunch
|
|move|p2a: Elekid|Power-Up Punch|p1a: Fat Umbrella
|-damage|p1a: Fat Umbrella|0 fnt
|-boost|p2a: Elekid|atk|1
|faint|p1a: Fat Umbrella
|
|upkeep
|choice|switch 5|
|
|switch|p1a: Umbrella Jizz|Grimer, L5, M, shiny|25\/25
|turn|21
|choice|move disable|move wildcharge
|
|move|p2a: Elekid|Wild Charge|p1a: Umbrella Jizz
|-damage|p1a: Umbrella Jizz|9\/25
|-damage|p2a: Elekid|5\/21|[from] recoil|[of] p1a: Umbrella Jizz
|move|p1a: Umbrella Jizz|Disable|p2a: Elekid
|-start|p2a: Elekid|Disable|Wild Charge
|
|upkeep
|turn|22
|choice|move harden|move firepunch
|
|move|p2a: Elekid|Fire Punch|p1a: Umbrella Jizz
|-damage|p1a: Umbrella Jizz|0 fnt
|faint|p1a: Umbrella Jizz
|
|upkeep
|choice|switch 2|
|
|switch|p1a: Umbrellos|Shellos-East, L5, M, shiny|24\/24
|turn|23
|choice|move mudslap|move poweruppunch
|
|move|p2a: Elekid|Power-Up Punch|p1a: Umbrellos
|-damage|p1a: Umbrellos|18\/24
|-boost|p2a: Elekid|atk|1
|move|p1a: Umbrellos|Mud-Slap|p2a: Elekid
|-supereffective|p2a: Elekid
|-damage|p2a: Elekid|1\/21
|-unboost|p2a: Elekid|accuracy|1
|
|upkeep
|turn|24
|choice|move protect|move poweruppunch
|
|move|p1a: Umbrellos|Protect|p1a: Umbrellos
|-singleturn|p1a: Umbrellos|Protect
|move|p2a: Elekid|Power-Up Punch|p1a: Umbrellos
|-activate|p1a: Umbrellos|move: Protect
|
|upkeep
|turn|25
|choice|move mudslap|move poweruppunch
|
|move|p2a: Elekid|Power-Up Punch|p1a: Umbrellos
|-damage|p1a: Umbrellos|12\/24
|-boost|p2a: Elekid|atk|1
|move|p1a: Umbrellos|Mud-Slap|p2a: Elekid
|-supereffective|p2a: Elekid
|-damage|p2a: Elekid|0 fnt
|faint|p2a: Elekid
|
|upkeep
|choice||switch 4
|
|switch|p2a: Archen|Archen, L5, F|5\/23
|turn|26
|choice|move recover|move roost
|
|move|p2a: Archen|Roost|p2a: Archen
|-heal|p2a: Archen|17\/23
|move|p1a: Umbrellos|Recover|p1a: Umbrellos
|-heal|p1a: Umbrellos|24\/24
|
|upkeep
|turn|27
|choice|move toxic|move earthquake
|
|move|p2a: Archen|Earthquake|p1a: Umbrellos
|-damage|p1a: Umbrellos|10\/24
|-damage|p2a: Archen|15\/23|[from] item: Life Orb
|move|p1a: Umbrellos|Toxic|p2a: Archen
|-status|p2a: Archen|tox
|
|-damage|p2a: Archen|14\/23 tox|[from] psn
|upkeep
|turn|28
|choice|move protect|move earthquake
|
|move|p1a: Umbrellos|Protect|p1a: Umbrellos
|-singleturn|p1a: Umbrellos|Protect
|move|p2a: Archen|Earthquake|p1a: Umbrellos
|-activate|p1a: Umbrellos|move: Protect
|
|-damage|p2a: Archen|12\/23 tox|[from] psn
|upkeep
|turn|29
|choice|move recover|move roost
|
|move|p2a: Archen|Roost|p2a: Archen
|-heal|p2a: Archen|23\/23 tox
|move|p1a: Umbrellos|Recover|p1a: Umbrellos
|-heal|p1a: Umbrellos|22\/24
|
|-damage|p2a: Archen|20\/23 tox|[from] psn
|upkeep
|turn|30
|choice|move protect|move earthquake
|
|move|p1a: Umbrellos|Protect|p1a: Umbrellos
|-singleturn|p1a: Umbrellos|Protect
|move|p2a: Archen|Earthquake|p1a: Umbrellos
|-activate|p1a: Umbrellos|move: Protect
|
|-damage|p2a: Archen|16\/23 tox|[from] psn
|upkeep
|turn|31
|choice|move recover|move earthquake
|
|move|p2a: Archen|Earthquake|p1a: Umbrellos
|-damage|p1a: Umbrellos|6\/24
|-damage|p2a: Archen|14\/23 tox|[from] item: Life Orb
|move|p1a: Umbrellos|Recover|p1a: Umbrellos
|-heal|p1a: Umbrellos|18\/24
|
|-damage|p2a: Archen|9\/23 tox|[from] psn
|upkeep
|turn|32
|choice|move protect|move roost
|
|move|p1a: Umbrellos|Protect|p1a: Umbrellos
|-singleturn|p1a: Umbrellos|Protect
|move|p2a: Archen|Roost|p2a: Archen
|-heal|p2a: Archen|21\/23 tox
|
|-damage|p2a: Archen|15\/23 tox|[from] psn
|upkeep
|turn|33
|choice|move recover|move roost
|
|move|p2a: Archen|Roost|p2a: Archen
|-heal|p2a: Archen|23\/23 tox
|move|p1a: Umbrellos|Recover|p1a: Umbrellos
|-heal|p1a: Umbrellos|24\/24
|
|-damage|p2a: Archen|16\/23 tox|[from] psn
|upkeep
|turn|34
|choice|move protect|move earthquake
|
|move|p1a: Umbrellos|Protect|p1a: Umbrellos
|-singleturn|p1a: Umbrellos|Protect
|move|p2a: Archen|Earthquake|p1a: Umbrellos
|-activate|p1a: Umbrellos|move: Protect
|
|-damage|p2a: Archen|8\/23 tox|[from] psn
|upkeep
|turn|35
|choice|move recover|move roost
|
|move|p2a: Archen|Roost|p2a: Archen
|-heal|p2a: Archen|20\/23 tox
|move|p1a: Umbrellos|Recover|p1a: Umbrellos
|-fail|p1a: Umbrellos
|
|-damage|p2a: Archen|11\/23 tox|[from] psn
|upkeep
|turn|36
|choice|move protect|move roost
|
|move|p1a: Umbrellos|Protect|p1a: Umbrellos
|-singleturn|p1a: Umbrellos|Protect
|move|p2a: Archen|Roost|p2a: Archen
|-heal|p2a: Archen|23\/23 tox
|
|-damage|p2a: Archen|13\/23 tox|[from] psn
|upkeep
|turn|37
|choice|move recover|move earthquake
|
|move|p2a: Archen|Earthquake|p1a: Umbrellos|[miss]
|-miss|p2a: Archen|p1a: Umbrellos
|move|p1a: Umbrellos|Recover|p1a: Umbrellos
|-fail|p1a: Umbrellos
|
|-damage|p2a: Archen|2\/23 tox|[from] psn
|upkeep
|turn|38
|choice|move protect|move roost
|
|move|p1a: Umbrellos|Protect|p1a: Umbrellos
|-singleturn|p1a: Umbrellos|Protect
|move|p2a: Archen|Roost|p2a: Archen
|-heal|p2a: Archen|14\/23 tox
|
|-damage|p2a: Archen|2\/23 tox|[from] psn
|upkeep
|turn|39
|choice|move recover|move roost
|
|move|p2a: Archen|Roost|p2a: Archen
|-heal|p2a: Archen|14\/23 tox
|move|p1a: Umbrellos|Recover|p1a: Umbrellos
|-fail|p1a: Umbrellos
|
|-damage|p2a: Archen|1\/23 tox|[from] psn
|upkeep
|turn|40
|c| JimmyBraddock|malek
|choice|move protect|move roost
|
|move|p1a: Umbrellos|Protect|p1a: Umbrellos
|-singleturn|p1a: Umbrellos|Protect
|move|p2a: Archen|Roost|p2a: Archen
|-heal|p2a: Archen|13\/23 tox
|
|-damage|p2a: Archen|0 fnt|[from] psn
|upkeep
|faint|p2a: Archen
|c|★TheTrueDunkeroni|?
|c| JimmyBraddock|the amount of times youve wasted recovers
|c|★TheTrueDunkeroni|yea
|c| JimmyBraddock|im so disappointed
|choice||switch 3
|
|switch|p2a: Tirtouga|Tirtouga, L5, M|21\/21
|turn|41
|choice|move toxic|move shellsmash
|
|move|p2a: Tirtouga|Shell Smash|p2a: Tirtouga
|-unboost|p2a: Tirtouga|def|1
|-unboost|p2a: Tirtouga|spd|1
|-boost|p2a: Tirtouga|atk|2
|-boost|p2a: Tirtouga|spa|2
|-boost|p2a: Tirtouga|spe|2
|move|p1a: Umbrellos|Toxic|p2a: Tirtouga
|-status|p2a: Tirtouga|tox
|
|-damage|p2a: Tirtouga|20\/21 tox|[from] psn
|upkeep
|turn|42
|choice|move mudslap|move shellsmash
|
|move|p2a: Tirtouga|Shell Smash|p2a: Tirtouga
|-unboost|p2a: Tirtouga|def|1
|-unboost|p2a: Tirtouga|spd|1
|-boost|p2a: Tirtouga|atk|2
|-boost|p2a: Tirtouga|spa|2
|-boost|p2a: Tirtouga|spe|2
|move|p1a: Umbrellos|Mud-Slap|p2a: Tirtouga
|-supereffective|p2a: Tirtouga
|-damage|p2a: Tirtouga|12\/21 tox
|-unboost|p2a: Tirtouga|accuracy|1
|
|-damage|p2a: Tirtouga|10\/21 tox|[from] psn
|upkeep
|-enditem|p2a: Tirtouga|Berry Juice
|-heal|p2a: Tirtouga|21\/21 tox|[from] item: Berry Juice
|turn|43
|choice|move mudslap|move shellsmash
|
|move|p2a: Tirtouga|Shell Smash|p2a: Tirtouga
|-unboost|p2a: Tirtouga|def|1
|-unboost|p2a: Tirtouga|spd|1
|-boost|p2a: Tirtouga|atk|2
|-boost|p2a: Tirtouga|spa|2
|-boost|p2a: Tirtouga|spe|2
|move|p1a: Umbrellos|Mud-Slap|p2a: Tirtouga
|-supereffective|p2a: Tirtouga
|-damage|p2a: Tirtouga|13\/21 tox
|-unboost|p2a: Tirtouga|accuracy|1
|
|-damage|p2a: Tirtouga|10\/21 tox|[from] psn
|upkeep
|turn|44
|choice|move protect|move earthquake
|
|move|p1a: Umbrellos|Protect|p1a: Umbrellos
|-singleturn|p1a: Umbrellos|Protect
|move|p2a: Tirtouga|Earthquake|p1a: Umbrellos
|-activate|p1a: Umbrellos|move: Protect
|
|-damage|p2a: Tirtouga|6\/21 tox|[from] psn
|upkeep
|turn|45
|choice|move recover|move earthquake
|
|move|p2a: Tirtouga|Earthquake|p1a: Umbrellos|[miss]
|-miss|p2a: Tirtouga|p1a: Umbrellos
|move|p1a: Umbrellos|Recover|p1a: Umbrellos
|-fail|p1a: Umbrellos
|
|-damage|p2a: Tirtouga|1\/21 tox|[from] psn
|upkeep
|turn|46
|c|★TheTrueDunkeroni|omg
|choice|move protect|move earthquake
|
|move|p1a: Umbrellos|Protect|p1a: Umbrellos
|-singleturn|p1a: Umbrellos|Protect
|move|p2a: Tirtouga|Earthquake|p1a: Umbrellos
|-activate|p1a: Umbrellos|move: Protect
|
|-damage|p2a: Tirtouga|0 fnt|[from] psn
|upkeep
|faint|p2a: Tirtouga
|c| JimmyBraddock|you lucky sod
|c|★highestbonsai|you lucky bastard
|c|★TheTrueDunkeroni|wtf
|c|★TheTrueDunkeroni|how am i this lucky
|choice||switch 2
|
|switch|p2a: Magby|Magby, L5, F|18\/21
|turn|47
|c| JimmyBraddock|that was a 50\/50 chance
|choice|move toxic|move poweruppunch
|
|move|p2a: Magby|Power-Up Punch|p1a: Umbrellos
|-damage|p1a: Umbrellos|20\/24
|-boost|p2a: Magby|atk|1
|move|p1a: Umbrellos|Toxic|p2a: Magby
|-status|p2a: Magby|tox
|
|-damage|p2a: Magby|17\/21 tox|[from] psn
|upkeep
|turn|48
|choice|move mudslap|move poweruppunch
|
|move|p2a: Magby|Power-Up Punch|p1a: Umbrellos|[miss]
|-miss|p2a: Magby|p1a: Umbrellos
|move|p1a: Umbrellos|Mud-Slap|p2a: Magby
|-supereffective|p2a: Magby
|-damage|p2a: Magby|13\/21 tox
|-unboost|p2a: Magby|accuracy|1
|
|-damage|p2a: Magby|11\/21 tox|[from] psn
|upkeep
|turn|49
|choice|move mudslap|move poweruppunch
|
|move|p2a: Magby|Power-Up Punch|p1a: Umbrellos|[miss]
|-miss|p2a: Magby|p1a: Umbrellos
|move|p1a: Umbrellos|Mud-Slap|p2a: Magby
|-supereffective|p2a: Magby
|-damage|p2a: Magby|7\/21 tox
|-unboost|p2a: Magby|accuracy|1
|
|-damage|p2a: Magby|4\/21 tox|[from] psn
|upkeep
|turn|50
|c| JimmyBraddock|HOLY FUCK
|c|★TheTrueDunkeroni|HAHAHAHAHA
|choice|move mudslap|move flareblitz
|
|move|p2a: Magby|Flare Blitz|p1a: Umbrellos|[miss]
|-miss|p2a: Magby|p1a: Umbrellos
|move|p1a: Umbrellos|Mud-Slap|p2a: Magby
|-supereffective|p2a: Magby
|-damage|p2a: Magby|0 fnt
|faint|p2a: Magby
|
|upkeep
|c|★TheTrueDunkeroni|LMAOOOO
|choice||switch 6
|
|switch|p2a: Buizel|Buizel, L5, M|22\/22
|turn|51
|c| JimmyBraddock|this is unreal
|choice|move toxic|move poweruppunch
|
|move|p2a: Buizel|Power-Up Punch|p1a: Umbrellos
|-damage|p1a: Umbrellos|16\/24
|-boost|p2a: Buizel|atk|1
|move|p1a: Umbrellos|Toxic|p2a: Buizel
|-status|p2a: Buizel|tox
|
|-damage|p2a: Buizel|21\/22 tox|[from] psn
|upkeep
|turn|52
|choice|move mudslap|move poweruppunch
|
|move|p2a: Buizel|Power-Up Punch|p1a: Umbrellos
|-damage|p1a: Umbrellos|10\/24
|-boost|p2a: Buizel|atk|1
|move|p1a: Umbrellos|Mud-Slap|p2a: Buizel
|-damage|p2a: Buizel|19\/22 tox
|-unboost|p2a: Buizel|accuracy|1
|
|-damage|p2a: Buizel|17\/22 tox|[from] psn
|upkeep
|turn|53
|choice|move recover|move poweruppunch
|
|move|p2a: Buizel|Power-Up Punch|p1a: Umbrellos|[miss]
|-miss|p2a: Buizel|p1a: Umbrellos
|move|p1a: Umbrellos|Recover|p1a: Umbrellos
|-heal|p1a: Umbrellos|22\/24
|
|-damage|p2a: Buizel|14\/22 tox|[from] psn
|upkeep
|turn|54
|c|★highestbonsai|i lost
|choice|move mudslap|move poweruppunch
|
|move|p2a: Buizel|Power-Up Punch|p1a: Umbrellos|[miss]
|-miss|p2a: Buizel|p1a: Umbrellos
|move|p1a: Umbrellos|Mud-Slap|p2a: Buizel
|-damage|p2a: Buizel|12\/22 tox
|-unboost|p2a: Buizel|accuracy|1
|
|-damage|p2a: Buizel|8\/22 tox|[from] psn
|upkeep
|turn|55
|c|★TheTrueDunkeroni|UMBRELLOS IS THE TRUE GOD
|choice|move mudslap|move poweruppunch
|
|move|p2a: Buizel|Power-Up Punch|p1a: Umbrellos|[miss]
|-miss|p2a: Buizel|p1a: Umbrellos
|move|p1a: Umbrellos|Mud-Slap|p2a: Buizel
|-damage|p2a: Buizel|6\/22 tox
|-unboost|p2a: Buizel|accuracy|1
|
|-damage|p2a: Buizel|1\/22 tox|[from] psn
|upkeep
|turn|56
|choice|move protect|move poweruppunch
|
|move|p1a: Umbrellos|Protect|p1a: Umbrellos
|-singleturn|p1a: Umbrellos|Protect
|move|p2a: Buizel|Power-Up Punch|p1a: Umbrellos
|-activate|p1a: Umbrellos|move: Protect
|
|-damage|p2a: Buizel|0 fnt|[from] psn
|upkeep
|faint|p2a: Buizel
|
|win|TheTrueDunkeroni
|player|p1
|player|p2
|c|★highestbonsai|what is this bs
|l|highestbonsai
|c| JimmyBraddock|what the fuck</script>
</div>
<div class="battle-log battle-log-inline"><div class="inner"><div class="battle-options"></div><div class="inner"><div class="chat"><small>TheTrueDunkeroni joined.</small></div><div class="chat"><small>highestbonsai joined.</small></div><div class=""><small>Format:</small> <br><strong>LC</strong></div><div class=""><small><em>Sleep Clause Mod:</em> Limit one foe put to sleep</small></div><div class=""><small><em>Species Clause:</em> Limit one of each Pokémon</small></div><div class=""><small><em>OHKO Clause:</em> OHKO moves are banned</small></div><div class=""><small><em>Moody Clause:</em> Moody is banned</small></div><div class=""><small><em>Evasion Moves Clause:</em> Evasion moves are banned</small></div><div class=""><small><em>Endless Battle Clause:</em> Forcing endless battles is banned</small></div><div class=""><small><em>HP Percentage Mod:</em> HP is shown in percentages</small></div><div class="chat battle-history"><strong>TheTrueDunkeroni's team:</strong> <em style="color:#445566;display:block;">Bulbasaur / Shellos-East / Squirtle / Darumaka / Grimer / Riolu</em></div><div class="chat battle-history"><strong>highestbonsai's team:</strong> <em style="color:#445566;display:block;">Magby / Lileep / Tirtouga / Elekid / Archen / Buizel</em></div><div class="chat"><small>JimmyBraddock joined.</small></div><div class="chat"><small>Mckenz joined.</small></div><div class="spacer battle-history"><br></div><div class="battle-history">Battle started between TheTrueDunkeroni and highestbonsai!<br></div><div class="spacer battle-history"><br></div><div class="battle-history">Go! Umbulba (<strong>Bulbasaur</strong>)!<br></div><div class="spacer battle-history"><br></div><div class="battle-history">highestbonsai sent out <strong>Magby</strong>!<br></div><div class="spacer battle-history"><br></div><h2 class="battle-history">Turn 1</h2><div class="chat chatmessage-jimmybraddock"><strong style="color:hsl(314,63%,42.90127652696321%)"><small> </small><span class="username" data-name="JimmyBraddock">JimmyBraddock</span>:</strong> <em>get fucking predicted</em></div><div class="spacer battle-history"><br></div><div class="battle-history">Umbulba, come back!<br></div><div class="battle-history">Go! Umbrella Boi (<strong>Squirtle</strong>)!<br></div><div class="spacer battle-history"><br></div><div class="battle-history">The opposing Magby used <strong>Flare Blitz</strong>!<br></div><div class="battle-history"><small>It's not very effective...</small><br></div><div class="battle-history"><small>(Umbrella Boi lost <abbr title="−9/23">39.1%</abbr> of its health!)</small><br></div><div class="battle-history"><small>Umbrella Boi was burned!</small><br></div><div class="battle-history"><small>The opposing Magby is damaged by the recoil!</small><br></div><div class="spacer battle-history"><br></div><div class="battle-history"><small>Umbrella Boi restored a little HP using its Leftovers!</small><br></div><div class="battle-history"><small>Umbrella Boi was hurt by its burn!</small><br></div><div class="spacer battle-history"><br></div><h2 class="battle-history">Turn 2</h2><div class="chat chatmessage-thetruedunkeroni"><strong style="color:hsl(189,81%,39%)"><small>★</small><span class="username" data-name="TheTrueDunkeroni">TheTrueDunkeroni</span>:</strong> <em>oh</em></div><div class="spacer battle-history"><br></div><div class="battle-history">highestbonsai withdrew Magby!<br></div><div class="battle-history">highestbonsai sent out <strong>Lileep</strong>!<br></div><div class="spacer battle-history"><br></div><div class="battle-history">Umbrella Boi used <strong>Rain Dance</strong>!<br></div><div class="battle-history"><small>It started to rain!</small><br></div><div class="spacer battle-history"><br></div><div class="battle-history"><small>(Rain continues to fall!)</small><br></div><div class="battle-history"><small>[Umbrella Boi's Rain Dish]</small><br><small>Umbrella Boi restored its HP.</small><br></div><div class="battle-history"><small>Umbrella Boi restored a little HP using its Leftovers!</small><br></div><div class="battle-history"><small>Umbrella Boi was hurt by its burn!</small><br></div><div class="spacer battle-history"><br></div><h2 class="battle-history">Turn 3</h2><div class="spacer battle-history"><br></div><div class="battle-history">Umbrella Boi, come back!<br></div><div class="battle-history">Go! Umbulba (<strong>Bulbasaur</strong>)!<br></div><div class="spacer battle-history"><br></div><div class="battle-history">The opposing Lileep used <strong>Energy Ball</strong>!<br></div><div class="battle-history"><small>It's not very effective...</small><br></div><div class="battle-history"><small>(Umbulba lost <abbr title="−1/24">4.2%</abbr> of its health!)</small><br></div><div class="spacer battle-history"><br></div><div class="battle-history"><small>(Rain continues to fall!)</small><br></div><div class="spacer battle-history"><br></div><h2 class="battle-history">Turn 4</h2><div class="spacer battle-history"><br></div><div class="battle-history">Umbulba used <strong>Toxic</strong>!<br></div><div class="battle-history"><small>The opposing Lileep was badly poisoned!</small><br></div><div class="spacer battle-history"><br></div><div class="battle-history">The opposing Lileep used <strong>Ancient Power</strong>!<br></div><div class="battle-history"><small>(Umbulba lost <abbr title="−4/24">16.7%</abbr> of its health!)</small><br></div><div class="battle-history"><small>The opposing Lileep's Attack rose!</small><br></div><div class="battle-history"><small>The opposing Lileep's Defense rose!</small><br></div><div class="battle-history"><small>The opposing Lileep's Special Attack rose!</small><br></div><div class="battle-history"><small>The opposing Lileep's Special Defense rose!</small><br></div><div class="battle-history"><small>The opposing Lileep's Speed rose!</small><br></div><div class="spacer battle-history"><br></div><div class="battle-history"><small>(Rain continues to fall!)</small><br></div><div class="battle-history"><small>The opposing Lileep was hurt by poison!</small><br></div><div class="spacer battle-history"><br></div><h2 class="battle-history">Turn 5</h2><div class="chat chatmessage-thetruedunkeroni"><strong style="color:hsl(189,81%,39%)"><small>★</small><span class="username" data-name="TheTrueDunkeroni">TheTrueDunkeroni</span>:</strong> <em>lol again</em></div><div class="spacer battle-history"><br></div><div class="battle-history">The opposing Lileep used <strong>Ancient Power</strong>!<br></div><div class="battle-history"><small>(Umbulba lost <abbr title="−7/24">29.2%</abbr> of its health!)</small><br></div><div class="spacer battle-history"><br></div><div class="battle-history">Umbulba used <strong>Synthesis</strong>!<br></div><div class="battle-history"><small>Umbulba restored its HP.</small><br></div><div class="spacer battle-history"><br></div><div class="battle-history"><small>(Rain continues to fall!)</small><br></div><div class="battle-history"><small>The opposing Lileep was hurt by poison!</small><br></div><div class="spacer battle-history"><br></div><h2 class="battle-history">Turn 6</h2><div class="chat chatmessage-jimmybraddock"><strong style="color:hsl(314,63%,42.90127652696321%)"><small> </small><span class="username" data-name="JimmyBraddock">JimmyBraddock</span>:</strong> <em>oh rip</em></div><div class="chat chatmessage-thetruedunkeroni"><strong style="color:hsl(189,81%,39%)"><small>★</small><span class="username" data-name="TheTrueDunkeroni">TheTrueDunkeroni</span>:</strong> <em>i screwed myself over</em></div><div class="chat chatmessage-jimmybraddock"><strong style="color:hsl(314,63%,42.90127652696321%)"><small> </small><span class="username" data-name="JimmyBraddock">JimmyBraddock</span>:</strong> <em>Sorry!</em></div><div class="chat chatmessage-jimmybraddock"><strong style="color:hsl(314,63%,42.90127652696321%)"><small> </small><span class="username" data-name="JimmyBraddock">JimmyBraddock</span>:</strong> <em>Sorry!</em></div><div class="chat chatmessage-jimmybraddock"><strong style="color:hsl(314,63%,42.90127652696321%)"><small> </small><span class="username" data-name="JimmyBraddock">JimmyBraddock</span>:</strong> <em>Sorry!</em></div><div class="chat chatmessage-jimmybraddock"><strong style="color:hsl(314,63%,42.90127652696321%)"><small> </small><span class="username" data-name="JimmyBraddock">JimmyBraddock</span>:</strong> <em>Sorry!</em></div><div class="chat chatmessage-highestbonsai"><strong style="color:hsl(89,58%,40%)"><small>★</small><span class="username" data-name="highestbonsai">highestbonsai</span>:</strong> <em>oh</em></div><div class="spacer battle-history"><br></div><div class="battle-history">The opposing Lileep used <strong>Ancient Power</strong>!<br></div><div class="battle-history"><small>(Umbulba lost <abbr title="−7/24">29.2%</abbr> of its health!)</small><br></div><div class="spacer battle-history"><br></div><div class="battle-history">Umbulba used <strong>Synthesis</strong>!<br></div><div class="battle-history"><small>Umbulba restored its HP.</small><br></div><div class="spacer battle-history"><br></div><div class="battle-history"><small>The rain stopped.</small><br></div><div class="battle-history"><small>The opposing Lileep was hurt by poison!</small><br></div><div class="spacer battle-history"><br></div><h2 class="battle-history">Turn 7</h2><div class="spacer battle-history"><br></div><div class="battle-history">The opposing Lileep used <strong>Ancient Power</strong>!<br></div><div class="battle-history"><small>(Umbulba lost <abbr title="−7/24">29.2%</abbr> of its health!)</small><br></div><div class="spacer battle-history"><br></div><div class="battle-history">Umbulba used <strong>Synthesis</strong>!<br></div><div class="battle-history"><small>Umbulba restored its HP.</small><br></div><div class="spacer battle-history"><br></div><div class="battle-history"><small>The opposing Lileep was hurt by poison!</small><br></div><div class="spacer battle-history"><br></div><h2 class="battle-history">Turn 8</h2><div class="spacer battle-history"><br></div><div class="battle-history">The opposing Lileep used <strong>Ancient Power</strong>!<br></div><div class="battle-history"><small>(Umbulba lost <abbr title="−7/24">29.2%</abbr> of its health!)</small><br></div><div class="spacer battle-history"><br></div><div class="battle-history">Umbulba used <strong>Synthesis</strong>!<br></div><div class="battle-history"><small>Umbulba restored its HP.</small><br></div><div class="spacer battle-history"><br></div><div class="battle-history"><small>The opposing Lileep was hurt by poison!</small><br></div><div class="spacer battle-history"><br></div><h2 class="battle-history">Turn 9</h2><div class="spacer battle-history"><br></div><div class="battle-history">The opposing Lileep used <strong>Pain Split</strong>!<br></div><div class="battle-history"><small>The battlers shared their pain!</small><br></div><div class="spacer battle-history"><br></div><div class="battle-history">Umbulba used <strong>Synthesis</strong>!<br></div><div class="battle-history"><small>Umbulba restored its HP.</small><br></div><div class="spacer battle-history"><br></div><div class="battle-history"><small>The opposing Lileep was hurt by poison!</small><br></div><div class="spacer battle-history"><br></div><h2 class="battle-history">Turn 10</h2><div class="spacer battle-history"><br></div><div class="battle-history">The opposing Lileep used <strong>Pain Split</strong>!<br></div><div class="battle-history"><small>The battlers shared their pain!</small><br></div><div class="spacer battle-history"><br></div><div class="battle-history">Umbulba used <strong>Synthesis</strong>!<br></div><div class="battle-history"><small>Umbulba restored its HP.</small><br></div><div class="spacer battle-history"><br></div><div class="battle-history"><small>The opposing Lileep was hurt by poison!</small><br></div><div class="spacer battle-history"><br></div><h2 class="battle-history">Turn 11</h2><div class="spacer battle-history"><br></div><div class="battle-history">The opposing Lileep used <strong>Pain Split</strong>!<br></div><div class="battle-history"><small>The battlers shared their pain!</small><br></div><div class="spacer battle-history"><br></div><div class="battle-history">Umbulba used <strong>Giga Drain</strong>!<br></div><div class="battle-history"><small>(The opposing Lileep lost <abbr title="−3/23">13.0%</abbr> of its health!)</small><br></div><div class="battle-history"><small>The opposing Lileep had its energy drained!</small><br></div><div class="spacer battle-history"><br></div><div class="battle-history"><small>The opposing Lileep was hurt by poison!</small><br></div><div class="spacer battle-history"><br></div><h2 class="battle-history">Turn 12</h2><div class="spacer battle-history"><br></div><div class="battle-history">The opposing Lileep used <strong>Recover</strong>!<br></div><div class="battle-history"><small>The opposing Lileep restored its HP.</small><br></div><div class="spacer battle-history"><br></div><div class="battle-history">Umbulba used <strong>Synthesis</strong>!<br></div><div class="battle-history"><small>Umbulba restored its HP.</small><br></div><div class="spacer battle-history"><br></div><div class="battle-history"><small>The opposing Lileep was hurt by poison!</small><br></div><div class="spacer battle-history"><br></div><h2 class="battle-history">Turn 13</h2><div class="spacer battle-history"><br></div><div class="battle-history">The opposing Lileep used <strong>Pain Split</strong>!<br></div><div class="battle-history"><small>The battlers shared their pain!</small><br></div><div class="spacer battle-history"><br></div><div class="battle-history">Umbulba used <strong>Giga Drain</strong>!<br></div><div class="battle-history"><small>(The opposing Lileep lost <abbr title="−3/23">13.0%</abbr> of its health!)</small><br></div><div class="battle-history"><small>The opposing Lileep had its energy drained!</small><br></div><div class="spacer battle-history"><br></div><div class="battle-history"><small>The opposing Lileep was hurt by poison!</small><br></div><div class="spacer battle-history"><br></div><h2 class="battle-history">Turn 14</h2><div class="spacer battle-history"><br></div><div class="battle-history">The opposing Lileep used <strong>Recover</strong>!<br></div><div class="battle-history"><small>The opposing Lileep restored its HP.</small><br></div><div class="spacer battle-history"><br></div><div class="battle-history">Umbulba used <strong>Giga Drain</strong>!<br></div><div class="battle-history"><small>(The opposing Lileep lost <abbr title="−3/23">13.0%</abbr> of its health!)</small><br></div><div class="battle-history"><small>The opposing Lileep had its energy drained!</small><br></div><div class="spacer battle-history"><br></div><div class="battle-history"><small>The opposing Lileep was hurt by poison!</small><br></div><div class="spacer battle-history"><br></div><h2 class="battle-history">Turn 15</h2><div class="spacer battle-history"><br></div><div class="battle-history">The opposing Lileep used <strong>Pain Split</strong>!<br></div><div class="battle-history"><small>The battlers shared their pain!</small><br></div><div class="spacer battle-history"><br></div><div class="battle-history">Umbulba used <strong>Giga Drain</strong>!<br></div><div class="battle-history"><small>(The opposing Lileep lost <abbr title="−3/23">13.0%</abbr> of its health!)</small><br></div><div class="battle-history"><small>The opposing Lileep had its energy drained!</small><br></div><div class="spacer battle-history"><br></div><div class="battle-history"><small>The opposing Lileep was hurt by poison!</small><br></div><div class="spacer battle-history"><br></div><div class="battle-history">The opposing Lileep fainted!<br></div><div class="spacer battle-history"><br></div><div class="battle-history">highestbonsai sent out <strong>Archen</strong>!<br></div><div class="spacer battle-history"><br></div><h2 class="battle-history">Turn 16</h2><div class="spacer battle-history"><br></div><div class="battle-history">The opposing Archen used <strong>Aerial Ace</strong>!<br></div><div class="battle-history"><small>It's super effective!</small><br></div><div class="battle-history"><small>(Umbulba lost <abbr title="−12/24">50%</abbr> of its health!)</small><br></div><div class="battle-history"><small>The opposing Archen lost some of its HP!</small><br></div><div class="spacer battle-history"><br></div><div class="battle-history">Umbulba fainted!<br></div><div class="spacer battle-history"><br></div><div class="battle-history">Go! Umbrella Boi (<strong>Squirtle</strong>)!<br></div><div class="spacer battle-history"><br></div><h2 class="battle-history">Turn 17</h2><div class="spacer battle-history"><br></div><div class="battle-history">The opposing Archen used <strong>Earthquake</strong>!<br></div><div class="battle-history"><small>(Umbrella Boi lost <abbr title="−13/23">56.5%</abbr> of its health!)</small><br></div><div class="battle-history"><small>The opposing Archen lost some of its HP!</small><br></div><div class="spacer battle-history"><br></div><div class="battle-history">Umbrella Boi fainted!<br></div><div class="spacer battle-history"><br></div><div class="battle-history">Go! Fat Umbrella (<strong>Darumaka</strong>)!<br></div><div class="spacer battle-history"><br></div><h2 class="battle-history">Turn 18</h2><div class="spacer battle-history"><br></div><div class="battle-history">Fat Umbrella used <strong>Brick Break</strong>!<br></div><div class="battle-history"><small>(The opposing Archen lost <abbr title="−12/23">52.2%</abbr> of its health!)</small><br></div><div class="spacer battle-history"><br></div><div class="battle-history">The opposing Archen used <strong>Earthquake</strong>!<br></div><div class="battle-history"><small>It's super effective!</small><br></div><div class="battle-history"><small>(Fat Umbrella lost <abbr title="−23/24">95.8%</abbr> of its health!)</small><br></div><div class="battle-history"><small>The opposing Archen lost some of its HP!</small><br></div><div class="spacer battle-history"><br></div><h2 class="battle-history">Turn 19</h2><div class="spacer battle-history"><br></div><div class="battle-history">highestbonsai withdrew Archen!<br></div><div class="battle-history">highestbonsai sent out <strong>Elekid</strong>!<br></div><div class="battle-history"><small>The opposing Elekid floats in the air with its Air Balloon!</small><br></div><div class="spacer battle-history"><br></div><div class="battle-history">Fat Umbrella used <strong>Brick Break</strong>!<br></div><div class="battle-history"><small>(The opposing Elekid lost <abbr title="−12/21">57.1%</abbr> of its health!)</small><br></div><div class="battle-history"><small>The opposing Elekid's Air Balloon popped!</small><br></div><div class="battle-history"><small>[The opposing Elekid's Static]</small><br><small>Fat Umbrella is paralyzed! It may be unable to move!</small><br></div><div class="spacer battle-history"><br></div><h2 class="battle-history">Turn 20</h2><div class="chat chatmessage-jimmybraddock"><strong style="color:hsl(314,63%,42.90127652696321%)"><small> </small><span class="username" data-name="JimmyBraddock">JimmyBraddock</span>:</strong> <em>pranked</em></div><div class="spacer battle-history"><br></div><div class="battle-history">The opposing Elekid used <strong>Power-Up Punch</strong>!<br></div><div class="battle-history"><small>(Fat Umbrella lost <abbr title="−1/24">4.2%</abbr> of its health!)</small><br></div><div class="battle-history"><small>The opposing Elekid's Attack rose!</small><br></div><div class="spacer battle-history"><br></div><div class="battle-history">Fat Umbrella fainted!<br></div><div class="spacer battle-history"><br></div><div class="battle-history">Go! Umbrella Jizz (<strong>Grimer</strong>)!<br></div><div class="spacer battle-history"><br></div><h2 class="battle-history">Turn 21</h2><div class="spacer battle-history"><br></div><div class="battle-history">The opposing Elekid used <strong>Wild Charge</strong>!<br></div><div class="battle-history"><small>(Umbrella Jizz lost <abbr title="−16/25">64%</abbr> of its health!)</small><br></div><div class="battle-history"><small>The opposing Elekid is damaged by the recoil!</small><br></div><div class="spacer battle-history"><br></div><div class="battle-history">Umbrella Jizz used <strong>Disable</strong>!<br></div><div class="battle-history"><small>The opposing Elekid's Wild Charge was disabled!</small><br></div><div class="spacer battle-history"><br></div><h2 class="battle-history">Turn 22</h2><div class="spacer battle-history"><br></div><div class="battle-history">The opposing Elekid used <strong>Fire Punch</strong>!<br></div><div class="battle-history"><small>(Umbrella Jizz lost <abbr title="−9/25">36%</abbr> of its health!)</small><br></div><div class="spacer battle-history"><br></div><div class="battle-history">Umbrella Jizz fainted!<br></div><div class="spacer battle-history"><br></div><div class="battle-history">Go! Umbrellos (<strong>Shellos-East</strong>)!<br></div><div class="spacer battle-history"><br></div><h2 class="battle-history">Turn 23</h2><div class="spacer battle-history"><br></div><div class="battle-history">The opposing Elekid used <strong>Power-Up Punch</strong>!<br></div><div class="battle-history"><small>(Umbrellos lost <abbr title="−6/24">25%</abbr> of its health!)</small><br></div><div class="battle-history"><small>The opposing Elekid's Attack rose!</small><br></div><div class="spacer battle-history"><br></div><div class="battle-history">Umbrellos used <strong>Mud-Slap</strong>!<br></div><div class="battle-history"><small>It's super effective!</small><br></div><div class="battle-history"><small>(The opposing Elekid lost <abbr title="−4/21">19.0%</abbr> of its health!)</small><br></div><div class="battle-history"><small>The opposing Elekid's accuracy fell!</small><br></div><div class="spacer battle-history"><br></div><h2 class="battle-history">Turn 24</h2><div class="spacer battle-history"><br></div><div class="battle-history">Umbrellos used <strong>Protect</strong>!<br></div><div class="battle-history"><small>Umbrellos protected itself!</small><br></div><div class="spacer battle-history"><br></div><div class="battle-history">The opposing Elekid used <strong>Power-Up Punch</strong>!<br></div><div class="battle-history"><small>Umbrellos protected itself!</small><br></div><div class="spacer battle-history"><br></div><h2 class="battle-history">Turn 25</h2><div class="spacer battle-history"><br></div><div class="battle-history">The opposing Elekid used <strong>Power-Up Punch</strong>!<br></div><div class="battle-history"><small>(Umbrellos lost <abbr title="−6/24">25%</abbr> of its health!)</small><br></div><div class="battle-history"><small>The opposing Elekid's Attack rose!</small><br></div><div class="spacer battle-history"><br></div><div class="battle-history">Umbrellos used <strong>Mud-Slap</strong>!<br></div><div class="battle-history"><small>It's super effective!</small><br></div><div class="battle-history"><small>(The opposing Elekid lost <abbr title="−1/21">4.8%</abbr> of its health!)</small><br></div><div class="spacer battle-history"><br></div><div class="battle-history">The opposing Elekid fainted!<br></div><div class="spacer battle-history"><br></div><div class="battle-history">highestbonsai sent out <strong>Archen</strong>!<br></div><div class="spacer battle-history"><br></div><h2 class="battle-history">Turn 26</h2><div class="spacer battle-history"><br></div><div class="battle-history">The opposing Archen used <strong>Roost</strong>!<br></div><div class="battle-history"><small>The opposing Archen restored its HP.</small><br></div><div class="spacer battle-history"><br></div><div class="battle-history">Umbrellos used <strong>Recover</strong>!<br></div><div class="battle-history"><small>Umbrellos restored its HP.</small><br></div><div class="spacer battle-history"><br></div><h2 class="battle-history">Turn 27</h2><div class="spacer battle-history"><br></div><div class="battle-history">The opposing Archen used <strong>Earthquake</strong>!<br></div><div class="battle-history"><small>(Umbrellos lost <abbr title="−14/24">58.3%</abbr> of its health!)</small><br></div><div class="battle-history"><small>The opposing Archen lost some of its HP!</small><br></div><div class="spacer battle-history"><br></div><div class="battle-history">Umbrellos used <strong>Toxic</strong>!<br></div><div class="battle-history"><small>The opposing Archen was badly poisoned!</small><br></div><div class="spacer battle-history"><br></div><div class="battle-history"><small>The opposing Archen was hurt by poison!</small><br></div><div class="spacer battle-history"><br></div><h2 class="battle-history">Turn 28</h2><div class="spacer battle-history"><br></div><div class="battle-history">Umbrellos used <strong>Protect</strong>!<br></div><div class="battle-history"><small>Umbrellos protected itself!</small><br></div><div class="spacer battle-history"><br></div><div class="battle-history">The opposing Archen used <strong>Earthquake</strong>!<br></div><div class="battle-history"><small>Umbrellos protected itself!</small><br></div><div class="spacer battle-history"><br></div><div class="battle-history"><small>The opposing Archen was hurt by poison!</small><br></div><div class="spacer battle-history"><br></div><h2 class="battle-history">Turn 29</h2><div class="spacer battle-history"><br></div><div class="battle-history">The opposing Archen used <strong>Roost</strong>!<br></div><div class="battle-history"><small>The opposing Archen restored its HP.</small><br></div><div class="spacer battle-history"><br></div><div class="battle-history">Umbrellos used <strong>Recover</strong>!<br></div><div class="battle-history"><small>Umbrellos restored its HP.</small><br></div><div class="spacer battle-history"><br></div><div class="battle-history"><small>The opposing Archen was hurt by poison!</small><br></div><div class="spacer battle-history"><br></div><h2 class="battle-history">Turn 30</h2><div class="spacer battle-history"><br></div><div class="battle-history">Umbrellos used <strong>Protect</strong>!<br></div><div class="battle-history"><small>Umbrellos protected itself!</small><br></div><div class="spacer battle-history"><br></div><div class="battle-history">The opposing Archen used <strong>Earthquake</strong>!<br></div><div class="battle-history"><small>Umbrellos protected itself!</small><br></div><div class="spacer battle-history"><br></div><div class="battle-history"><small>The opposing Archen was hurt by poison!</small><br></div><div class="spacer battle-history"><br></div><h2 class="battle-history">Turn 31</h2><div class="spacer battle-history"><br></div><div class="battle-history">The opposing Archen used <strong>Earthquake</strong>!<br></div><div class="battle-history"><small>(Umbrellos lost <abbr title="−16/24">66.7%</abbr> of its health!)</small><br></div><div class="battle-history"><small>The opposing Archen lost some of its HP!</small><br></div><div class="spacer battle-history"><br></div><div class="battle-history">Umbrellos used <strong>Recover</strong>!<br></div><div class="battle-history"><small>Umbrellos restored its HP.</small><br></div><div class="spacer battle-history"><br></div><div class="battle-history"><small>The opposing Archen was hurt by poison!</small><br></div><div class="spacer battle-history"><br></div><h2 class="battle-history">Turn 32</h2><div class="spacer battle-history"><br></div><div class="battle-history">Umbrellos used <strong>Protect</strong>!<br></div><div class="battle-history"><small>Umbrellos protected itself!</small><br></div><div class="spacer battle-history"><br></div><div class="battle-history">The opposing Archen used <strong>Roost</strong>!<br></div><div class="battle-history"><small>The opposing Archen restored its HP.</small><br></div><div class="spacer battle-history"><br></div><div class="battle-history"><small>The opposing Archen was hurt by poison!</small><br></div><div class="spacer battle-history"><br></div><h2 class="battle-history">Turn 33</h2><div class="spacer battle-history"><br></div><div class="battle-history">The opposing Archen used <strong>Roost</strong>!<br></div><div class="battle-history"><small>The opposing Archen restored its HP.</small><br></div><div class="spacer battle-history"><br></div><div class="battle-history">Umbrellos used <strong>Recover</strong>!<br></div><div class="battle-history"><small>Umbrellos restored its HP.</small><br></div><div class="spacer battle-history"><br></div><div class="battle-history"><small>The opposing Archen was hurt by poison!</small><br></div><div class="spacer battle-history"><br></div><h2 class="battle-history">Turn 34</h2><div class="spacer battle-history"><br></div><div class="battle-history">Umbrellos used <strong>Protect</strong>!<br></div><div class="battle-history"><small>Umbrellos protected itself!</small><br></div><div class="spacer battle-history"><br></div><div class="battle-history">The opposing Archen used <strong>Earthquake</strong>!<br></div><div class="battle-history"><small>Umbrellos protected itself!</small><br></div><div class="spacer battle-history"><br></div><div class="battle-history"><small>The opposing Archen was hurt by poison!</small><br></div><div class="spacer battle-history"><br></div><h2 class="battle-history">Turn 35</h2><div class="spacer battle-history"><br></div><div class="battle-history">The opposing Archen used <strong>Roost</strong>!<br></div><div class="battle-history"><small>The opposing Archen restored its HP.</small><br></div><div class="spacer battle-history"><br></div><div class="battle-history">Umbrellos used <strong>Recover</strong>!<br></div><div class="battle-history"><small>But it failed!</small><br></div><div class="spacer battle-history"><br></div><div class="battle-history"><small>The opposing Archen was hurt by poison!</small><br></div><div class="spacer battle-history"><br></div><h2 class="battle-history">Turn 36</h2><div class="spacer battle-history"><br></div><div class="battle-history">Umbrellos used <strong>Protect</strong>!<br></div><div class="battle-history"><small>Umbrellos protected itself!</small><br></div><div class="spacer battle-history"><br></div><div class="battle-history">The opposing Archen used <strong>Roost</strong>!<br></div><div class="battle-history"><small>The opposing Archen restored its HP.</small><br></div><div class="spacer battle-history"><br></div><div class="battle-history"><small>The opposing Archen was hurt by poison!</small><br></div><div class="spacer battle-history"><br></div><h2 class="battle-history">Turn 37</h2><div class="spacer battle-history"><br></div><div class="battle-history">The opposing Archen used <strong>Earthquake</strong>!<br></div><div class="battle-history"><small>Umbrellos avoided the attack!</small><br></div><div class="spacer battle-history"><br></div><div class="battle-history">Umbrellos used <strong>Recover</strong>!<br></div><div class="battle-history"><small>But it failed!</small><br></div><div class="spacer battle-history"><br></div><div class="battle-history"><small>The opposing Archen was hurt by poison!</small><br></div><div class="spacer battle-history"><br></div><h2 class="battle-history">Turn 38</h2><div class="spacer battle-history"><br></div><div class="battle-history">Umbrellos used <strong>Protect</strong>!<br></div><div class="battle-history"><small>Umbrellos protected itself!</small><br></div><div class="spacer battle-history"><br></div><div class="battle-history">The opposing Archen used <strong>Roost</strong>!<br></div><div class="battle-history"><small>The opposing Archen restored its HP.</small><br></div><div class="spacer battle-history"><br></div><div class="battle-history"><small>The opposing Archen was hurt by poison!</small><br></div><div class="spacer battle-history"><br></div><h2 class="battle-history">Turn 39</h2><div class="spacer battle-history"><br></div><div class="battle-history">The opposing Archen used <strong>Roost</strong>!<br></div><div class="battle-history"><small>The opposing Archen restored its HP.</small><br></div><div class="spacer battle-history"><br></div><div class="battle-history">Umbrellos used <strong>Recover</strong>!<br></div><div class="battle-history"><small>But it failed!</small><br></div><div class="spacer battle-history"><br></div><div class="battle-history"><small>The opposing Archen was hurt by poison!</small><br></div><div class="spacer battle-history"><br></div><h2 class="battle-history">Turn 40</h2><div class="chat chatmessage-jimmybraddock"><strong style="color:hsl(314,63%,42.90127652696321%)"><small> </small><span class="username" data-name="JimmyBraddock">JimmyBraddock</span>:</strong> <em>malek</em></div><div class="spacer battle-history"><br></div><div class="battle-history">Umbrellos used <strong>Protect</strong>!<br></div><div class="battle-history"><small>Umbrellos protected itself!</small><br></div><div class="spacer battle-history"><br></div><div class="battle-history">The opposing Archen used <strong>Roost</strong>!<br></div><div class="battle-history"><small>The opposing Archen restored its HP.</small><br></div><div class="spacer battle-history"><br></div><div class="battle-history"><small>The opposing Archen was hurt by poison!</small><br></div><div class="spacer battle-history"><br></div><div class="battle-history">The opposing Archen fainted!<br></div><div class="chat chatmessage-thetruedunkeroni"><strong style="color:hsl(189,81%,39%)"><small>★</small><span class="username" data-name="TheTrueDunkeroni">TheTrueDunkeroni</span>:</strong> <em>?</em></div><div class="chat chatmessage-jimmybraddock"><strong style="color:hsl(314,63%,42.90127652696321%)"><small> </small><span class="username" data-name="JimmyBraddock">JimmyBraddock</span>:</strong> <em>the amount of times youve wasted recovers</em></div><div class="chat chatmessage-thetruedunkeroni"><strong style="color:hsl(189,81%,39%)"><small>★</small><span class="username" data-name="TheTrueDunkeroni">TheTrueDunkeroni</span>:</strong> <em>yea</em></div><div class="chat chatmessage-jimmybraddock"><strong style="color:hsl(314,63%,42.90127652696321%)"><small> </small><span class="username" data-name="JimmyBraddock">JimmyBraddock</span>:</strong> <em>im so disappointed</em></div><div class="spacer battle-history"><br></div><div class="battle-history">highestbonsai sent out <strong>Tirtouga</strong>!<br></div><div class="spacer battle-history"><br></div><h2 class="battle-history">Turn 41</h2><div class="spacer battle-history"><br></div><div class="battle-history">The opposing Tirtouga used <strong>Shell Smash</strong>!<br></div><div class="battle-history"><small>The opposing Tirtouga's Defense fell!</small><br></div><div class="battle-history"><small>The opposing Tirtouga's Special Defense fell!</small><br></div><div class="battle-history"><small>The opposing Tirtouga's Attack rose sharply!</small><br></div><div class="battle-history"><small>The opposing Tirtouga's Special Attack rose sharply!</small><br></div><div class="battle-history"><small>The opposing Tirtouga's Speed rose sharply!</small><br></div><div class="spacer battle-history"><br></div><div class="battle-history">Umbrellos used <strong>Toxic</strong>!<br></div><div class="battle-history"><small>The opposing Tirtouga was badly poisoned!</small><br></div><div class="spacer battle-history"><br></div><div class="battle-history"><small>The opposing Tirtouga was hurt by poison!</small><br></div><div class="spacer battle-history"><br></div><h2 class="battle-history">Turn 42</h2><div class="spacer battle-history"><br></div><div class="battle-history">The opposing Tirtouga used <strong>Shell Smash</strong>!<br></div><div class="battle-history"><small>The opposing Tirtouga's Defense fell!</small><br></div><div class="battle-history"><small>The opposing Tirtouga's Special Defense fell!</small><br></div><div class="battle-history"><small>The opposing Tirtouga's Attack rose sharply!</small><br></div><div class="battle-history"><small>The opposing Tirtouga's Special Attack rose sharply!</small><br></div><div class="battle-history"><small>The opposing Tirtouga's Speed rose sharply!</small><br></div><div class="spacer battle-history"><br></div><div class="battle-history">Umbrellos used <strong>Mud-Slap</strong>!<br></div><div class="battle-history"><small>It's super effective!</small><br></div><div class="battle-history"><small>(The opposing Tirtouga lost <abbr title="−8/21">38.1%</abbr> of its health!)</small><br></div><div class="battle-history"><small>The opposing Tirtouga's accuracy fell!</small><br></div><div class="spacer battle-history"><br></div><div class="battle-history"><small>The opposing Tirtouga was hurt by poison!</small><br></div><div class="spacer battle-history"><br></div><div class="battle-history"><small>(The opposing Tirtouga used its Berry Juice!)</small><br></div><div class="battle-history"><small>The opposing Tirtouga restored HP using its Berry Juice!</small><br></div><div class="spacer battle-history"><br></div><h2 class="battle-history">Turn 43</h2><div class="spacer battle-history"><br></div><div class="battle-history">The opposing Tirtouga used <strong>Shell Smash</strong>!<br></div><div class="battle-history"><small>The opposing Tirtouga's Defense fell!</small><br></div><div class="battle-history"><small>The opposing Tirtouga's Special Defense fell!</small><br></div><div class="battle-history"><small>The opposing Tirtouga's Attack rose sharply!</small><br></div><div class="battle-history"><small>The opposing Tirtouga's Special Attack rose sharply!</small><br></div><div class="battle-history"><small>The opposing Tirtouga's Speed rose sharply!</small><br></div><div class="spacer battle-history"><br></div><div class="battle-history">Umbrellos used <strong>Mud-Slap</strong>!<br></div><div class="battle-history"><small>It's super effective!</small><br></div><div class="battle-history"><small>(The opposing Tirtouga lost <abbr title="−8/21">38.1%</abbr> of its health!)</small><br></div><div class="battle-history"><small>The opposing Tirtouga's accuracy fell!</small><br></div><div class="spacer battle-history"><br></div><div class="battle-history"><small>The opposing Tirtouga was hurt by poison!</small><br></div><div class="spacer battle-history"><br></div><h2 class="battle-history">Turn 44</h2><div class="spacer battle-history"><br></div><div class="battle-history">Umbrellos used <strong>Protect</strong>!<br></div><div class="battle-history"><small>Umbrellos protected itself!</small><br></div><div class="spacer battle-history"><br></div><div class="battle-history">The opposing Tirtouga used <strong>Earthquake</strong>!<br></div><div class="battle-history"><small>Umbrellos protected itself!</small><br></div><div class="spacer battle-history"><br></div><div class="battle-history"><small>The opposing Tirtouga was hurt by poison!</small><br></div><div class="spacer battle-history"><br></div><h2 class="battle-history">Turn 45</h2><div class="spacer battle-history"><br></div><div class="battle-history">The opposing Tirtouga used <strong>Earthquake</strong>!<br></div><div class="battle-history"><small>Umbrellos avoided the attack!</small><br></div><div class="spacer battle-history"><br></div><div class="battle-history">Umbrellos used <strong>Recover</strong>!<br></div><div class="battle-history"><small>But it failed!</small><br></div><div class="spacer battle-history"><br></div><div class="battle-history"><small>The opposing Tirtouga was hurt by poison!</small><br></div><div class="spacer battle-history"><br></div><h2 class="battle-history">Turn 46</h2><div class="chat chatmessage-thetruedunkeroni"><strong style="color:hsl(189,81%,39%)"><small>★</small><span class="username" data-name="TheTrueDunkeroni">TheTrueDunkeroni</span>:</strong> <em>omg</em></div><div class="spacer battle-history"><br></div><div class="battle-history">Umbrellos used <strong>Protect</strong>!<br></div><div class="battle-history"><small>Umbrellos protected itself!</small><br></div><div class="spacer battle-history"><br></div><div class="battle-history">The opposing Tirtouga used <strong>Earthquake</strong>!<br></div><div class="battle-history"><small>Umbrellos protected itself!</small><br></div><div class="spacer battle-history"><br></div><div class="battle-history"><small>The opposing Tirtouga was hurt by poison!</small><br></div><div class="spacer battle-history"><br></div><div class="battle-history">The opposing Tirtouga fainted!<br></div><div class="chat chatmessage-jimmybraddock"><strong style="color:hsl(314,63%,42.90127652696321%)"><small> </small><span class="username" data-name="JimmyBraddock">JimmyBraddock</span>:</strong> <em>you lucky sod</em></div><div class="chat chatmessage-highestbonsai"><strong style="color:hsl(89,58%,40%)"><small>★</small><span class="username" data-name="highestbonsai">highestbonsai</span>:</strong> <em>you lucky bastard</em></div><div class="chat chatmessage-thetruedunkeroni"><strong style="color:hsl(189,81%,39%)"><small>★</small><span class="username" data-name="TheTrueDunkeroni">TheTrueDunkeroni</span>:</strong> <em>wtf</em></div><div class="chat chatmessage-thetruedunkeroni"><strong style="color:hsl(189,81%,39%)"><small>★</small><span class="username" data-name="TheTrueDunkeroni">TheTrueDunkeroni</span>:</strong> <em>how am i this lucky</em></div><div class="spacer battle-history"><br></div><div class="battle-history">highestbonsai sent out <strong>Magby</strong>!<br></div><div class="spacer battle-history"><br></div><h2 class="battle-history">Turn 47</h2><div class="chat chatmessage-jimmybraddock"><strong style="color:hsl(314,63%,42.90127652696321%)"><small> </small><span class="username" data-name="JimmyBraddock">JimmyBraddock</span>:</strong> <em>that was a 50/50 chance</em></div><div class="spacer battle-history"><br></div><div class="battle-history">The opposing Magby used <strong>Power-Up Punch</strong>!<br></div><div class="battle-history"><small>(Umbrellos lost <abbr title="−4/24">16.7%</abbr> of its health!)</small><br></div><div class="battle-history"><small>The opposing Magby's Attack rose!</small><br></div><div class="spacer battle-history"><br></div><div class="battle-history">Umbrellos used <strong>Toxic</strong>!<br></div><div class="battle-history"><small>The opposing Magby was badly poisoned!</small><br></div><div class="spacer battle-history"><br></div><div class="battle-history"><small>The opposing Magby was hurt by poison!</small><br></div><div class="spacer battle-history"><br></div><h2 class="battle-history">Turn 48</h2><div class="spacer battle-history"><br></div><div class="battle-history">The opposing Magby used <strong>Power-Up Punch</strong>!<br></div><div class="battle-history"><small>Umbrellos avoided the attack!</small><br></div><div class="spacer battle-history"><br></div><div class="battle-history">Umbrellos used <strong>Mud-Slap</strong>!<br></div><div class="battle-history"><small>It's super effective!</small><br></div><div class="battle-history"><small>(The opposing Magby lost <abbr title="−4/21">19.0%</abbr> of its health!)</small><br></div><div class="battle-history"><small>The opposing Magby's accuracy fell!</small><br></div><div class="spacer battle-history"><br></div><div class="battle-history"><small>The opposing Magby was hurt by poison!</small><br></div><div class="spacer battle-history"><br></div><h2 class="battle-history">Turn 49</h2><div class="spacer battle-history"><br></div><div class="battle-history">The opposing Magby used <strong>Power-Up Punch</strong>!<br></div><div class="battle-history"><small>Umbrellos avoided the attack!</small><br></div><div class="spacer battle-history"><br></div><div class="battle-history">Umbrellos used <strong>Mud-Slap</strong>!<br></div><div class="battle-history"><small>It's super effective!</small><br></div><div class="battle-history"><small>(The opposing Magby lost <abbr title="−4/21">19.0%</abbr> of its health!)</small><br></div><div class="battle-history"><small>The opposing Magby's accuracy fell!</small><br></div><div class="spacer battle-history"><br></div><div class="battle-history"><small>The opposing Magby was hurt by poison!</small><br></div><div class="spacer battle-history"><br></div><h2 class="battle-history">Turn 50</h2><div class="chat chatmessage-jimmybraddock"><strong style="color:hsl(314,63%,42.90127652696321%)"><small> </small><span class="username" data-name="JimmyBraddock">JimmyBraddock</span>:</strong> <em>HOLY FUCK</em></div><div class="chat chatmessage-thetruedunkeroni"><strong style="color:hsl(189,81%,39%)"><small>★</small><span class="username" data-name="TheTrueDunkeroni">TheTrueDunkeroni</span>:</strong> <em>HAHAHAHAHA</em></div><div class="spacer battle-history"><br></div><div class="battle-history">The opposing Magby used <strong>Flare Blitz</strong>!<br></div><div class="battle-history"><small>Umbrellos avoided the attack!</small><br></div><div class="spacer battle-history"><br></div><div class="battle-history">Umbrellos used <strong>Mud-Slap</strong>!<br></div><div class="battle-history"><small>It's super effective!</small><br></div><div class="battle-history"><small>(The opposing Magby lost <abbr title="−4/21">19.0%</abbr> of its health!)</small><br></div><div class="spacer battle-history"><br></div><div class="battle-history">The opposing Magby fainted!<br></div><div class="chat chatmessage-thetruedunkeroni"><strong style="color:hsl(189,81%,39%)"><small>★</small><span class="username" data-name="TheTrueDunkeroni">TheTrueDunkeroni</span>:</strong> <em>LMAOOOO</em></div><div class="spacer battle-history"><br></div><div class="battle-history">highestbonsai sent out <strong>Buizel</strong>!<br></div><div class="spacer battle-history"><br></div><h2 class="battle-history">Turn 51</h2><div class="chat chatmessage-jimmybraddock"><strong style="color:hsl(314,63%,42.90127652696321%)"><small> </small><span class="username" data-name="JimmyBraddock">JimmyBraddock</span>:</strong> <em>this is unreal</em></div><div class="spacer battle-history"><br></div><div class="battle-history">The opposing Buizel used <strong>Power-Up Punch</strong>!<br></div><div class="battle-history"><small>(Umbrellos lost <abbr title="−4/24">16.7%</abbr> of its health!)</small><br></div><div class="battle-history"><small>The opposing Buizel's Attack rose!</small><br></div><div class="spacer battle-history"><br></div><div class="battle-history">Umbrellos used <strong>Toxic</strong>!<br></div><div class="battle-history"><small>The opposing Buizel was badly poisoned!</small><br></div><div class="spacer battle-history"><br></div><div class="battle-history"><small>The opposing Buizel was hurt by poison!</small><br></div><div class="spacer battle-history"><br></div><h2 class="battle-history">Turn 52</h2><div class="spacer battle-history"><br></div><div class="battle-history">The opposing Buizel used <strong>Power-Up Punch</strong>!<br></div><div class="battle-history"><small>(Umbrellos lost <abbr title="−6/24">25%</abbr> of its health!)</small><br></div><div class="battle-history"><small>The opposing Buizel's Attack rose!</small><br></div><div class="spacer battle-history"><br></div><div class="battle-history">Umbrellos used <strong>Mud-Slap</strong>!<br></div><div class="battle-history"><small>(The opposing Buizel lost <abbr title="−2/22">9.1%</abbr> of its health!)</small><br></div><div class="battle-history"><small>The opposing Buizel's accuracy fell!</small><br></div><div class="spacer battle-history"><br></div><div class="battle-history"><small>The opposing Buizel was hurt by poison!</small><br></div><div class="spacer battle-history"><br></div><h2 class="battle-history">Turn 53</h2><div class="spacer battle-history"><br></div><div class="battle-history">The opposing Buizel used <strong>Power-Up Punch</strong>!<br></div><div class="battle-history"><small>Umbrellos avoided the attack!</small><br></div><div class="spacer battle-history"><br></div><div class="battle-history">Umbrellos used <strong>Recover</strong>!<br></div><div class="battle-history"><small>Umbrellos restored its HP.</small><br></div><div class="spacer battle-history"><br></div><div class="battle-history"><small>The opposing Buizel was hurt by poison!</small><br></div><div class="spacer battle-history"><br></div><h2 class="battle-history">Turn 54</h2><div class="chat chatmessage-highestbonsai"><strong style="color:hsl(89,58%,40%)"><small>★</small><span class="username" data-name="highestbonsai">highestbonsai</span>:</strong> <em>i lost</em></div><div class="spacer battle-history"><br></div><div class="battle-history">The opposing Buizel used <strong>Power-Up Punch</strong>!<br></div><div class="battle-history"><small>Umbrellos avoided the attack!</small><br></div><div class="spacer battle-history"><br></div><div class="battle-history">Umbrellos used <strong>Mud-Slap</strong>!<br></div><div class="battle-history"><small>(The opposing Buizel lost <abbr title="−2/22">9.1%</abbr> of its health!)</small><br></div><div class="battle-history"><small>The opposing Buizel's accuracy fell!</small><br></div><div class="spacer battle-history"><br></div><div class="battle-history"><small>The opposing Buizel was hurt by poison!</small><br></div><div class="spacer battle-history"><br></div><h2 class="battle-history">Turn 55</h2><div class="chat chatmessage-thetruedunkeroni"><strong style="color:hsl(189,81%,39%)"><small>★</small><span class="username" data-name="TheTrueDunkeroni">TheTrueDunkeroni</span>:</strong> <em>UMBRELLOS IS THE TRUE GOD</em></div><div class="spacer battle-history"><br></div><div class="battle-history">The opposing Buizel used <strong>Power-Up Punch</strong>!<br></div><div class="battle-history"><small>Umbrellos avoided the attack!</small><br></div><div class="spacer battle-history"><br></div><div class="battle-history">Umbrellos used <strong>Mud-Slap</strong>!<br></div><div class="battle-history"><small>(The opposing Buizel lost <abbr title="−2/22">9.1%</abbr> of its health!)</small><br></div><div class="battle-history"><small>The opposing Buizel's accuracy fell!</small><br></div><div class="spacer battle-history"><br></div><div class="battle-history"><small>The opposing Buizel was hurt by poison!</small><br></div><div class="spacer battle-history"><br></div><h2 class="battle-history">Turn 56</h2><div class="spacer battle-history"><br></div><div class="battle-history">Umbrellos used <strong>Protect</strong>!<br></div><div class="battle-history"><small>Umbrellos protected itself!</small><br></div><div class="spacer battle-history"><br></div><div class="battle-history">The opposing Buizel used <strong>Power-Up Punch</strong>!<br></div><div class="battle-history"><small>Umbrellos protected itself!</small><br></div><div class="spacer battle-history"><br></div><div class="battle-history"><small>The opposing Buizel was hurt by poison!</small><br></div><div class="spacer battle-history"><br></div><div class="battle-history">The opposing Buizel fainted!<br></div><div class="spacer battle-history"><br></div><div class="battle-history"><strong>TheTrueDunkeroni</strong> won the battle!<br></div><div class="chat chatmessage-highestbonsai"><strong style="color:hsl(89,58%,40%)"><small>★</small><span class="username" data-name="highestbonsai">highestbonsai</span>:</strong> <em>what is this bs</em></div><div class="chat"><small>highestbonsai left.</small></div><div class="chat chatmessage-jimmybraddock"><strong style="color:hsl(314,63%,42.90127652696321%)"><small> </small><span class="username" data-name="JimmyBraddock">JimmyBraddock</span>:</strong> <em>what the fuck</em></div></div><div class="inner-preempt"></div></div></div>
</div>
<script>
let daily = Math.floor(Date.now()/1000/60/60/24);document.write('<script src="https://play.pokemonshowdown.com/js/replay-embed.js?version'+daily+'"></'+'script>');
</script>
