<!DOCTYPE html>
<meta charset="utf-8" />
<!-- version 1 -->
<title>LC replay: PixelatedCat vs. Warlock0103</title>
<style>
html,body {font-family:Verdana, sans-serif;font-size:10pt;margin:0;padding:0;}body{padding:12px 0;} .battle-log {font-family:Verdana, sans-serif;font-size:10pt;} .battle-log-inline {border:1px solid #AAAAAA;background:#EEF2F5;color:black;max-width:640px;margin:0 auto 80px;padding-bottom:5px;} .battle-log .inner {padding:4px 8px 0px 8px;} .battle-log .inner-preempt {padding:0 8px 4px 8px;} .battle-log .inner-after {margin-top:0.5em;} .battle-log h2 {margin:0.5em -8px;padding:4px 8px;border:1px solid #AAAAAA;background:#E0E7EA;border-left:0;border-right:0;font-family:Verdana, sans-serif;font-size:13pt;} .battle-log .chat {vertical-align:middle;padding:3px 0 3px 0;font-size:8pt;} .battle-log .chat strong {color:#40576A;} .battle-log .chat em {padding:1px 4px 1px 3px;color:#000000;font-style:normal;} .chat.mine {background:rgba(0,0,0,0.05);margin-left:-8px;margin-right:-8px;padding-left:8px;padding-right:8px;} .spoiler {color:#BBBBBB;background:#BBBBBB;padding:0px 3px;} .spoiler:hover, .spoiler:active, .spoiler-shown {color:#000000;background:#E2E2E2;padding:0px 3px;} .spoiler a {color:#BBBBBB;} .spoiler:hover a, .spoiler:active a, .spoiler-shown a {color:#2288CC;} .chat code, .chat .spoiler:hover code, .chat .spoiler:active code, .chat .spoiler-shown code {border:1px solid #C0C0C0;background:#EEEEEE;color:black;padding:0 2px;} .chat .spoiler code {border:1px solid #CCCCCC;background:#CCCCCC;color:#CCCCCC;} .battle-log .rated {padding:3px 4px;} .battle-log .rated strong {color:white;background:#89A;padding:1px 4px;border-radius:4px;} .spacer {margin-top:0.5em;} .message-announce {background:#6688AA;color:white;padding:1px 4px 2px;} .message-announce a, .broadcast-green a, .broadcast-blue a, .broadcast-red a {color:#DDEEFF;} .broadcast-green {background-color:#559955;color:white;padding:2px 4px;} .broadcast-blue {background-color:#6688AA;color:white;padding:2px 4px;} .infobox {border:1px solid #6688AA;padding:2px 4px;} .infobox-limited {max-height:200px;overflow:auto;overflow-x:hidden;} .broadcast-red {background-color:#AA5544;color:white;padding:2px 4px;} .message-learn-canlearn {font-weight:bold;color:#228822;text-decoration:underline;} .message-learn-cannotlearn {font-weight:bold;color:#CC2222;text-decoration:underline;} .message-effect-weak {font-weight:bold;color:#CC2222;} .message-effect-resist {font-weight:bold;color:#6688AA;} .message-effect-immune {font-weight:bold;color:#666666;} .message-learn-list {margin-top:0;margin-bottom:0;} .message-throttle-notice, .message-error {color:#992222;} .message-overflow, .chat small.message-overflow {font-size:0pt;} .message-overflow::before {font-size:9pt;content:'...';} .subtle {color:#3A4A66;}
</style>
<div class="wrapper replay-wrapper" style="max-width:1180px;margin:0 auto">
<input type="hidden" name="replayid" value="lc-487025420" />
<div class="battle"></div><div class="battle-log"></div><div class="replay-controls"></div><div class="replay-controls-2"></div>
<h1 style="font-weight:normal;text-align:center"><strong>LC</strong><br /><a href="http://pokemonshowdown.com/users/pixelatedcat" class="subtle" target="_blank">PixelatedCat</a> vs. <a href="http://pokemonshowdown.com/users/warlock0103" class="subtle" target="_blank">Warlock0103</a></h1>
<script type="text/plain" class="battle-log-data">|j|PixelatedCat
|j|Warlock0103
|player|p1|PixelatedCat|159
|player|p2|Warlock0103|222
|gametype|singles
|gen|6
|tier|LC
|rated
|seed|11898,29434,53305,43585
|clearpoke
|poke|p1|Zubat, L5, M|item
|poke|p1|Voltorb, L5|item
|poke|p1|Onix, L5, F|item
|poke|p1|Machop, L5, F|item
|poke|p1|Wailmer, L5, M|item
|poke|p1|Chikorita, L5, M|item
|poke|p2|Amaura, L5, M, shiny|item
|poke|p2|Magikarp, L5, F, shiny|item
|poke|p2|Eevee, L5, M, shiny|item
|poke|p2|Magnemite, L5, shiny|item
|poke|p2|Fennekin, L5, F, shiny|
|poke|p2|Flabebe, L5, F|item
|rule|Sleep Clause Mod: Limit one foe put to sleep
|rule|Species Clause: Limit one of each Pokémon
|rule|OHKO Clause: OHKO moves are banned
|rule|Moody Clause: Moody is banned
|rule|Evasion Moves Clause: Evasion moves are banned
|rule|Endless Battle Clause: Forcing endless battles is banned
|rule|HP Percentage Mod: HP is shown in percentages
|teampreview
|j|gg ez pz n00b
|choice|team 3, team 2, team 1, team 4, team 5, team 6|team 1, team 2, team 3, team 4, team 5, team 6
|
|start
|switch|p1a: Onix|Onix, L5, F|21\/21
|switch|p2a: Barney|Amaura, L5, M, shiny|24\/24
|turn|1
|choice|move substitute|move stealthrock
|
|move|p2a: Barney|Stealth Rock|p1a: Onix
|-sidestart|p1: PixelatedCat|move: Stealth Rock
|move|p1a: Onix|Substitute|p1a: Onix
|-start|p1a: Onix|Substitute
|-damage|p1a: Onix|16\/21
|
|turn|2
|c| gg ez pz n00b|y tho
|choice|move stealthrock|move stealthrock
|
|move|p2a: Barney|Stealth Rock|p1a: Onix
|-fail|p1a: Onix
|move|p1a: Onix|Stealth Rock|p2a: Barney
|-sidestart|p2: Warlock0103|move: Stealth Rock
|
|turn|3
|c| gg ez pz n00b|y tho
|choice|move doubleedge|move earthpower
|
|move|p2a: Barney|Earth Power|p1a: Onix
|-supereffective|p1a: Onix
|-end|p1a: Onix|Substitute
|move|p1a: Onix|Double-Edge|p2a: Barney
|-resisted|p2a: Barney
|-damage|p2a: Barney|19\/24
|
|turn|4
|c| gg ez pz n00b|y
|c| gg ez pz n00b|tho
|choice|move substitute|move rockpolish
|
|move|p2a: Barney|Rock Polish|p2a: Barney
|-boost|p2a: Barney|spe|2
|move|p1a: Onix|Substitute|p1a: Onix
|-start|p1a: Onix|Substitute
|-damage|p1a: Onix|11\/21
|
|turn|5
|choice|move heavyslam|move earthpower
|
|move|p2a: Barney|Earth Power|p1a: Onix
|-supereffective|p1a: Onix
|-end|p1a: Onix|Substitute
|move|p1a: Onix|Heavy Slam|p2a: Barney
|-supereffective|p2a: Barney
|-damage|p2a: Barney|0 fnt
|faint|p2a: Barney
|
|c| gg ez pz n00b|wth is wrong with u guys
|choice||switch 6
|
|switch|p2a: Pidgy|Flabebe, L5, F|24\/24
|-damage|p2a: Pidgy|21\/24|[from] Stealth Rock
|turn|6
|choice|move heavyslam|move gigadrain
|
|move|p1a: Onix|Heavy Slam|p2a: Pidgy
|-supereffective|p2a: Pidgy
|-damage|p2a: Pidgy|5\/24
|move|p2a: Pidgy|Giga Drain|p1a: Onix
|-supereffective|p1a: Onix
|-damage|p1a: Onix|0 fnt
|-heal|p2a: Pidgy|11\/24|[from] drain|[of] p1a: Onix
|faint|p1a: Onix
|
|c|★Warlock0103|What do you mean?
|choice|switch 2|
|
|switch|p1a: Voltorb|Voltorb, L5|20\/20
|-damage|p1a: Voltorb|18\/20|[from] Stealth Rock
|turn|7
|c| gg ez pz n00b|why do you have refrigerate but not hyper voice
|c| gg ez pz n00b|and why does the opponent choose to substitute when hyper voice hits through sub
|l|gg ez pz n00b
|c|★PixelatedCat|what?
|j|gg ez pz n00b
|l|gg ez pz n00b
|choice|move voltswitch|move gigadrain
|
|move|p1a: Voltorb|Volt Switch|p2a: Pidgy
|-damage|p2a: Pidgy|2\/24
|-damage|p1a: Voltorb|16\/20|[from] item: Life Orb
|choice|switch 3|
|
|switch|p1a: Zubat|Zubat, L5, M|21\/21
|-damage|p1a: Zubat|16\/21|[from] Stealth Rock
|move|p2a: Pidgy|Giga Drain|p1a: Zubat
|-resisted|p1a: Zubat
|-damage|p1a: Zubat|15\/21
|-heal|p2a: Pidgy|3\/24|[from] drain|[of] p1a: Zubat
|
|turn|8
|choice|move zenheadbutt|move moonblast
|
|move|p1a: Zubat|Zen Headbutt|p2a: Pidgy
|-damage|p2a: Pidgy|0 fnt
|faint|p2a: Pidgy
|
|choice||switch 5
|
|switch|p2a: Kiyomi|Fennekin, L5, F, shiny|23\/23
|-damage|p2a: Kiyomi|18\/23|[from] Stealth Rock
|turn|9
|choice|move pursuit|move psychic
|
|move|p2a: Kiyomi|Psychic|p1a: Zubat
|-supereffective|p1a: Zubat
|-damage|p1a: Zubat|3\/21
|-item|p2a: Kiyomi|Eviolite|[from] ability: Magician|[of] p1a: Zubat
|move|p1a: Zubat|Pursuit|p2a: Kiyomi
|-damage|p2a: Kiyomi|14\/23
|
|turn|10
|choice|switch 5|move psychic
|
|switch|p1a: Wailmer|Wailmer, L5, M|29\/29
|-damage|p1a: Wailmer|26\/29|[from] Stealth Rock
|move|p2a: Kiyomi|Psychic|p1a: Wailmer
|-crit|p1a: Wailmer
|-damage|p1a: Wailmer|12\/29
|
|turn|11
|choice|move hydropump|move grassknot
|
|move|p1a: Wailmer|Hydro Pump|p2a: Kiyomi
|-supereffective|p2a: Kiyomi
|-damage|p2a: Kiyomi|0 fnt
|faint|p2a: Kiyomi
|
|choice||switch 4
|
|switch|p2a: Spare bits|Magnemite, L5, shiny|22\/22
|-damage|p2a: Spare bits|21\/22|[from] Stealth Rock
|turn|12
|choice|move heavyslam|move spark
|
|move|p1a: Wailmer|Heavy Slam|p2a: Spare bits
|-resisted|p2a: Spare bits
|-damage|p2a: Spare bits|18\/22
|move|p2a: Spare bits|Spark|p1a: Wailmer
|-supereffective|p1a: Wailmer
|-damage|p1a: Wailmer|0 fnt
|-damage|p2a: Spare bits|15\/22|[from] item: Rocky Helmet|[of] p1a: Wailmer
|faint|p1a: Wailmer
|
|choice|switch 6|
|
|switch|p1a: Chikorita|Chikorita, L5, M|21\/21
|-damage|p1a: Chikorita|19\/21|[from] Stealth Rock
|turn|13
|choice|move leechseed|move signalbeam
|
|move|p2a: Spare bits|Signal Beam|p1a: Chikorita
|-supereffective|p1a: Chikorita
|-crit|p1a: Chikorita
|-damage|p1a: Chikorita|0 fnt
|faint|p1a: Chikorita
|
|choice|switch 4|
|
|switch|p1a: Machop|Machop, L5, F|23\/23
|-damage|p1a: Machop|22\/23|[from] Stealth Rock
|turn|14
|choice|move closecombat|move spark
|
|move|p2a: Spare bits|Spark|p1a: Machop
|-damage|p1a: Machop|15\/23
|-status|p1a: Machop|par
|move|p1a: Machop|Close Combat|p2a: Spare bits
|-supereffective|p2a: Spare bits
|-damage|p2a: Spare bits|0 fnt
|-unboost|p1a: Machop|def|1
|-unboost|p1a: Machop|spd|1
|faint|p2a: Spare bits
|
|choice||switch 2
|
|switch|p2a: MagiKHRP|Magikarp, L5, F, shiny|18\/18
|-damage|p2a: MagiKHRP|16\/18|[from] Stealth Rock
|turn|15
|choice|move closecombat|move bounce
|
|move|p2a: MagiKHRP|Bounce|p1a: Machop|[still]
|-prepare|p2a: MagiKHRP|Bounce|p1a: Machop
|move|p1a: Machop|Close Combat|p2a: MagiKHRP
|-damage|p2a: MagiKHRP|1\/18
|-unboost|p1a: Machop|def|1
|-unboost|p1a: Machop|spd|1
|
|turn|16
|choice|move crosschop|move bounce 1
|
|move|p2a: MagiKHRP|Bounce|p1a: Machop|[from]lockedmove
|-supereffective|p1a: Machop
|-damage|p1a: Machop|0 fnt
|faint|p1a: Machop
|
|choice|switch 3|
|
|switch|p1a: Voltorb|Voltorb, L5|16\/20
|-damage|p1a: Voltorb|14\/20|[from] Stealth Rock
|turn|17
|choice|move voltswitch|move flail
|
|move|p1a: Voltorb|Volt Switch|p2a: MagiKHRP
|-supereffective|p2a: MagiKHRP
|-crit|p2a: MagiKHRP
|-damage|p2a: MagiKHRP|0 fnt
|-damage|p1a: Voltorb|12\/20|[from] item: Life Orb
|faint|p2a: MagiKHRP
|choice|switch 5|
|
|switch|p1a: Zubat|Zubat, L5, M|3\/21
|-damage|p1a: Zubat|0 fnt|[from] Stealth Rock
|faint|p1a: Zubat
|
|choice|switch 5|switch 3
|
|switch|p1a: Voltorb|Voltorb, L5|12\/20
|switch|p2a: Sage|Eevee, L5, M, shiny|25\/25
|-damage|p1a: Voltorb|10\/20|[from] Stealth Rock
|-damage|p2a: Sage|22\/25|[from] Stealth Rock
|turn|18
|choice|move explosion|move dig
|
|move|p1a: Voltorb|Explosion|p2a: Sage
|-damage|p2a: Sage|0 fnt
|faint|p1a: Voltorb
|faint|p2a: Sage
|
|win|Warlock0103
|player|p1
|player|p2
|raw|PixelatedCat's rating: 1000 &rarr; <strong>1000<\/strong><br \/>(+0 for losing)
|raw|Warlock0103's rating: 1000 &rarr; <strong>1040<\/strong><br \/>(+40 for winning)
|c|★PixelatedCat|lol</script>
</div>
<div class="battle-log battle-log-inline"><div class="inner"><div class="battle-options"></div><div class="inner"><div class="chat"><small>PixelatedCat joined.</small></div><div class="chat"><small>Warlock0103 joined.</small></div><div class=""><small>Format:</small> <br><strong>LC</strong></div><div class="rated"><strong>Rated battle</strong></div><div class=""><small><em>Sleep Clause Mod:</em> Limit one foe put to sleep</small></div><div class=""><small><em>Species Clause:</em> Limit one of each Pokémon</small></div><div class=""><small><em>OHKO Clause:</em> OHKO moves are banned</small></div><div class=""><small><em>Moody Clause:</em> Moody is banned</small></div><div class=""><small><em>Evasion Moves Clause:</em> Evasion moves are banned</small></div><div class=""><small><em>Endless Battle Clause:</em> Forcing endless battles is banned</small></div><div class=""><small><em>HP Percentage Mod:</em> HP is shown in percentages</small></div><div class="chat battle-history"><strong>PixelatedCat's team:</strong> <em style="color:#445566;display:block;">Zubat / Voltorb / Onix / Machop / Wailmer / Chikorita</em></div><div class="chat battle-history"><strong>Warlock0103's team:</strong> <em style="color:#445566;display:block;">Amaura / Magikarp / Eevee / Magnemite / Fennekin / Flabebe</em></div><div class="chat"><small>gg ez pz n00b joined.</small></div><div class="spacer battle-history"><br></div><div class="battle-history">Battle started between PixelatedCat and Warlock0103!<br></div><div class="spacer battle-history"><br></div><div class="battle-history">Go! <strong>Onix</strong>!<br></div><div class="spacer battle-history"><br></div><div class="battle-history">Warlock0103 sent out Barney (<strong>Amaura</strong>)!<br></div><div class="spacer battle-history"><br></div><h2 class="battle-history">Turn 1</h2><div class="spacer battle-history"><br></div><div class="battle-history">The opposing Barney used <strong>Stealth Rock</strong>!<br></div><div class="battle-history"><small>Pointed stones float in the air around your team!</small><br></div><div class="spacer battle-history"><br></div><div class="battle-history">Onix used <strong>Substitute</strong>!<br></div><div class="battle-history"><small>Onix put in a substitute!</small><br></div><div class="battle-history"><small>(Onix lost <abbr title="−5/21">23.8%</abbr> of its health!)</small><br></div><div class="spacer battle-history"><br></div><h2 class="battle-history">Turn 2</h2><div class="chat chatmessage-ggezpzn00b"><strong style="color:hsl(136,48%,35.880618514329605%)"><small> </small><span class="username" data-name="gg ez pz n00b">gg ez pz n00b</span>:</strong> <em>y tho</em></div><div class="spacer battle-history"><br></div><div class="battle-history">The opposing Barney used <strong>Stealth Rock</strong>!<br></div><div class="battle-history"><small>But it failed!</small><br></div><div class="spacer battle-history"><br></div><div class="battle-history">Onix used <strong>Stealth Rock</strong>!<br></div><div class="battle-history"><small>Pointed stones float in the air around the opposing team!</small><br></div><div class="spacer battle-history"><br></div><h2 class="battle-history">Turn 3</h2><div class="chat chatmessage-ggezpzn00b"><strong style="color:hsl(136,48%,35.880618514329605%)"><small> </small><span class="username" data-name="gg ez pz n00b">gg ez pz n00b</span>:</strong> <em>y tho</em></div><div class="spacer battle-history"><br></div><div class="battle-history">The opposing Barney used <strong>Earth Power</strong>!<br></div><div class="battle-history"><small>It's super effective!</small><br></div><div class="battle-history"><small>Onix's substitute faded!</small><br></div><div class="spacer battle-history"><br></div><div class="battle-history">Onix used <strong>Double-Edge</strong>!<br></div><div class="battle-history"><small>It's not very effective...</small><br></div><div class="battle-history"><small>(The opposing Barney lost <abbr title="−5/24">20.8%</abbr> of its health!)</small><br></div><div class="spacer battle-history"><br></div><h2 class="battle-history">Turn 4</h2><div class="chat chatmessage-ggezpzn00b"><strong style="color:hsl(136,48%,35.880618514329605%)"><small> </small><span class="username" data-name="gg ez pz n00b">gg ez pz n00b</span>:</strong> <em>y</em></div><div class="chat chatmessage-ggezpzn00b"><strong style="color:hsl(136,48%,35.880618514329605%)"><small> </small><span class="username" data-name="gg ez pz n00b">gg ez pz n00b</span>:</strong> <em>tho</em></div><div class="spacer battle-history"><br></div><div class="battle-history">The opposing Barney used <strong>Rock Polish</strong>!<br></div><div class="battle-history"><small>The opposing Barney's Speed rose sharply!</small><br></div><div class="spacer battle-history"><br></div><div class="battle-history">Onix used <strong>Substitute</strong>!<br></div><div class="battle-history"><small>Onix put in a substitute!</small><br></div><div class="battle-history"><small>(Onix lost <abbr title="−5/21">23.8%</abbr> of its health!)</small><br></div><div class="spacer battle-history"><br></div><h2 class="battle-history">Turn 5</h2><div class="spacer battle-history"><br></div><div class="battle-history">The opposing Barney used <strong>Earth Power</strong>!<br></div><div class="battle-history"><small>It's super effective!</small><br></div><div class="battle-history"><small>Onix's substitute faded!</small><br></div><div class="spacer battle-history"><br></div><div class="battle-history">Onix used <strong>Heavy Slam</strong>!<br></div><div class="battle-history"><small>It's super effective!</small><br></div><div class="battle-history"><small>(The opposing Barney lost <abbr title="−19/24">79.2%</abbr> of its health!)</small><br></div><div class="spacer battle-history"><br></div><div class="battle-history">The opposing Barney fainted!<br></div><div class="chat chatmessage-ggezpzn00b"><strong style="color:hsl(136,48%,35.880618514329605%)"><small> </small><span class="username" data-name="gg ez pz n00b">gg ez pz n00b</span>:</strong> <em>wth is wrong with u guys</em></div><div class="spacer battle-history"><br></div><div class="battle-history">Warlock0103 sent out Pidgy (<strong>Flabebe</strong>)!<br></div><div class="battle-history"><small>Pointed stones dug into the opposing Pidgy!</small><br></div><div class="spacer battle-history"><br></div><h2 class="battle-history">Turn 6</h2><div class="spacer battle-history"><br></div><div class="battle-history">Onix used <strong>Heavy Slam</strong>!<br></div><div class="battle-history"><small>It's super effective!</small><br></div><div class="battle-history"><small>(The opposing Pidgy lost <abbr title="−16/24">66.7%</abbr> of its health!)</small><br></div><div class="spacer battle-history"><br></div><div class="battle-history">The opposing Pidgy used <strong>Giga Drain</strong>!<br></div><div class="battle-history"><small>It's super effective!</small><br></div><div class="battle-history"><small>(Onix lost <abbr title="−11/21">52.4%</abbr> of its health!)</small><br></div><div class="battle-history"><small>Onix had its energy drained!</small><br></div><div class="spacer battle-history"><br></div><div class="battle-history">Onix fainted!<br></div><div class="chat chatmessage-warlock0103"><strong style="color:hsl(106,54%,31%)"><small>★</small><span class="username" data-name="Warlock0103">Warlock0103</span>:</strong> <em>What do you mean?</em></div><div class="spacer battle-history"><br></div><div class="battle-history">Go! <strong>Voltorb</strong>!<br></div><div class="battle-history"><small>Pointed stones dug into Voltorb!</small><br></div><div class="spacer battle-history"><br></div><h2 class="battle-history">Turn 7</h2><div class="chat chatmessage-ggezpzn00b"><strong style="color:hsl(136,48%,35.880618514329605%)"><small> </small><span class="username" data-name="gg ez pz n00b">gg ez pz n00b</span>:</strong> <em>why do you have refrigerate but not hyper voice</em></div><div class="chat chatmessage-ggezpzn00b"><strong style="color:hsl(136,48%,35.880618514329605%)"><small> </small><span class="username" data-name="gg ez pz n00b">gg ez pz n00b</span>:</strong> <em>and why does the opponent choose to substitute when hyper voice hits through sub</em></div><div class="chat"><small>gg ez pz n00b left.</small></div><div class="chat chatmessage-pixelatedcat"><strong style="color:hsl(58,69%,30%)"><small>★</small><span class="username" data-name="PixelatedCat">PixelatedCat</span>:</strong> <em>what?</em></div><div class="chat"><small>gg ez pz n00b joined.</small></div><div class="chat"><small>gg ez pz n00b left.</small></div><div class="spacer battle-history"><br></div><div class="battle-history">Voltorb used <strong>Volt Switch</strong>!<br></div><div class="battle-history"><small>(The opposing Pidgy lost <abbr title="−9/24">37.5%</abbr> of its health!)</small><br></div><div class="battle-history"><small>Voltorb lost some of its HP!</small><br></div><div class="spacer battle-history"><br></div><div class="battle-history">Voltorb went back to PixelatedCat!<br></div><div class="battle-history">Go! <strong>Zubat</strong>!<br></div><div class="battle-history"><small>Pointed stones dug into Zubat!</small><br></div><div class="spacer battle-history"><br></div><div class="battle-history">The opposing Pidgy used <strong>Giga Drain</strong>!<br></div><div class="battle-history"><small>It's not very effective...</small><br></div><div class="battle-history"><small>(Zubat lost <abbr title="−1/21">4.8%</abbr> of its health!)</small><br></div><div class="battle-history"><small>Zubat had its energy drained!</small><br></div><div class="spacer battle-history"><br></div><h2 class="battle-history">Turn 8</h2><div class="spacer battle-history"><br></div><div class="battle-history">Zubat used <strong>Zen Headbutt</strong>!<br></div><div class="battle-history"><small>(The opposing Pidgy lost <abbr title="−3/24">12.5%</abbr> of its health!)</small><br></div><div class="spacer battle-history"><br></div><div class="battle-history">The opposing Pidgy fainted!<br></div><div class="spacer battle-history"><br></div><div class="battle-history">Warlock0103 sent out Kiyomi (<strong>Fennekin</strong>)!<br></div><div class="battle-history"><small>Pointed stones dug into the opposing Kiyomi!</small><br></div><div class="spacer battle-history"><br></div><h2 class="battle-history">Turn 9</h2><div class="spacer battle-history"><br></div><div class="battle-history">The opposing Kiyomi used <strong>Psychic</strong>!<br></div><div class="battle-history"><small>It's super effective!</small><br></div><div class="battle-history"><small>(Zubat lost <abbr title="−12/21">57.1%</abbr> of its health!)</small><br></div><div class="battle-history"><small>[The opposing Kiyomi's Magician]</small><br><small>The opposing Kiyomi stole Zubat's Eviolite!</small><br></div><div class="spacer battle-history"><br></div><div class="battle-history">Zubat used <strong>Pursuit</strong>!<br></div><div class="battle-history"><small>(The opposing Kiyomi lost <abbr title="−4/23">17.4%</abbr> of its health!)</small><br></div><div class="spacer battle-history"><br></div><h2 class="battle-history">Turn 10</h2><div class="spacer battle-history"><br></div><div class="battle-history">Zubat, come back!<br></div><div class="battle-history">Go! <strong>Wailmer</strong>!<br></div><div class="battle-history"><small>Pointed stones dug into Wailmer!</small><br></div><div class="spacer battle-history"><br></div><div class="battle-history">The opposing Kiyomi used <strong>Psychic</strong>!<br></div><div class="battle-history"><small>A critical hit!</small><br></div><div class="battle-history"><small>(Wailmer lost <abbr title="−14/29">48.3%</abbr> of its health!)</small><br></div><div class="spacer battle-history"><br></div><h2 class="battle-history">Turn 11</h2><div class="spacer battle-history"><br></div><div class="battle-history">Wailmer used <strong>Hydro Pump</strong>!<br></div><div class="battle-history"><small>It's super effective!</small><br></div><div class="battle-history"><small>(The opposing Kiyomi lost <abbr title="−14/23">60.9%</abbr> of its health!)</small><br></div><div class="spacer battle-history"><br></div><div class="battle-history">The opposing Kiyomi fainted!<br></div><div class="spacer battle-history"><br></div><div class="battle-history">Warlock0103 sent out Spare bits (<strong>Magnemite</strong>)!<br></div><div class="battle-history"><small>Pointed stones dug into the opposing Spare bits!</small><br></div><div class="spacer battle-history"><br></div><h2 class="battle-history">Turn 12</h2><div class="spacer battle-history"><br></div><div class="battle-history">Wailmer used <strong>Heavy Slam</strong>!<br></div><div class="battle-history"><small>It's not very effective...</small><br></div><div class="battle-history"><small>(The opposing Spare bits lost <abbr title="−3/22">13.6%</abbr> of its health!)</small><br></div><div class="spacer battle-history"><br></div><div class="battle-history">The opposing Spare bits used <strong>Spark</strong>!<br></div><div class="battle-history"><small>It's super effective!</small><br></div><div class="battle-history"><small>(Wailmer lost <abbr title="−12/29">41.4%</abbr> of its health!)</small><br></div><div class="battle-history"><small>The opposing Spare bits was hurt by the Rocky Helmet!</small><br></div><div class="spacer battle-history"><br></div><div class="battle-history">Wailmer fainted!<br></div><div class="spacer battle-history"><br></div><div class="battle-history">Go! <strong>Chikorita</strong>!<br></div><div class="battle-history"><small>Pointed stones dug into Chikorita!</small><br></div><div class="spacer battle-history"><br></div><h2 class="battle-history">Turn 13</h2><div class="spacer battle-history"><br></div><div class="battle-history">The opposing Spare bits used <strong>Signal Beam</strong>!<br></div><div class="battle-history"><small>It's super effective!</small><br></div><div class="battle-history"><small>A critical hit!</small><br></div><div class="battle-history"><small>(Chikorita lost <abbr title="−19/21">90.5%</abbr> of its health!)</small><br></div><div class="spacer battle-history"><br></div><div class="battle-history">Chikorita fainted!<br></div><div class="spacer battle-history"><br></div><div class="battle-history">Go! <strong>Machop</strong>!<br></div><div class="battle-history"><small>Pointed stones dug into Machop!</small><br></div><div class="spacer battle-history"><br></div><h2 class="battle-history">Turn 14</h2><div class="spacer battle-history"><br></div><div class="battle-history">The opposing Spare bits used <strong>Spark</strong>!<br></div><div class="battle-history"><small>(Machop lost <abbr title="−7/23">30.4%</abbr> of its health!)</small><br></div><div class="battle-history"><small>Machop is paralyzed! It may be unable to move!</small><br></div><div class="spacer battle-history"><br></div><div class="battle-history">Machop used <strong>Close Combat</strong>!<br></div><div class="battle-history"><small>It's super effective!</small><br></div><div class="battle-history"><small>(The opposing Spare bits lost <abbr title="−15/22">68.2%</abbr> of its health!)</small><br></div><div class="battle-history"><small>Machop's Defense fell!</small><br></div><div class="battle-history"><small>Machop's Special Defense fell!</small><br></div><div class="spacer battle-history"><br></div><div class="battle-history">The opposing Spare bits fainted!<br></div><div class="spacer battle-history"><br></div><div class="battle-history">Warlock0103 sent out MagiKHRP (<strong>Magikarp</strong>)!<br></div><div class="battle-history"><small>Pointed stones dug into the opposing MagiKHRP!</small><br></div><div class="spacer battle-history"><br></div><h2 class="battle-history">Turn 15</h2><div class="spacer battle-history"><br></div><div class="battle-history">The opposing MagiKHRP used <strong>Bounce</strong>!<br></div><div class="battle-history">The opposing MagiKHRP sprang up!<br></div><div class="spacer battle-history"><br></div><div class="battle-history">Machop used <strong>Close Combat</strong>!<br></div><div class="battle-history"><small>(The opposing MagiKHRP lost <abbr title="−15/18">83.3%</abbr> of its health!)</small><br></div><div class="battle-history"><small>Machop's Defense fell!</small><br></div><div class="battle-history"><small>Machop's Special Defense fell!</small><br></div><div class="spacer battle-history"><br></div><h2 class="battle-history">Turn 16</h2><div class="spacer battle-history"><br></div><div class="battle-history">The opposing MagiKHRP used <strong>Bounce</strong>!<br></div><div class="battle-history"><small>It's super effective!</small><br></div><div class="battle-history"><small>(Machop lost <abbr title="−15/23">65.2%</abbr> of its health!)</small><br></div><div class="spacer battle-history"><br></div><div class="battle-history">Machop fainted!<br></div><div class="spacer battle-history"><br></div><div class="battle-history">Go! <strong>Voltorb</strong>!<br></div><div class="battle-history"><small>Pointed stones dug into Voltorb!</small><br></div><div class="spacer battle-history"><br></div><h2 class="battle-history">Turn 17</h2><div class="spacer battle-history"><br></div><div class="battle-history">Voltorb used <strong>Volt Switch</strong>!<br></div><div class="battle-history"><small>It's super effective!</small><br></div><div class="battle-history"><small>A critical hit!</small><br></div><div class="battle-history"><small>(The opposing MagiKHRP lost <abbr title="−1/18">5.6%</abbr> of its health!)</small><br></div><div class="battle-history"><small>Voltorb lost some of its HP!</small><br></div><div class="spacer battle-history"><br></div><div class="battle-history">The opposing MagiKHRP fainted!<br></div><div class="spacer battle-history"><br></div><div class="battle-history">Voltorb went back to PixelatedCat!<br></div><div class="battle-history">Go! <strong>Zubat</strong>!<br></div><div class="battle-history"><small>Pointed stones dug into Zubat!</small><br></div><div class="spacer battle-history"><br></div><div class="battle-history">Zubat fainted!<br></div><div class="spacer battle-history"><br></div><div class="battle-history">Go! <strong>Voltorb</strong>!<br></div><div class="spacer battle-history"><br></div><div class="battle-history">Warlock0103 sent out Sage (<strong>Eevee</strong>)!<br></div><div class="battle-history"><small>Pointed stones dug into Voltorb!</small><br></div><div class="battle-history"><small>Pointed stones dug into the opposing Sage!</small><br></div><div class="spacer battle-history"><br></div><h2 class="battle-history">Turn 18</h2><div class="spacer battle-history"><br></div><div class="battle-history">Voltorb used <strong>Explosion</strong>!<br></div><div class="battle-history"><small>(The opposing Sage lost <abbr title="−22/25">88%</abbr> of its health!)</small><br></div><div class="spacer battle-history"><br></div><div class="battle-history">Voltorb fainted!<br></div><div class="battle-history">The opposing Sage fainted!<br></div><div class="spacer battle-history"><br></div><div class="battle-history"><strong>Warlock0103</strong> won the battle!<br></div><div class="chat">PixelatedCat's rating: 1000 → <strong>1000</strong><br>(+0 for losing)</div><div class="chat">Warlock0103's rating: 1000 → <strong>1040</strong><br>(+40 for winning)</div><div class="chat chatmessage-pixelatedcat"><strong style="color:hsl(58,69%,30%)"><small>★</small><span class="username" data-name="PixelatedCat">PixelatedCat</span>:</strong> <em>lol</em></div></div><div class="inner-preempt"></div></div></div>
</div>
<script>
let daily = Math.floor(Date.now()/1000/60/60/24);document.write('<script src="https://play.pokemonshowdown.com/js/replay-embed.js?version'+daily+'"></'+'script>');
</script>
