<!DOCTYPE html>
<meta charset="utf-8" />
<!-- version 1 -->
<title>LC replay: GiovanniRK vs. Hoodlum2004</title>
<style>
html,body {font-family:Verdana, sans-serif;font-size:10pt;margin:0;padding:0;}body{padding:12px 0;} .battle-log {font-family:Verdana, sans-serif;font-size:10pt;} .battle-log-inline {border:1px solid #AAAAAA;background:#EEF2F5;color:black;max-width:640px;margin:0 auto 80px;padding-bottom:5px;} .battle-log .inner {padding:4px 8px 0px 8px;} .battle-log .inner-preempt {padding:0 8px 4px 8px;} .battle-log .inner-after {margin-top:0.5em;} .battle-log h2 {margin:0.5em -8px;padding:4px 8px;border:1px solid #AAAAAA;background:#E0E7EA;border-left:0;border-right:0;font-family:Verdana, sans-serif;font-size:13pt;} .battle-log .chat {vertical-align:middle;padding:3px 0 3px 0;font-size:8pt;} .battle-log .chat strong {color:#40576A;} .battle-log .chat em {padding:1px 4px 1px 3px;color:#000000;font-style:normal;} .chat.mine {background:rgba(0,0,0,0.05);margin-left:-8px;margin-right:-8px;padding-left:8px;padding-right:8px;} .spoiler {color:#BBBBBB;background:#BBBBBB;padding:0px 3px;} .spoiler:hover, .spoiler:active, .spoiler-shown {color:#000000;background:#E2E2E2;padding:0px 3px;} .spoiler a {color:#BBBBBB;} .spoiler:hover a, .spoiler:active a, .spoiler-shown a {color:#2288CC;} .chat code, .chat .spoiler:hover code, .chat .spoiler:active code, .chat .spoiler-shown code {border:1px solid #C0C0C0;background:#EEEEEE;color:black;padding:0 2px;} .chat .spoiler code {border:1px solid #CCCCCC;background:#CCCCCC;color:#CCCCCC;} .battle-log .rated {padding:3px 4px;} .battle-log .rated strong {color:white;background:#89A;padding:1px 4px;border-radius:4px;} .spacer {margin-top:0.5em;} .message-announce {background:#6688AA;color:white;padding:1px 4px 2px;} .message-announce a, .broadcast-green a, .broadcast-blue a, .broadcast-red a {color:#DDEEFF;} .broadcast-green {background-color:#559955;color:white;padding:2px 4px;} .broadcast-blue {background-color:#6688AA;color:white;padding:2px 4px;} .infobox {border:1px solid #6688AA;padding:2px 4px;} .infobox-limited {max-height:200px;overflow:auto;overflow-x:hidden;} .broadcast-red {background-color:#AA5544;color:white;padding:2px 4px;} .message-learn-canlearn {font-weight:bold;color:#228822;text-decoration:underline;} .message-learn-cannotlearn {font-weight:bold;color:#CC2222;text-decoration:underline;} .message-effect-weak {font-weight:bold;color:#CC2222;} .message-effect-resist {font-weight:bold;color:#6688AA;} .message-effect-immune {font-weight:bold;color:#666666;} .message-learn-list {margin-top:0;margin-bottom:0;} .message-throttle-notice, .message-error {color:#992222;} .message-overflow, .chat small.message-overflow {font-size:0pt;} .message-overflow::before {font-size:9pt;content:'...';} .subtle {color:#3A4A66;}
</style>
<div class="wrapper replay-wrapper" style="max-width:1180px;margin:0 auto">
<input type="hidden" name="replayid" value="lc-485300004" />
<div class="battle"></div><div class="battle-log"></div><div class="replay-controls"></div><div class="replay-controls-2"></div>
<h1 style="font-weight:normal;text-align:center"><strong>LC</strong><br /><a href="http://pokemonshowdown.com/users/giovannirk" class="subtle" target="_blank">GiovanniRK</a> vs. <a href="http://pokemonshowdown.com/users/hoodlum2004" class="subtle" target="_blank">Hoodlum2004</a></h1>
<script type="text/plain" class="battle-log-data">|j|GiovanniRK
|j|Hoodlum2004
|player|p1|GiovanniRK|165
|player|p2|Hoodlum2004|163
|gametype|singles
|gen|6
|tier|LC
|rated
|seed|16689,2491,44750,49492
|clearpoke
|poke|p1|Chingling, L5, M|item
|poke|p1|Mantyke, L5, F|item
|poke|p1|Togepi, L5, F, shiny|item
|poke|p1|Fennekin, L5, F, shiny|item
|poke|p1|Dwebble, L5, M, shiny|item
|poke|p1|Tyrunt, L5, M|item
|poke|p2|Cranidos, L5, F, shiny|item
|poke|p2|Snivy, L5, F, shiny|item
|poke|p2|Vulpix, L5, F|item
|poke|p2|Aipom, L5, M|item
|poke|p2|Noibat, L5, M|item
|poke|p2|Froakie, L5, F, shiny|item
|rule|Sleep Clause Mod: Limit one foe put to sleep
|rule|Species Clause: Limit one of each Pokémon
|rule|OHKO Clause: OHKO moves are banned
|rule|Moody Clause: Moody is banned
|rule|Evasion Moves Clause: Evasion moves are banned
|rule|Endless Battle Clause: Forcing endless battles is banned
|rule|HP Percentage Mod: HP is shown in percentages
|teampreview
|choice|team 6, team 2, team 3, team 4, team 5, team 1|team 6, team 2, team 3, team 4, team 5, team 1
|
|start
|switch|p1a: Tyrunt|Tyrunt, L5, M|22\/22
|switch|p2a: Froakie|Froakie, L5, F, shiny|20\/20
|turn|1
|choice|move dragondance|move blizzard
|
|move|p2a: Froakie|Blizzard|p1a: Tyrunt
|-start|p2a: Froakie|typechange|Ice|[from] Protean
|-supereffective|p1a: Tyrunt
|-ability|p1a: Tyrunt|Sturdy
|-damage|p1a: Tyrunt|1\/22
|-damage|p2a: Froakie|18\/20|[from] item: Life Orb
|-enditem|p1a: Tyrunt|Berry Juice
|-heal|p1a: Tyrunt|21\/22|[from] item: Berry Juice
|move|p1a: Tyrunt|Dragon Dance|p1a: Tyrunt
|-boost|p1a: Tyrunt|atk|1
|-boost|p1a: Tyrunt|spe|1
|
|turn|2
|choice|move dragondance|move blizzard
|
|move|p1a: Tyrunt|Dragon Dance|p1a: Tyrunt
|-boost|p1a: Tyrunt|atk|1
|-boost|p1a: Tyrunt|spe|1
|move|p2a: Froakie|Blizzard|p1a: Tyrunt
|-supereffective|p1a: Tyrunt
|-damage|p1a: Tyrunt|0 fnt
|-damage|p2a: Froakie|16\/20|[from] item: Life Orb
|faint|p1a: Tyrunt
|
|choice|switch 4|
|
|switch|p1a: Fennekin|Fennekin, L5, F, shiny|20\/20
|turn|3
|choice|move fireblast|move surf
|
|move|p2a: Froakie|Surf|p1a: Fennekin
|-start|p2a: Froakie|typechange|Water|[from] Protean
|-supereffective|p1a: Fennekin
|-damage|p1a: Fennekin|0 fnt
|-damage|p2a: Froakie|14\/20|[from] item: Life Orb
|faint|p1a: Fennekin
|
|choice|switch 3|
|
|switch|p1a: Togepi|Togepi, L5, F, shiny|20\/20
|turn|4
|choice|move thunderwave|move blizzard
|
|move|p2a: Froakie|Blizzard|p1a: Togepi
|-start|p2a: Froakie|typechange|Ice|[from] Protean
|-damage|p1a: Togepi|8\/20
|-damage|p2a: Froakie|12\/20|[from] item: Life Orb
|move|p1a: Togepi|Thunder Wave|p2a: Froakie
|-status|p2a: Froakie|par
|
|turn|5
|choice|move dazzlinggleam|move blizzard
|
|move|p1a: Togepi|Dazzling Gleam|p2a: Froakie
|-damage|p2a: Froakie|0 fnt
|faint|p2a: Froakie
|
|choice||switch 4
|
|switch|p2a: Aipom|Aipom, L5, M|22\/22
|turn|6
|choice|move thunderwave|move fakeout
|
|move|p2a: Aipom|Fake Out|p1a: Togepi
|-crit|p1a: Togepi
|-damage|p1a: Togepi|0 fnt
|-damage|p2a: Aipom|20\/22|[from] item: Life Orb
|faint|p1a: Togepi
|
|choice|switch 5|
|
|switch|p1a: Dwebble|Dwebble, L5, M, shiny|21\/21
|turn|7
|choice|move shellsmash|move brickbreak
|
|move|p2a: Aipom|Brick Break|p1a: Dwebble
|-damage|p1a: Dwebble|11\/21
|-damage|p2a: Aipom|18\/22|[from] item: Life Orb
|move|p1a: Dwebble|Shell Smash|p1a: Dwebble
|-unboost|p1a: Dwebble|def|1
|-unboost|p1a: Dwebble|spd|1
|-boost|p1a: Dwebble|atk|2
|-boost|p1a: Dwebble|spa|2
|-boost|p1a: Dwebble|spe|2
|
|turn|8
|choice|move xscissor|move return
|
|move|p1a: Dwebble|X-Scissor|p2a: Aipom
|-damage|p2a: Aipom|0 fnt
|faint|p2a: Aipom
|
|choice||switch 5
|
|switch|p2a: Noibat|Noibat, L5, M|21\/21
|turn|9
|choice|move stoneedge|move hurricane
|
|move|p1a: Dwebble|Stone Edge|p2a: Noibat|[miss]
|-miss|p1a: Dwebble|p2a: Noibat
|move|p2a: Noibat|Hurricane|p1a: Dwebble
|-damage|p1a: Dwebble|0 fnt
|faint|p1a: Dwebble
|
|choice|switch 2|
|
|switch|p1a: Mantyke|Mantyke, L5, F|21\/21
|turn|10
|choice|move raindance|move hurricane
|
|move|p2a: Noibat|Hurricane|p1a: Mantyke|[miss]
|-miss|p2a: Noibat|p1a: Mantyke
|move|p1a: Mantyke|Rain Dance|p1a: Mantyke
|-weather|RainDance
|
|-weather|RainDance|[upkeep]
|turn|11
|choice|move scald|move hurricane
|
|move|p1a: Mantyke|Scald|p2a: Noibat
|-resisted|p2a: Noibat
|-damage|p2a: Noibat|10\/21
|move|p2a: Noibat|Hurricane|p1a: Mantyke
|-damage|p1a: Mantyke|14\/21
|
|-weather|RainDance|[upkeep]
|turn|12
|choice|move scald|move hurricane
|
|move|p1a: Mantyke|Scald|p2a: Noibat
|-resisted|p2a: Noibat
|-damage|p2a: Noibat|0 fnt
|faint|p2a: Noibat
|
|-weather|RainDance|[upkeep]
|choice||switch 3
|
|switch|p2a: Vulpix|Vulpix, L5, F|20\/20
|-weather|SunnyDay|[from] ability: Drought|[of] p2a: Vulpix
|turn|13
|choice|move hiddenpower|move energyball
|
|move|p2a: Vulpix|Energy Ball|p1a: Mantyke
|-damage|p1a: Mantyke|9\/21
|-damage|p2a: Vulpix|18\/20|[from] item: Life Orb
|move|p1a: Mantyke|Hidden Power|p2a: Vulpix
|-supereffective|p2a: Vulpix
|-damage|p2a: Vulpix|8\/20
|
|-weather|SunnyDay|[upkeep]
|turn|14
|choice|switch 6|switch 2
|
|switch|p2a: Snivy|Snivy, L5, F, shiny|21\/21
|switch|p1a: Chingling|Chingling, L5, M|24\/24
|
|-weather|SunnyDay|[upkeep]
|turn|15
|choice|move yawn|move leafstorm
|
|move|p2a: Snivy|Leaf Storm|p1a: Chingling
|-damage|p1a: Chingling|5\/24
|-boost|p2a: Snivy|spa|2
|-damage|p2a: Snivy|19\/21|[from] item: Life Orb
|-enditem|p1a: Chingling|Berry Juice
|-heal|p1a: Chingling|24\/24|[from] item: Berry Juice
|move|p1a: Chingling|Yawn|p2a: Snivy
|-start|p2a: Snivy|move: Yawn|[of] p1a: Chingling
|
|-weather|SunnyDay|[upkeep]
|turn|16
|choice|move recycle|move leafstorm
|
|move|p2a: Snivy|Leaf Storm|p1a: Chingling
|-damage|p1a: Chingling|0 fnt
|-boost|p2a: Snivy|spa|2
|-damage|p2a: Snivy|17\/21|[from] item: Life Orb
|faint|p1a: Chingling
|
|-end|p2a: Snivy|move: Yawn|[silent]
|-status|p2a: Snivy|slp
|-weather|SunnyDay|[upkeep]
|choice|switch 6|
|
|switch|p1a: Mantyke|Mantyke, L5, F|9\/21
|turn|17
|choice|move airslash|switch 2
|
|switch|p2a: Vulpix|Vulpix, L5, F|8\/20
|move|p1a: Mantyke|Air Slash|p2a: Vulpix
|-damage|p2a: Vulpix|0 fnt
|faint|p2a: Vulpix
|
|-weather|none
|choice||switch 2
|
|switch|p2a: Snivy|Snivy, L5, F, shiny|17\/21 slp
|turn|18
|choice|move raindance|move leafstorm
|
|cant|p2a: Snivy|slp
|move|p1a: Mantyke|Rain Dance|p1a: Mantyke
|-weather|RainDance
|
|-weather|RainDance|[upkeep]
|turn|19
|choice|move airslash|move leafstorm
|
|move|p1a: Mantyke|Air Slash|p2a: Snivy
|-supereffective|p2a: Snivy
|-damage|p2a: Snivy|0 fnt
|faint|p2a: Snivy
|
|-weather|RainDance|[upkeep]
|choice||switch 6
|
|switch|p2a: Cranidos|Cranidos, L5, F, shiny|26\/26
|turn|20
|choice|move scald|move stoneedge
|
|move|p1a: Mantyke|Scald|p2a: Cranidos
|-supereffective|p2a: Cranidos
|-damage|p2a: Cranidos|0 fnt
|faint|p2a: Cranidos
|
|win|GiovanniRK
|player|p1
|player|p2
|l|Hoodlum2004</script>
</div>
<div class="battle-log battle-log-inline"><div class="inner"><div class="battle-options"></div><div class="inner"><div class="chat"><small>GiovanniRK joined.</small></div><div class="chat"><small>Hoodlum2004 joined.</small></div><div class=""><small>Format:</small> <br><strong>LC</strong></div><div class="rated"><strong>Rated battle</strong></div><div class=""><small><em>Sleep Clause Mod:</em> Limit one foe put to sleep</small></div><div class=""><small><em>Species Clause:</em> Limit one of each Pokémon</small></div><div class=""><small><em>OHKO Clause:</em> OHKO moves are banned</small></div><div class=""><small><em>Moody Clause:</em> Moody is banned</small></div><div class=""><small><em>Evasion Moves Clause:</em> Evasion moves are banned</small></div><div class=""><small><em>Endless Battle Clause:</em> Forcing endless battles is banned</small></div><div class=""><small><em>HP Percentage Mod:</em> HP is shown in percentages</small></div><div class="chat battle-history"><strong>GiovanniRK's team:</strong> <em style="color:#445566;display:block;">Chingling / Mantyke / Togepi / Fennekin / Dwebble / Tyrunt</em></div><div class="chat battle-history"><strong>Hoodlum2004's team:</strong> <em style="color:#445566;display:block;">Cranidos / Snivy / Vulpix / Aipom / Noibat / Froakie</em></div><div class="spacer battle-history"><br></div><div class="battle-history">Battle started between GiovanniRK and Hoodlum2004!<br></div><div class="spacer battle-history"><br></div><div class="battle-history">Go! <strong>Tyrunt</strong>!<br></div><div class="spacer battle-history"><br></div><div class="battle-history">Hoodlum2004 sent out <strong>Froakie</strong>!<br></div><div class="spacer battle-history"><br></div><h2 class="battle-history">Turn 1</h2><div class="spacer battle-history"><br></div><div class="battle-history">The opposing Froakie used <strong>Blizzard</strong>!<br></div><div class="spacer battle-history"><br></div><div class="battle-history"><small>[The opposing Froakie's Protean]</small><br><small>The opposing Froakie transformed into the Ice type!</small><br></div><div class="battle-history"><small>It's super effective!</small><br></div><div class="battle-history"><small>[Tyrunt's Sturdy]</small><br><small>Tyrunt endured the hit!</small><br></div><div class="battle-history"><small>(Tyrunt lost <abbr title="−21/22">95.5%</abbr> of its health!)</small><br></div><div class="battle-history"><small>The opposing Froakie lost some of its HP!</small><br></div><div class="battle-history"><small>(Tyrunt used its Berry Juice!)</small><br></div><div class="battle-history"><small>Tyrunt restored HP using its Berry Juice!</small><br></div><div class="spacer battle-history"><br></div><div class="battle-history">Tyrunt used <strong>Dragon Dance</strong>!<br></div><div class="battle-history"><small>Tyrunt's Attack rose!</small><br></div><div class="battle-history"><small>Tyrunt's Speed rose!</small><br></div><div class="spacer battle-history"><br></div><h2 class="battle-history">Turn 2</h2><div class="spacer battle-history"><br></div><div class="battle-history">Tyrunt used <strong>Dragon Dance</strong>!<br></div><div class="battle-history"><small>Tyrunt's Attack rose!</small><br></div><div class="battle-history"><small>Tyrunt's Speed rose!</small><br></div><div class="spacer battle-history"><br></div><div class="battle-history">The opposing Froakie used <strong>Blizzard</strong>!<br></div><div class="battle-history"><small>It's super effective!</small><br></div><div class="battle-history"><small>(Tyrunt lost <abbr title="−21/22">95.5%</abbr> of its health!)</small><br></div><div class="battle-history"><small>The opposing Froakie lost some of its HP!</small><br></div><div class="spacer battle-history"><br></div><div class="battle-history">Tyrunt fainted!<br></div><div class="spacer battle-history"><br></div><div class="battle-history">Go! <strong>Fennekin</strong>!<br></div><div class="spacer battle-history"><br></div><h2 class="battle-history">Turn 3</h2><div class="spacer battle-history"><br></div><div class="battle-history">The opposing Froakie used <strong>Surf</strong>!<br></div><div class="spacer battle-history"><br></div><div class="battle-history"><small>[The opposing Froakie's Protean]</small><br><small>The opposing Froakie transformed into the Water type!</small><br></div><div class="battle-history"><small>It's super effective!</small><br></div><div class="battle-history"><small>(Fennekin lost <abbr title="−20/20">100%</abbr> of its health!)</small><br></div><div class="battle-history"><small>The opposing Froakie lost some of its HP!</small><br></div><div class="spacer battle-history"><br></div><div class="battle-history">Fennekin fainted!<br></div><div class="spacer battle-history"><br></div><div class="battle-history">Go! <strong>Togepi</strong>!<br></div><div class="spacer battle-history"><br></div><h2 class="battle-history">Turn 4</h2><div class="spacer battle-history"><br></div><div class="battle-history">The opposing Froakie used <strong>Blizzard</strong>!<br></div><div class="spacer battle-history"><br></div><div class="battle-history"><small>[The opposing Froakie's Protean]</small><br><small>The opposing Froakie transformed into the Ice type!</small><br></div><div class="battle-history"><small>(Togepi lost <abbr title="−12/20">60%</abbr> of its health!)</small><br></div><div class="battle-history"><small>The opposing Froakie lost some of its HP!</small><br></div><div class="spacer battle-history"><br></div><div class="battle-history">Togepi used <strong>Thunder Wave</strong>!<br></div><div class="battle-history"><small>The opposing Froakie is paralyzed! It may be unable to move!</small><br></div><div class="spacer battle-history"><br></div><h2 class="battle-history">Turn 5</h2><div class="spacer battle-history"><br></div><div class="battle-history">Togepi used <strong>Dazzling Gleam</strong>!<br></div><div class="battle-history"><small>(The opposing Froakie lost <abbr title="−12/20">60%</abbr> of its health!)</small><br></div><div class="spacer battle-history"><br></div><div class="battle-history">The opposing Froakie fainted!<br></div><div class="spacer battle-history"><br></div><div class="battle-history">Hoodlum2004 sent out <strong>Aipom</strong>!<br></div><div class="spacer battle-history"><br></div><h2 class="battle-history">Turn 6</h2><div class="spacer battle-history"><br></div><div class="battle-history">The opposing Aipom used <strong>Fake Out</strong>!<br></div><div class="battle-history"><small>A critical hit!</small><br></div><div class="battle-history"><small>(Togepi lost <abbr title="−8/20">40%</abbr> of its health!)</small><br></div><div class="battle-history"><small>The opposing Aipom lost some of its HP!</small><br></div><div class="spacer battle-history"><br></div><div class="battle-history">Togepi fainted!<br></div><div class="spacer battle-history"><br></div><div class="battle-history">Go! <strong>Dwebble</strong>!<br></div><div class="spacer battle-history"><br></div><h2 class="battle-history">Turn 7</h2><div class="spacer battle-history"><br></div><div class="battle-history">The opposing Aipom used <strong>Brick Break</strong>!<br></div><div class="battle-history"><small>(Dwebble lost <abbr title="−10/21">47.6%</abbr> of its health!)</small><br></div><div class="battle-history"><small>The opposing Aipom lost some of its HP!</small><br></div><div class="spacer battle-history"><br></div><div class="battle-history">Dwebble used <strong>Shell Smash</strong>!<br></div><div class="battle-history"><small>Dwebble's Defense fell!</small><br></div><div class="battle-history"><small>Dwebble's Special Defense fell!</small><br></div><div class="battle-history"><small>Dwebble's Attack rose sharply!</small><br></div><div class="battle-history"><small>Dwebble's Special Attack rose sharply!</small><br></div><div class="battle-history"><small>Dwebble's Speed rose sharply!</small><br></div><div class="spacer battle-history"><br></div><h2 class="battle-history">Turn 8</h2><div class="spacer battle-history"><br></div><div class="battle-history">Dwebble used <strong>X-Scissor</strong>!<br></div><div class="battle-history"><small>(The opposing Aipom lost <abbr title="−18/22">81.8%</abbr> of its health!)</small><br></div><div class="spacer battle-history"><br></div><div class="battle-history">The opposing Aipom fainted!<br></div><div class="spacer battle-history"><br></div><div class="battle-history">Hoodlum2004 sent out <strong>Noibat</strong>!<br></div><div class="spacer battle-history"><br></div><h2 class="battle-history">Turn 9</h2><div class="spacer battle-history"><br></div><div class="battle-history">Dwebble used <strong>Stone Edge</strong>!<br></div><div class="battle-history"><small>The opposing Noibat avoided the attack!</small><br></div><div class="spacer battle-history"><br></div><div class="battle-history">The opposing Noibat used <strong>Hurricane</strong>!<br></div><div class="battle-history"><small>(Dwebble lost <abbr title="−11/21">52.4%</abbr> of its health!)</small><br></div><div class="spacer battle-history"><br></div><div class="battle-history">Dwebble fainted!<br></div><div class="spacer battle-history"><br></div><div class="battle-history">Go! <strong>Mantyke</strong>!<br></div><div class="spacer battle-history"><br></div><h2 class="battle-history">Turn 10</h2><div class="spacer battle-history"><br></div><div class="battle-history">The opposing Noibat used <strong>Hurricane</strong>!<br></div><div class="battle-history"><small>Mantyke avoided the attack!</small><br></div><div class="spacer battle-history"><br></div><div class="battle-history">Mantyke used <strong>Rain Dance</strong>!<br></div><div class="battle-history"><small>It started to rain!</small><br></div><div class="spacer battle-history"><br></div><div class="battle-history"><small>(Rain continues to fall!)</small><br></div><div class="spacer battle-history"><br></div><h2 class="battle-history">Turn 11</h2><div class="spacer battle-history"><br></div><div class="battle-history">Mantyke used <strong>Scald</strong>!<br></div><div class="battle-history"><small>It's not very effective...</small><br></div><div class="battle-history"><small>(The opposing Noibat lost <abbr title="−11/21">52.4%</abbr> of its health!)</small><br></div><div class="spacer battle-history"><br></div><div class="battle-history">The opposing Noibat used <strong>Hurricane</strong>!<br></div><div class="battle-history"><small>(Mantyke lost <abbr title="−7/21">33.3%</abbr> of its health!)</small><br></div><div class="spacer battle-history"><br></div><div class="battle-history"><small>(Rain continues to fall!)</small><br></div><div class="spacer battle-history"><br></div><h2 class="battle-history">Turn 12</h2><div class="spacer battle-history"><br></div><div class="battle-history">Mantyke used <strong>Scald</strong>!<br></div><div class="battle-history"><small>It's not very effective...</small><br></div><div class="battle-history"><small>(The opposing Noibat lost <abbr title="−10/21">47.6%</abbr> of its health!)</small><br></div><div class="spacer battle-history"><br></div><div class="battle-history">The opposing Noibat fainted!<br></div><div class="spacer battle-history"><br></div><div class="battle-history"><small>(Rain continues to fall!)</small><br></div><div class="spacer battle-history"><br></div><div class="battle-history">Hoodlum2004 sent out <strong>Vulpix</strong>!<br></div><div class="battle-history"><small>[The opposing Vulpix's Drought]</small><br><small>The sunlight turned harsh!</small><br></div><div class="spacer battle-history"><br></div><h2 class="battle-history">Turn 13</h2><div class="spacer battle-history"><br></div><div class="battle-history">The opposing Vulpix used <strong>Energy Ball</strong>!<br></div><div class="battle-history"><small>(Mantyke lost <abbr title="−5/21">23.8%</abbr> of its health!)</small><br></div><div class="battle-history"><small>The opposing Vulpix lost some of its HP!</small><br></div><div class="spacer battle-history"><br></div><div class="battle-history">Mantyke used <strong>Hidden Power</strong>!<br></div><div class="battle-history"><small>It's super effective!</small><br></div><div class="battle-history"><small>(The opposing Vulpix lost <abbr title="−10/20">50%</abbr> of its health!)</small><br></div><div class="spacer battle-history"><br></div><div class="battle-history"><small>(The sunlight is strong!)</small><br></div><div class="spacer battle-history"><br></div><h2 class="battle-history">Turn 14</h2><div class="spacer battle-history"><br></div><div class="battle-history">Hoodlum2004 withdrew Vulpix!<br></div><div class="battle-history">Hoodlum2004 sent out <strong>Snivy</strong>!<br></div><div class="spacer battle-history"><br></div><div class="battle-history">Mantyke, come back!<br></div><div class="battle-history">Go! <strong>Chingling</strong>!<br></div><div class="spacer battle-history"><br></div><div class="battle-history"><small>(The sunlight is strong!)</small><br></div><div class="spacer battle-history"><br></div><h2 class="battle-history">Turn 15</h2><div class="spacer battle-history"><br></div><div class="battle-history">The opposing Snivy used <strong>Leaf Storm</strong>!<br></div><div class="battle-history"><small>(Chingling lost <abbr title="−19/24">79.2%</abbr> of its health!)</small><br></div><div class="battle-history"><small>The opposing Snivy's Special Attack rose sharply!</small><br></div><div class="battle-history"><small>The opposing Snivy lost some of its HP!</small><br></div><div class="battle-history"><small>(Chingling used its Berry Juice!)</small><br></div><div class="battle-history"><small>Chingling restored HP using its Berry Juice!</small><br></div><div class="spacer battle-history"><br></div><div class="battle-history">Chingling used <strong>Yawn</strong>!<br></div><div class="battle-history"><small>The opposing Snivy grew drowsy!</small><br></div><div class="spacer battle-history"><br></div><div class="battle-history"><small>(The sunlight is strong!)</small><br></div><div class="spacer battle-history"><br></div><h2 class="battle-history">Turn 16</h2><div class="spacer battle-history"><br></div><div class="battle-history">The opposing Snivy used <strong>Leaf Storm</strong>!<br></div><div class="battle-history"><small>(Chingling lost <abbr title="−24/24">100%</abbr> of its health!)</small><br></div><div class="battle-history"><small>The opposing Snivy's Special Attack rose sharply!</small><br></div><div class="battle-history"><small>The opposing Snivy lost some of its HP!</small><br></div><div class="spacer battle-history"><br></div><div class="battle-history">Chingling fainted!<br></div><div class="spacer battle-history"><br></div><div class="battle-history"><small>The opposing Snivy fell asleep!</small><br></div><div class="battle-history"><small>(The sunlight is strong!)</small><br></div><div class="spacer battle-history"><br></div><div class="battle-history">Go! <strong>Mantyke</strong>!<br></div><div class="spacer battle-history"><br></div><h2 class="battle-history">Turn 17</h2><div class="spacer battle-history"><br></div><div class="battle-history">Hoodlum2004 withdrew Snivy!<br></div><div class="battle-history">Hoodlum2004 sent out <strong>Vulpix</strong>!<br></div><div class="spacer battle-history"><br></div><div class="battle-history">Mantyke used <strong>Air Slash</strong>!<br></div><div class="battle-history"><small>(The opposing Vulpix lost <abbr title="−8/20">40%</abbr> of its health!)</small><br></div><div class="spacer battle-history"><br></div><div class="battle-history">The opposing Vulpix fainted!<br></div><div class="spacer battle-history"><br></div><div class="battle-history"><small>The sunlight faded.</small><br></div><div class="spacer battle-history"><br></div><div class="battle-history">Hoodlum2004 sent out <strong>Snivy</strong>!<br></div><div class="spacer battle-history"><br></div><h2 class="battle-history">Turn 18</h2><div class="spacer battle-history"><br></div><div class="battle-history">The opposing Snivy is fast asleep.<br></div><div class="spacer battle-history"><br></div><div class="battle-history">Mantyke used <strong>Rain Dance</strong>!<br></div><div class="battle-history"><small>It started to rain!</small><br></div><div class="spacer battle-history"><br></div><div class="battle-history"><small>(Rain continues to fall!)</small><br></div><div class="spacer battle-history"><br></div><h2 class="battle-history">Turn 19</h2><div class="spacer battle-history"><br></div><div class="battle-history">Mantyke used <strong>Air Slash</strong>!<br></div><div class="battle-history"><small>It's super effective!</small><br></div><div class="battle-history"><small>(The opposing Snivy lost <abbr title="−17/21">81.0%</abbr> of its health!)</small><br></div><div class="spacer battle-history"><br></div><div class="battle-history">The opposing Snivy fainted!<br></div><div class="spacer battle-history"><br></div><div class="battle-history"><small>(Rain continues to fall!)</small><br></div><div class="spacer battle-history"><br></div><div class="battle-history">Hoodlum2004 sent out <strong>Cranidos</strong>!<br></div><div class="spacer battle-history"><br></div><h2 class="battle-history">Turn 20</h2><div class="spacer battle-history"><br></div><div class="battle-history">Mantyke used <strong>Scald</strong>!<br></div><div class="battle-history"><small>It's super effective!</small><br></div><div class="battle-history"><small>(The opposing Cranidos lost <abbr title="−26/26">100%</abbr> of its health!)</small><br></div><div class="spacer battle-history"><br></div><div class="battle-history">The opposing Cranidos fainted!<br></div><div class="spacer battle-history"><br></div><div class="battle-history"><strong>GiovanniRK</strong> won the battle!<br></div><div class="chat"><small>Hoodlum2004 left.</small></div></div><div class="inner-preempt"></div></div></div>
</div>
<script>
let daily = Math.floor(Date.now()/1000/60/60/24);document.write('<script src="https://play.pokemonshowdown.com/js/replay-embed.js?version'+daily+'"></'+'script>');
</script>
