<!DOCTYPE html>
<meta charset="utf-8" />
<!-- version 1 -->
<title>LC replay: TheLoryBest vs. SmokerWhiteHunter</title>
<style>
html,body {font-family:Verdana, sans-serif;font-size:10pt;margin:0;padding:0;}body{padding:12px 0;} .battle-log {font-family:Verdana, sans-serif;font-size:10pt;} .battle-log-inline {border:1px solid #AAAAAA;background:#EEF2F5;color:black;max-width:640px;margin:0 auto 80px;padding-bottom:5px;} .battle-log .inner {padding:4px 8px 0px 8px;} .battle-log .inner-preempt {padding:0 8px 4px 8px;} .battle-log .inner-after {margin-top:0.5em;} .battle-log h2 {margin:0.5em -8px;padding:4px 8px;border:1px solid #AAAAAA;background:#E0E7EA;border-left:0;border-right:0;font-family:Verdana, sans-serif;font-size:13pt;} .battle-log .chat {vertical-align:middle;padding:3px 0 3px 0;font-size:8pt;} .battle-log .chat strong {color:#40576A;} .battle-log .chat em {padding:1px 4px 1px 3px;color:#000000;font-style:normal;} .chat.mine {background:rgba(0,0,0,0.05);margin-left:-8px;margin-right:-8px;padding-left:8px;padding-right:8px;} .spoiler {color:#BBBBBB;background:#BBBBBB;padding:0px 3px;} .spoiler:hover, .spoiler:active, .spoiler-shown {color:#000000;background:#E2E2E2;padding:0px 3px;} .spoiler a {color:#BBBBBB;} .spoiler:hover a, .spoiler:active a, .spoiler-shown a {color:#2288CC;} .chat code, .chat .spoiler:hover code, .chat .spoiler:active code, .chat .spoiler-shown code {border:1px solid #C0C0C0;background:#EEEEEE;color:black;padding:0 2px;} .chat .spoiler code {border:1px solid #CCCCCC;background:#CCCCCC;color:#CCCCCC;} .battle-log .rated {padding:3px 4px;} .battle-log .rated strong {color:white;background:#89A;padding:1px 4px;border-radius:4px;} .spacer {margin-top:0.5em;} .message-announce {background:#6688AA;color:white;padding:1px 4px 2px;} .message-announce a, .broadcast-green a, .broadcast-blue a, .broadcast-red a {color:#DDEEFF;} .broadcast-green {background-color:#559955;color:white;padding:2px 4px;} .broadcast-blue {background-color:#6688AA;color:white;padding:2px 4px;} .infobox {border:1px solid #6688AA;padding:2px 4px;} .infobox-limited {max-height:200px;overflow:auto;overflow-x:hidden;} .broadcast-red {background-color:#AA5544;color:white;padding:2px 4px;} .message-learn-canlearn {font-weight:bold;color:#228822;text-decoration:underline;} .message-learn-cannotlearn {font-weight:bold;color:#CC2222;text-decoration:underline;} .message-effect-weak {font-weight:bold;color:#CC2222;} .message-effect-resist {font-weight:bold;color:#6688AA;} .message-effect-immune {font-weight:bold;color:#666666;} .message-learn-list {margin-top:0;margin-bottom:0;} .message-throttle-notice, .message-error {color:#992222;} .message-overflow, .chat small.message-overflow {font-size:0pt;} .message-overflow::before {font-size:9pt;content:'...';} .subtle {color:#3A4A66;}
</style>
<div class="wrapper replay-wrapper" style="max-width:1180px;margin:0 auto">
<input type="hidden" name="replayid" value="lc-499250036" />
<div class="battle"></div><div class="battle-log"></div><div class="replay-controls"></div><div class="replay-controls-2"></div>
<h1 style="font-weight:normal;text-align:center"><strong>LC</strong><br /><a href="http://pokemonshowdown.com/users/thelorybest" class="subtle" target="_blank">TheLoryBest</a> vs. <a href="http://pokemonshowdown.com/users/smokerwhitehunter" class="subtle" target="_blank">SmokerWhiteHunter</a></h1>
<script type="text/plain" class="battle-log-data">|j|TheLoryBest
|j|SmokerWhiteHunter
|player|p1|TheLoryBest|146
|player|p2|SmokerWhiteHunter|87
|gametype|singles
|gen|6
|tier|LC
|rated
|seed|31574,63306,31856,54665
|clearpoke
|poke|p1|Onix, L5, M|item
|poke|p1|Spritzee, L5, F|item
|poke|p1|Staryu, L5|item
|poke|p1|Mienfoo, L5, M|item
|poke|p1|Abra, L5, M|item
|poke|p1|Fletchling, L5, M|
|poke|p2|Archen, L5, M|item
|poke|p2|Staryu, L5|item
|poke|p2|Magnemite, L5|item
|poke|p2|Houndour, L5, M|item
|poke|p2|Croagunk, L5, M|item
|poke|p2|Lickitung, L5, M|item
|rule|Sleep Clause Mod: Limit one foe put to sleep
|rule|Species Clause: Limit one of each Pokémon
|rule|OHKO Clause: OHKO moves are banned
|rule|Moody Clause: Moody is banned
|rule|Evasion Moves Clause: Evasion moves are banned
|rule|Endless Battle Clause: Forcing endless battles is banned
|rule|HP Percentage Mod: HP is shown in percentages
|teampreview
|c|★TheLoryBest|gl hf
|choice|team 1, team 2, team 3, team 4, team 5, team 6|team 5, team 2, team 3, team 4, team 1, team 6
|
|start
|switch|p1a: Wally|Onix, L5, M|20\/20
|switch|p2a: Croagunk|Croagunk, L5, M|23\/23
|turn|1
|c|★SmokerWhiteHunter|u too
|choice|move stealthrock|move drainpunch
|
|move|p1a: Wally|Stealth Rock|p2a: Croagunk
|-sidestart|p2: SmokerWhiteHunter|move: Stealth Rock
|move|p2a: Croagunk|Drain Punch|p1a: Wally
|-supereffective|p1a: Wally
|-damage|p1a: Wally|8\/20
|-enditem|p1a: Wally|Berry Juice
|-heal|p1a: Wally|20\/20|[from] item: Berry Juice
|
|upkeep
|turn|2
|choice|move earthquake|move drainpunch
|
|move|p1a: Wally|Earthquake|p2a: Croagunk
|-supereffective|p2a: Croagunk
|-damage|p2a: Croagunk|3\/23
|move|p2a: Croagunk|Drain Punch|p1a: Wally
|-supereffective|p1a: Wally
|-damage|p1a: Wally|8\/20
|-heal|p2a: Croagunk|9\/23|[from] drain|[of] p1a: Wally
|
|upkeep
|turn|3
|choice|move earthquake|move vacuumwave
|
|move|p2a: Croagunk|Vacuum Wave|p1a: Wally
|-supereffective|p1a: Wally
|-damage|p1a: Wally|0 fnt
|faint|p1a: Wally
|
|upkeep
|choice|switch 6|
|
|switch|p1a: Lenora|Fletchling, L5, M|21\/21
|turn|4
|choice|move acrobatics|switch 3
|
|switch|p2a: Magnemite|Magnemite, L5|20\/20
|-damage|p2a: Magnemite|19\/20|[from] Stealth Rock
|move|p1a: Lenora|Acrobatics|p2a: Magnemite
|-resisted|p2a: Magnemite
|-damage|p2a: Magnemite|17\/20
|
|upkeep
|turn|5
|choice|switch 4|move voltswitch
|
|switch|p1a: Kenya|Mienfoo, L5, M|21\/21
|move|p2a: Magnemite|Volt Switch|p1a: Kenya
|-damage|p1a: Kenya|9\/21
|choice||switch 5
|
|switch|p2a: Archen|Archen, L5, M|23\/23
|-damage|p2a: Archen|18\/23|[from] Stealth Rock
|
|upkeep
|turn|6
|choice|move fakeout|move acrobatics
|
|move|p1a: Kenya|Fake Out|p2a: Archen
|-resisted|p2a: Archen
|-damage|p2a: Archen|14\/23
|-damage|p1a: Kenya|7\/21|[from] item: Life Orb
|cant|p2a: Archen|flinch
|
|upkeep
|turn|7
|choice|switch 3|move acrobatics
|
|switch|p1a: Misty|Staryu, L5|19\/19
|move|p2a: Archen|Acrobatics|p1a: Misty
|-damage|p1a: Misty|13\/19
|
|upkeep
|turn|8
|choice|move recover|move uturn
|
|move|p2a: Archen|U-turn|p1a: Misty
|-damage|p1a: Misty|8\/19
|choice||switch 5
|
|switch|p2a: Magnemite|Magnemite, L5|17\/20
|-damage|p2a: Magnemite|16\/20|[from] Stealth Rock
|move|p1a: Misty|Recover|p1a: Misty
|-heal|p1a: Misty|18\/19
|
|upkeep
|turn|9
|choice|switch 2|move thunderbolt
|
|switch|p1a: Layla|Spritzee, L5, F|24\/24
|move|p2a: Magnemite|Thunderbolt|p1a: Layla
|-damage|p1a: Layla|15\/24
|
|upkeep
|turn|10
|choice|switch 5|move flashcannon
|
|switch|p1a: Zamkala|Abra, L5, M|19\/19
|move|p2a: Magnemite|Flash Cannon|p1a: Zamkala
|-damage|p1a: Zamkala|3\/19
|
|upkeep
|turn|11
|choice|move hiddenpower|move flashcannon
|
|move|p1a: Zamkala|Hidden Power|p2a: Magnemite
|-supereffective|p2a: Magnemite
|-damage|p2a: Magnemite|0 fnt
|faint|p2a: Magnemite
|
|upkeep
|choice||switch 4
|
|switch|p2a: Houndour|Houndour, L5, M|21\/21
|-damage|p2a: Houndour|16\/21|[from] Stealth Rock
|turn|12
|choice|switch 2|move suckerpunch
|
|switch|p1a: Misty|Staryu, L5|18\/19
|move|p2a: Houndour|Sucker Punch|p1a: Misty|[still]
|-fail|p2a: Houndour
|
|upkeep
|turn|13
|choice|switch 4|switch 2
|
|switch|p2a: Staryu|Staryu, L5|21\/21
|-damage|p2a: Staryu|19\/21|[from] Stealth Rock
|switch|p1a: Lenora|Fletchling, L5, M|21\/21
|
|upkeep
|turn|14
|choice|move swordsdance|move rapidspin
|
|move|p2a: Staryu|Rapid Spin|p1a: Lenora
|-damage|p1a: Lenora|19\/21
|-sideend|p2: SmokerWhiteHunter|Stealth Rock|[from] move: Rapid Spin|[of] p2a: Staryu
|move|p1a: Lenora|Swords Dance|p1a: Lenora
|-boost|p1a: Lenora|atk|2
|
|upkeep
|turn|15
|choice|move acrobatics|move icebeam
|
|move|p1a: Lenora|Acrobatics|p2a: Staryu
|-damage|p2a: Staryu|3\/21
|move|p2a: Staryu|Ice Beam|p1a: Lenora
|-supereffective|p1a: Lenora
|-damage|p1a: Lenora|1\/21
|
|upkeep
|turn|16
|choice|move acrobatics|move recover
|
|move|p1a: Lenora|Acrobatics|p2a: Staryu
|-damage|p2a: Staryu|0 fnt
|faint|p2a: Staryu
|
|upkeep
|choice||switch 3
|
|switch|p2a: Croagunk|Croagunk, L5, M|9\/23
|turn|17
|choice|move acrobatics|move vacuumwave
|
|move|p1a: Lenora|Acrobatics|p2a: Croagunk
|-supereffective|p2a: Croagunk
|-damage|p2a: Croagunk|0 fnt
|faint|p2a: Croagunk
|
|upkeep
|choice||switch 5
|
|switch|p2a: Archen|Archen, L5, M|14\/23
|turn|18
|choice|move acrobatics|move acrobatics
|
|move|p1a: Lenora|Acrobatics|p2a: Archen
|-resisted|p2a: Archen
|-damage|p2a: Archen|0 fnt
|-enditem|p2a: Archen|Berry Juice
|faint|p2a: Archen
|
|upkeep
|choice||switch 6
|
|switch|p2a: Lickitung|Lickitung, L5, M|28\/28
|turn|19
|choice|move acrobatics|move bodyslam
|
|move|p1a: Lenora|Acrobatics|p2a: Lickitung
|-damage|p2a: Lickitung|12\/28
|move|p2a: Lickitung|Body Slam|p1a: Lenora
|-damage|p1a: Lenora|0 fnt
|faint|p1a: Lenora
|
|upkeep
|choice|switch 2|
|
|switch|p1a: Zamkala|Abra, L5, M|3\/19
|turn|20
|choice|move dazzlinggleam|move protect
|
|move|p2a: Lickitung|Protect|p2a: Lickitung
|-singleturn|p2a: Lickitung|Protect
|move|p1a: Zamkala|Dazzling Gleam|p2a: Lickitung
|-activate|p2a: Lickitung|move: Protect
|
|upkeep
|turn|21
|choice|move dazzlinggleam|move wish
|
|move|p1a: Zamkala|Dazzling Gleam|p2a: Lickitung
|-damage|p2a: Lickitung|6\/28
|move|p2a: Lickitung|Wish|p2a: Lickitung
|
|upkeep
|turn|22
|choice|switch 3|move protect
|
|switch|p1a: Kenya|Mienfoo, L5, M|14\/21
|move|p2a: Lickitung|Protect|p2a: Lickitung
|-fail|p2a: Lickitung
|
|-heal|p2a: Lickitung|20\/28|[from] move: Wish|[wisher] Lickitung
|upkeep
|turn|23
|choice|move fakeout|move bodyslam
|
|move|p1a: Kenya|Fake Out|p2a: Lickitung
|-damage|p2a: Lickitung|16\/28
|-damage|p1a: Kenya|12\/21|[from] item: Life Orb
|cant|p2a: Lickitung|flinch
|
|upkeep
|turn|24
|choice|move drainpunch|move protect
|
|move|p2a: Lickitung|Protect|p2a: Lickitung
|-singleturn|p2a: Lickitung|Protect
|move|p1a: Kenya|Drain Punch|p2a: Lickitung
|-activate|p2a: Lickitung|move: Protect
|
|upkeep
|turn|25
|raw|<div class="broadcast-red"><b>The server is restarting soon.<\/b><br \/>Please finish your battles quickly. No new battles can be started until the server resets in a few minutes.<\/div>
|inactive|Battle timer is ON: inactive players will automatically lose when time's up.
|raw|<div class="broadcast-red"><b>Moderated chat was set to +!<\/b><br \/>Only users of rank + and higher can talk.<\/div>
|choice|move drainpunch|move bodyslam
|
|move|p1a: Kenya|Drain Punch|p2a: Lickitung
|-supereffective|p2a: Lickitung
|-damage|p2a: Lickitung|0 fnt
|-heal|p1a: Kenya|20\/21|[from] drain|[of] p2a: Lickitung
|-damage|p1a: Kenya|18\/21|[from] item: Life Orb
|faint|p2a: Lickitung
|
|upkeep
|choice||switch 2
|
|switch|p2a: Houndour|Houndour, L5, M|16\/21
|turn|26
|choice|move drainpunch|move suckerpunch
|
|move|p2a: Houndour|Sucker Punch|p1a: Kenya
|-resisted|p1a: Kenya
|-damage|p1a: Kenya|12\/21
|-damage|p2a: Houndour|14\/21|[from] item: Life Orb
|move|p1a: Kenya|Drain Punch|p2a: Houndour
|-supereffective|p2a: Houndour
|-damage|p2a: Houndour|0 fnt
|-heal|p1a: Kenya|19\/21|[from] drain|[of] p2a: Houndour
|-damage|p1a: Kenya|17\/21|[from] item: Life Orb
|faint|p2a: Houndour
|
|win|TheLoryBest
|player|p1
|player|p2
|raw|TheLoryBest's rating: 1000 &rarr; <strong>1045<\/strong><br \/>(+45 for winning)
|raw|SmokerWhiteHunter's rating: 1040 &rarr; <strong>1022<\/strong><br \/>(-18 for losing)
|c|★TheLoryBest|gg
|l|SmokerWhiteHunter</script>
</div>
<div class="battle-log battle-log-inline"><div class="inner"><div class="battle-options"></div><div class="inner"><div class="chat"><small>TheLoryBest joined.</small></div><div class="chat"><small>SmokerWhiteHunter joined.</small></div><div class=""><small>Format:</small> <br><strong>LC</strong></div><div class="rated"><strong>Rated battle</strong></div><div class=""><small><em>Sleep Clause Mod:</em> Limit one foe put to sleep</small></div><div class=""><small><em>Species Clause:</em> Limit one of each Pokémon</small></div><div class=""><small><em>OHKO Clause:</em> OHKO moves are banned</small></div><div class=""><small><em>Moody Clause:</em> Moody is banned</small></div><div class=""><small><em>Evasion Moves Clause:</em> Evasion moves are banned</small></div><div class=""><small><em>Endless Battle Clause:</em> Forcing endless battles is banned</small></div><div class=""><small><em>HP Percentage Mod:</em> HP is shown in percentages</small></div><div class="chat battle-history"><strong>TheLoryBest's team:</strong> <em style="color:#445566;display:block;">Onix / Spritzee / Staryu / Mienfoo / Abra / Fletchling</em></div><div class="chat battle-history"><strong>SmokerWhiteHunter's team:</strong> <em style="color:#445566;display:block;">Archen / Staryu / Magnemite / Houndour / Croagunk / Lickitung</em></div><div class="chat chatmessage-thelorybest"><strong style="color:hsl(203,87%,40.89222259600917%)"><small>★</small><span class="username" data-name="TheLoryBest">TheLoryBest</span>:</strong> <em>gl hf</em></div><div class="spacer battle-history"><br></div><div class="battle-history">Battle started between TheLoryBest and SmokerWhiteHunter!<br></div><div class="spacer battle-history"><br></div><div class="battle-history">Go! Wally (<strong>Onix</strong>)!<br></div><div class="spacer battle-history"><br></div><div class="battle-history">SmokerWhiteHunter sent out <strong>Croagunk</strong>!<br></div><div class="spacer battle-history"><br></div><h2 class="battle-history">Turn 1</h2><div class="chat chatmessage-smokerwhitehunter"><strong style="color:hsl(168,58%,41.836517258760765%)"><small>★</small><span class="username" data-name="SmokerWhiteHunter">SmokerWhiteHunter</span>:</strong> <em>u too</em></div><div class="spacer battle-history"><br></div><div class="battle-history">Wally used <strong>Stealth Rock</strong>!<br></div><div class="battle-history"><small>Pointed stones float in the air around the opposing team!</small><br></div><div class="spacer battle-history"><br></div><div class="battle-history">The opposing Croagunk used <strong>Drain Punch</strong>!<br></div><div class="battle-history"><small>It's super effective!</small><br></div><div class="battle-history"><small>(Wally lost <abbr title="−12/20">60%</abbr> of its health!)</small><br></div><div class="battle-history"><small>(Wally used its Berry Juice!)</small><br></div><div class="battle-history"><small>Wally restored HP using its Berry Juice!</small><br></div><div class="spacer battle-history"><br></div><h2 class="battle-history">Turn 2</h2><div class="spacer battle-history"><br></div><div class="battle-history">Wally used <strong>Earthquake</strong>!<br></div><div class="battle-history"><small>It's super effective!</small><br></div><div class="battle-history"><small>(The opposing Croagunk lost <abbr title="−20/23">87.0%</abbr> of its health!)</small><br></div><div class="spacer battle-history"><br></div><div class="battle-history">The opposing Croagunk used <strong>Drain Punch</strong>!<br></div><div class="battle-history"><small>It's super effective!</small><br></div><div class="battle-history"><small>(Wally lost <abbr title="−12/20">60%</abbr> of its health!)</small><br></div><div class="battle-history"><small>Wally had its energy drained!</small><br></div><div class="spacer battle-history"><br></div><h2 class="battle-history">Turn 3</h2><div class="spacer battle-history"><br></div><div class="battle-history">The opposing Croagunk used <strong>Vacuum Wave</strong>!<br></div><div class="battle-history"><small>It's super effective!</small><br></div><div class="battle-history"><small>(Wally lost <abbr title="−8/20">40%</abbr> of its health!)</small><br></div><div class="spacer battle-history"><br></div><div class="battle-history">Wally fainted!<br></div><div class="spacer battle-history"><br></div><div class="battle-history">Go! Lenora (<strong>Fletchling</strong>)!<br></div><div class="spacer battle-history"><br></div><h2 class="battle-history">Turn 4</h2><div class="spacer battle-history"><br></div><div class="battle-history">SmokerWhiteHunter withdrew Croagunk!<br></div><div class="battle-history">SmokerWhiteHunter sent out <strong>Magnemite</strong>!<br></div><div class="battle-history"><small>Pointed stones dug into the opposing Magnemite!</small><br></div><div class="spacer battle-history"><br></div><div class="battle-history">Lenora used <strong>Acrobatics</strong>!<br></div><div class="battle-history"><small>It's not very effective...</small><br></div><div class="battle-history"><small>(The opposing Magnemite lost <abbr title="−2/20">10%</abbr> of its health!)</small><br></div><div class="spacer battle-history"><br></div><h2 class="battle-history">Turn 5</h2><div class="spacer battle-history"><br></div><div class="battle-history">Lenora, come back!<br></div><div class="battle-history">Go! Kenya (<strong>Mienfoo</strong>)!<br></div><div class="spacer battle-history"><br></div><div class="battle-history">The opposing Magnemite used <strong>Volt Switch</strong>!<br></div><div class="battle-history"><small>(Kenya lost <abbr title="−12/21">57.1%</abbr> of its health!)</small><br></div><div class="spacer battle-history"><br></div><div class="battle-history">The opposing Magnemite went back to SmokerWhiteHunter!<br></div><div class="battle-history">SmokerWhiteHunter sent out <strong>Archen</strong>!<br></div><div class="battle-history"><small>Pointed stones dug into the opposing Archen!</small><br></div><div class="spacer battle-history"><br></div><h2 class="battle-history">Turn 6</h2><div class="spacer battle-history"><br></div><div class="battle-history">Kenya used <strong>Fake Out</strong>!<br></div><div class="battle-history"><small>It's not very effective...</small><br></div><div class="battle-history"><small>(The opposing Archen lost <abbr title="−4/23">17.4%</abbr> of its health!)</small><br></div><div class="battle-history"><small>Kenya lost some of its HP!</small><br></div><div class="spacer battle-history"><br></div><div class="battle-history">The opposing Archen flinched and couldn't move!<br></div><div class="spacer battle-history"><br></div><h2 class="battle-history">Turn 7</h2><div class="spacer battle-history"><br></div><div class="battle-history">Kenya, come back!<br></div><div class="battle-history">Go! Misty (<strong>Staryu</strong>)!<br></div><div class="spacer battle-history"><br></div><div class="battle-history">The opposing Archen used <strong>Acrobatics</strong>!<br></div><div class="battle-history"><small>(Misty lost <abbr title="−6/19">31.6%</abbr> of its health!)</small><br></div><div class="spacer battle-history"><br></div><h2 class="battle-history">Turn 8</h2><div class="spacer battle-history"><br></div><div class="battle-history">The opposing Archen used <strong>U-turn</strong>!<br></div><div class="battle-history"><small>(Misty lost <abbr title="−5/19">26.3%</abbr> of its health!)</small><br></div><div class="spacer battle-history"><br></div><div class="battle-history">The opposing Archen went back to SmokerWhiteHunter!<br></div><div class="battle-history">SmokerWhiteHunter sent out <strong>Magnemite</strong>!<br></div><div class="battle-history"><small>Pointed stones dug into the opposing Magnemite!</small><br></div><div class="spacer battle-history"><br></div><div class="battle-history">Misty used <strong>Recover</strong>!<br></div><div class="battle-history"><small>Misty restored its HP.</small><br></div><div class="spacer battle-history"><br></div><h2 class="battle-history">Turn 9</h2><div class="spacer battle-history"><br></div><div class="battle-history">Misty, come back!<br></div><div class="battle-history">Go! Layla (<strong>Spritzee</strong>)!<br></div><div class="spacer battle-history"><br></div><div class="battle-history">The opposing Magnemite used <strong>Thunderbolt</strong>!<br></div><div class="battle-history"><small>(Layla lost <abbr title="−9/24">37.5%</abbr> of its health!)</small><br></div><div class="spacer battle-history"><br></div><h2 class="battle-history">Turn 10</h2><div class="spacer battle-history"><br></div><div class="battle-history">Layla, come back!<br></div><div class="battle-history">Go! Zamkala (<strong>Abra</strong>)!<br></div><div class="spacer battle-history"><br></div><div class="battle-history">The opposing Magnemite used <strong>Flash Cannon</strong>!<br></div><div class="battle-history"><small>(Zamkala lost <abbr title="−16/19">84.2%</abbr> of its health!)</small><br></div><div class="spacer battle-history"><br></div><h2 class="battle-history">Turn 11</h2><div class="spacer battle-history"><br></div><div class="battle-history">Zamkala used <strong>Hidden Power</strong>!<br></div><div class="battle-history"><small>It's super effective!</small><br></div><div class="battle-history"><small>(The opposing Magnemite lost <abbr title="−16/20">80%</abbr> of its health!)</small><br></div><div class="spacer battle-history"><br></div><div class="battle-history">The opposing Magnemite fainted!<br></div><div class="spacer battle-history"><br></div><div class="battle-history">SmokerWhiteHunter sent out <strong>Houndour</strong>!<br></div><div class="battle-history"><small>Pointed stones dug into the opposing Houndour!</small><br></div><div class="spacer battle-history"><br></div><h2 class="battle-history">Turn 12</h2><div class="spacer battle-history"><br></div><div class="battle-history">Zamkala, come back!<br></div><div class="battle-history">Go! Misty (<strong>Staryu</strong>)!<br></div><div class="spacer battle-history"><br></div><div class="battle-history">The opposing Houndour used <strong>Sucker Punch</strong>!<br></div><div class="battle-history"><small>But it failed!</small><br></div><div class="spacer battle-history"><br></div><h2 class="battle-history">Turn 13</h2><div class="spacer battle-history"><br></div><div class="battle-history">SmokerWhiteHunter withdrew Houndour!<br></div><div class="battle-history">SmokerWhiteHunter sent out <strong>Staryu</strong>!<br></div><div class="battle-history"><small>Pointed stones dug into the opposing Staryu!</small><br></div><div class="spacer battle-history"><br></div><div class="battle-history">Misty, come back!<br></div><div class="battle-history">Go! Lenora (<strong>Fletchling</strong>)!<br></div><div class="spacer battle-history"><br></div><h2 class="battle-history">Turn 14</h2><div class="spacer battle-history"><br></div><div class="battle-history">The opposing Staryu used <strong>Rapid Spin</strong>!<br></div><div class="battle-history"><small>(Lenora lost <abbr title="−2/21">9.5%</abbr> of its health!)</small><br></div><div class="battle-history"><small>The pointed stones disappeared from around the opposing team!</small><br></div><div class="spacer battle-history"><br></div><div class="battle-history">Lenora used <strong>Swords Dance</strong>!<br></div><div class="battle-history"><small>Lenora's Attack rose sharply!</small><br></div><div class="spacer battle-history"><br></div><h2 class="battle-history">Turn 15</h2><div class="spacer battle-history"><br></div><div class="battle-history">Lenora used <strong>Acrobatics</strong>!<br></div><div class="battle-history"><small>(The opposing Staryu lost <abbr title="−16/21">76.2%</abbr> of its health!)</small><br></div><div class="spacer battle-history"><br></div><div class="battle-history">The opposing Staryu used <strong>Ice Beam</strong>!<br></div><div class="battle-history"><small>It's super effective!</small><br></div><div class="battle-history"><small>(Lenora lost <abbr title="−18/21">85.7%</abbr> of its health!)</small><br></div><div class="spacer battle-history"><br></div><h2 class="battle-history">Turn 16</h2><div class="spacer battle-history"><br></div><div class="battle-history">Lenora used <strong>Acrobatics</strong>!<br></div><div class="battle-history"><small>(The opposing Staryu lost <abbr title="−3/21">14.3%</abbr> of its health!)</small><br></div><div class="spacer battle-history"><br></div><div class="battle-history">The opposing Staryu fainted!<br></div><div class="spacer battle-history"><br></div><div class="battle-history">SmokerWhiteHunter sent out <strong>Croagunk</strong>!<br></div><div class="spacer battle-history"><br></div><h2 class="battle-history">Turn 17</h2><div class="spacer battle-history"><br></div><div class="battle-history">Lenora used <strong>Acrobatics</strong>!<br></div><div class="battle-history"><small>It's super effective!</small><br></div><div class="battle-history"><small>(The opposing Croagunk lost <abbr title="−9/23">39.1%</abbr> of its health!)</small><br></div><div class="spacer battle-history"><br></div><div class="battle-history">The opposing Croagunk fainted!<br></div><div class="spacer battle-history"><br></div><div class="battle-history">SmokerWhiteHunter sent out <strong>Archen</strong>!<br></div><div class="spacer battle-history"><br></div><h2 class="battle-history">Turn 18</h2><div class="spacer battle-history"><br></div><div class="battle-history">Lenora used <strong>Acrobatics</strong>!<br></div><div class="battle-history"><small>It's not very effective...</small><br></div><div class="battle-history"><small>(The opposing Archen lost <abbr title="−14/23">60.9%</abbr> of its health!)</small><br></div><div class="battle-history"><small>(The opposing Archen used its Berry Juice!)</small><br></div><div class="spacer battle-history"><br></div><div class="battle-history">The opposing Archen fainted!<br></div><div class="spacer battle-history"><br></div><div class="battle-history">SmokerWhiteHunter sent out <strong>Lickitung</strong>!<br></div><div class="spacer battle-history"><br></div><h2 class="battle-history">Turn 19</h2><div class="spacer battle-history"><br></div><div class="battle-history">Lenora used <strong>Acrobatics</strong>!<br></div><div class="battle-history"><small>(The opposing Lickitung lost <abbr title="−16/28">57.1%</abbr> of its health!)</small><br></div><div class="spacer battle-history"><br></div><div class="battle-history">The opposing Lickitung used <strong>Body Slam</strong>!<br></div><div class="battle-history"><small>(Lenora lost <abbr title="−1/21">4.8%</abbr> of its health!)</small><br></div><div class="spacer battle-history"><br></div><div class="battle-history">Lenora fainted!<br></div><div class="spacer battle-history"><br></div><div class="battle-history">Go! Zamkala (<strong>Abra</strong>)!<br></div><div class="spacer battle-history"><br></div><h2 class="battle-history">Turn 20</h2><div class="spacer battle-history"><br></div><div class="battle-history">The opposing Lickitung used <strong>Protect</strong>!<br></div><div class="battle-history"><small>The opposing Lickitung protected itself!</small><br></div><div class="spacer battle-history"><br></div><div class="battle-history">Zamkala used <strong>Dazzling Gleam</strong>!<br></div><div class="battle-history"><small>The opposing Lickitung protected itself!</small><br></div><div class="spacer battle-history"><br></div><h2 class="battle-history">Turn 21</h2><div class="spacer battle-history"><br></div><div class="battle-history">Zamkala used <strong>Dazzling Gleam</strong>!<br></div><div class="battle-history"><small>(The opposing Lickitung lost <abbr title="−6/28">21.4%</abbr> of its health!)</small><br></div><div class="spacer battle-history"><br></div><div class="battle-history">The opposing Lickitung used <strong>Wish</strong>!<br></div><div class="spacer battle-history"><br></div><h2 class="battle-history">Turn 22</h2><div class="spacer battle-history"><br></div><div class="battle-history">Zamkala, come back!<br></div><div class="battle-history">Go! Kenya (<strong>Mienfoo</strong>)!<br></div><div class="spacer battle-history"><br></div><div class="battle-history">The opposing Lickitung used <strong>Protect</strong>!<br></div><div class="battle-history"><small>But it failed!</small><br></div><div class="spacer battle-history"><br></div><div class="battle-history"><small>Lickitung's wish came true!</small><br></div><div class="spacer battle-history"><br></div><h2 class="battle-history">Turn 23</h2><div class="spacer battle-history"><br></div><div class="battle-history">Kenya used <strong>Fake Out</strong>!<br></div><div class="battle-history"><small>(The opposing Lickitung lost <abbr title="−4/28">14.3%</abbr> of its health!)</small><br></div><div class="battle-history"><small>Kenya lost some of its HP!</small><br></div><div class="spacer battle-history"><br></div><div class="battle-history">The opposing Lickitung flinched and couldn't move!<br></div><div class="spacer battle-history"><br></div><h2 class="battle-history">Turn 24</h2><div class="spacer battle-history"><br></div><div class="battle-history">The opposing Lickitung used <strong>Protect</strong>!<br></div><div class="battle-history"><small>The opposing Lickitung protected itself!</small><br></div><div class="spacer battle-history"><br></div><div class="battle-history">Kenya used <strong>Drain Punch</strong>!<br></div><div class="battle-history"><small>The opposing Lickitung protected itself!</small><br></div><div class="spacer battle-history"><br></div><h2 class="battle-history">Turn 25</h2><div class="chat"><div class="broadcast-red"><b>The server is restarting soon.</b><br>Please finish your battles quickly. No new battles can be started until the server resets in a few minutes.</div></div><div class="chat message-error">Battle timer is ON: inactive players will automatically lose when time's up.</div><div class="chat"><div class="broadcast-red"><b>Moderated chat was set to +!</b><br>Only users of rank + and higher can talk.</div></div><div class="spacer battle-history"><br></div><div class="battle-history">Kenya used <strong>Drain Punch</strong>!<br></div><div class="battle-history"><small>It's super effective!</small><br></div><div class="battle-history"><small>(The opposing Lickitung lost <abbr title="−16/28">57.1%</abbr> of its health!)</small><br></div><div class="battle-history"><small>The opposing Lickitung had its energy drained!</small><br></div><div class="battle-history"><small>Kenya lost some of its HP!</small><br></div><div class="spacer battle-history"><br></div><div class="battle-history">The opposing Lickitung fainted!<br></div><div class="spacer battle-history"><br></div><div class="battle-history">SmokerWhiteHunter sent out <strong>Houndour</strong>!<br></div><div class="spacer battle-history"><br></div><h2 class="battle-history">Turn 26</h2><div class="spacer battle-history"><br></div><div class="battle-history">The opposing Houndour used <strong>Sucker Punch</strong>!<br></div><div class="battle-history"><small>It's not very effective...</small><br></div><div class="battle-history"><small>(Kenya lost <abbr title="−6/21">28.6%</abbr> of its health!)</small><br></div><div class="battle-history"><small>The opposing Houndour lost some of its HP!</small><br></div><div class="spacer battle-history"><br></div><div class="battle-history">Kenya used <strong>Drain Punch</strong>!<br></div><div class="battle-history"><small>It's super effective!</small><br></div><div class="battle-history"><small>(The opposing Houndour lost <abbr title="−14/21">66.7%</abbr> of its health!)</small><br></div><div class="battle-history"><small>The opposing Houndour had its energy drained!</small><br></div><div class="battle-history"><small>Kenya lost some of its HP!</small><br></div><div class="spacer battle-history"><br></div><div class="battle-history">The opposing Houndour fainted!<br></div><div class="spacer battle-history"><br></div><div class="battle-history"><strong>TheLoryBest</strong> won the battle!<br></div><div class="chat">TheLoryBest's rating: 1000 → <strong>1045</strong><br>(+45 for winning)</div><div class="chat">SmokerWhiteHunter's rating: 1040 → <strong>1022</strong><br>(-18 for losing)</div><div class="chat chatmessage-thelorybest"><strong style="color:hsl(203,87%,40.89222259600917%)"><small>★</small><span class="username" data-name="TheLoryBest">TheLoryBest</span>:</strong> <em>gg</em></div><div class="chat"><small>SmokerWhiteHunter left.</small></div></div><div class="inner-preempt"></div></div></div>
</div>
<script>
let daily = Math.floor(Date.now()/1000/60/60/24);document.write('<script src="https://play.pokemonshowdown.com/js/replay-embed.js?version'+daily+'"></'+'script>');
</script>
