<!DOCTYPE html>
<meta charset="utf-8" />
<!-- version 1 -->
<title>LC replay: gungywamp vs. joaorafa</title>
<style>
html,body {font-family:Verdana, sans-serif;font-size:10pt;margin:0;padding:0;}body{padding:12px 0;} .battle-log {font-family:Verdana, sans-serif;font-size:10pt;} .battle-log-inline {border:1px solid #AAAAAA;background:#EEF2F5;color:black;max-width:640px;margin:0 auto 80px;padding-bottom:5px;} .battle-log .inner {padding:4px 8px 0px 8px;} .battle-log .inner-preempt {padding:0 8px 4px 8px;} .battle-log .inner-after {margin-top:0.5em;} .battle-log h2 {margin:0.5em -8px;padding:4px 8px;border:1px solid #AAAAAA;background:#E0E7EA;border-left:0;border-right:0;font-family:Verdana, sans-serif;font-size:13pt;} .battle-log .chat {vertical-align:middle;padding:3px 0 3px 0;font-size:8pt;} .battle-log .chat strong {color:#40576A;} .battle-log .chat em {padding:1px 4px 1px 3px;color:#000000;font-style:normal;} .chat.mine {background:rgba(0,0,0,0.05);margin-left:-8px;margin-right:-8px;padding-left:8px;padding-right:8px;} .spoiler {color:#BBBBBB;background:#BBBBBB;padding:0px 3px;} .spoiler:hover, .spoiler:active, .spoiler-shown {color:#000000;background:#E2E2E2;padding:0px 3px;} .spoiler a {color:#BBBBBB;} .spoiler:hover a, .spoiler:active a, .spoiler-shown a {color:#2288CC;} .chat code, .chat .spoiler:hover code, .chat .spoiler:active code, .chat .spoiler-shown code {border:1px solid #C0C0C0;background:#EEEEEE;color:black;padding:0 2px;} .chat .spoiler code {border:1px solid #CCCCCC;background:#CCCCCC;color:#CCCCCC;} .battle-log .rated {padding:3px 4px;} .battle-log .rated strong {color:white;background:#89A;padding:1px 4px;border-radius:4px;} .spacer {margin-top:0.5em;} .message-announce {background:#6688AA;color:white;padding:1px 4px 2px;} .message-announce a, .broadcast-green a, .broadcast-blue a, .broadcast-red a {color:#DDEEFF;} .broadcast-green {background-color:#559955;color:white;padding:2px 4px;} .broadcast-blue {background-color:#6688AA;color:white;padding:2px 4px;} .infobox {border:1px solid #6688AA;padding:2px 4px;} .infobox-limited {max-height:200px;overflow:auto;overflow-x:hidden;} .broadcast-red {background-color:#AA5544;color:white;padding:2px 4px;} .message-learn-canlearn {font-weight:bold;color:#228822;text-decoration:underline;} .message-learn-cannotlearn {font-weight:bold;color:#CC2222;text-decoration:underline;} .message-effect-weak {font-weight:bold;color:#CC2222;} .message-effect-resist {font-weight:bold;color:#6688AA;} .message-effect-immune {font-weight:bold;color:#666666;} .message-learn-list {margin-top:0;margin-bottom:0;} .message-throttle-notice, .message-error {color:#992222;} .message-overflow, .chat small.message-overflow {font-size:0pt;} .message-overflow::before {font-size:9pt;content:'...';} .subtle {color:#3A4A66;}
</style>
<div class="wrapper replay-wrapper" style="max-width:1180px;margin:0 auto">
<input type="hidden" name="replayid" value="lc-483110302" />
<div class="battle"></div><div class="battle-log"></div><div class="replay-controls"></div><div class="replay-controls-2"></div>
<h1 style="font-weight:normal;text-align:center"><strong>LC</strong><br /><a href="http://pokemonshowdown.com/users/gungywamp" class="subtle" target="_blank">gungywamp</a> vs. <a href="http://pokemonshowdown.com/users/joaorafa" class="subtle" target="_blank">joaorafa</a></h1>
<script type="text/plain" class="battle-log-data">|j|gungywamp
|j|joaorafa
|player|p1|gungywamp|114
|player|p2|joaorafa|3
|gametype|singles
|gen|6
|tier|LC
|rated
|seed|56280,24901,32066,27372
|clearpoke
|poke|p1|Cottonee, L5, F|item
|poke|p1|Magnemite, L5, shiny|item
|poke|p1|Inkay, L5, F|item
|poke|p1|Shellder, L5, F|item
|poke|p1|Dwebble, L5, F|item
|poke|p1|Growlithe, L5, M|item
|poke|p2|Froakie, L5, F|item
|poke|p2|Buizel, L5, F|item
|poke|p2|Corphish, L5, M|item
|poke|p2|Charmander, L5, F|item
|poke|p2|Fennekin, L5, M|item
|poke|p2|Chimchar, L5, F|item
|rule|Sleep Clause Mod: Limit one foe put to sleep
|rule|Species Clause: Limit one of each Pokémon
|rule|OHKO Clause: OHKO moves are banned
|rule|Moody Clause: Moody is banned
|rule|Evasion Moves Clause: Evasion moves are banned
|rule|Endless Battle Clause: Forcing endless battles is banned
|rule|HP Percentage Mod: HP is shown in percentages
|teampreview
|c|★joaorafa|oi
|c|★joaorafa|tudo bem
|choice|team 1, team 2, team 3, team 4, team 5, team 6|team 1, team 2, team 3, team 4, team 5, team 6
|
|start
|switch|p1a: Cottonee|Cottonee, L5, F|21\/21
|switch|p2a: Froakie|Froakie, L5, F|20\/20
|turn|1
|choice|move stunspore|switch 6
|
|switch|p2a: Chimchar|Chimchar, L5, F|20\/20
|move|p1a: Cottonee|Stun Spore|p2a: Chimchar
|-status|p2a: Chimchar|par
|
|turn|2
|choice|move leechseed|move fireblast
|
|move|p1a: Cottonee|Leech Seed|p2a: Chimchar
|-start|p2a: Chimchar|move: Leech Seed
|move|p2a: Chimchar|Fire Blast|p1a: Cottonee
|-supereffective|p1a: Cottonee
|-damage|p1a: Cottonee|0 fnt
|faint|p1a: Cottonee
|
|choice|switch 5|
|
|switch|p1a: Dwebble|Dwebble, L5, F|22\/22
|turn|3
|choice|move shellsmash|move brickbreak
|
|move|p1a: Dwebble|Shell Smash|p1a: Dwebble
|-unboost|p1a: Dwebble|def|1
|-unboost|p1a: Dwebble|spd|1
|-boost|p1a: Dwebble|atk|2
|-boost|p1a: Dwebble|spa|2
|-boost|p1a: Dwebble|spe|2
|-enditem|p1a: Dwebble|White Herb
|-clearnegativeboost|p1a: Dwebble|[silent]
|move|p2a: Chimchar|Brick Break|p1a: Dwebble
|-damage|p1a: Dwebble|17\/22
|
|-damage|p2a: Chimchar|18\/20 par|[from] Leech Seed|[of] p1a: Dwebble
|-heal|p1a: Dwebble|19\/22|[silent]
|turn|4
|choice|move earthquake|move fireblast
|
|move|p1a: Dwebble|Earthquake|p2a: Chimchar
|-supereffective|p2a: Chimchar
|-damage|p2a: Chimchar|0 fnt
|faint|p2a: Chimchar
|
|choice||switch 6
|
|switch|p2a: Froakie|Froakie, L5, F|20\/20
|turn|5
|choice|move xscissor|move surf
|
|move|p1a: Dwebble|X-Scissor|p2a: Froakie
|-damage|p2a: Froakie|0 fnt
|faint|p2a: Froakie
|
|choice||switch 2
|
|switch|p2a: Buizel|Buizel, L5, F|22\/22
|turn|6
|choice|move xscissor|move aquatail
|
|move|p1a: Dwebble|X-Scissor|p2a: Buizel
|-damage|p2a: Buizel|0 fnt
|faint|p2a: Buizel
|
|choice||switch 3
|
|switch|p2a: Corphish|Corphish, L5, M|20\/20
|turn|7
|choice|move xscissor|move aquajet
|
|move|p2a: Corphish|Aqua Jet|p1a: Dwebble
|-supereffective|p1a: Dwebble
|-damage|p1a: Dwebble|7\/22
|move|p1a: Dwebble|X-Scissor|p2a: Corphish
|-damage|p2a: Corphish|0 fnt
|faint|p2a: Corphish
|
|choice||switch 4
|
|switch|p2a: Charmander|Charmander, L5, F|20\/20
|turn|8
|choice|move earthquake|move dragonclaw
|
|move|p1a: Dwebble|Earthquake|p2a: Charmander
|-supereffective|p2a: Charmander
|-damage|p2a: Charmander|0 fnt
|faint|p2a: Charmander
|
|choice||switch 5
|
|switch|p2a: Fennekin|Fennekin, L5, M|20\/20
|turn|9
|choice|move rockslide|move flamecharge
|
|move|p1a: Dwebble|Rock Slide|p2a: Fennekin
|-supereffective|p2a: Fennekin
|-damage|p2a: Fennekin|0 fnt
|faint|p2a: Fennekin
|
|win|gungywamp
|player|p1
|player|p2
|l|joaorafa</script>
</div>
<div class="battle-log battle-log-inline"><div class="inner"><div class="battle-options"></div><div class="inner"><div class="chat"><small>gungywamp joined.</small></div><div class="chat"><small>joaorafa joined.</small></div><div class=""><small>Format:</small> <br><strong>LC</strong></div><div class="rated"><strong>Rated battle</strong></div><div class=""><small><em>Sleep Clause Mod:</em> Limit one foe put to sleep</small></div><div class=""><small><em>Species Clause:</em> Limit one of each Pokémon</small></div><div class=""><small><em>OHKO Clause:</em> OHKO moves are banned</small></div><div class=""><small><em>Moody Clause:</em> Moody is banned</small></div><div class=""><small><em>Evasion Moves Clause:</em> Evasion moves are banned</small></div><div class=""><small><em>Endless Battle Clause:</em> Forcing endless battles is banned</small></div><div class=""><small><em>HP Percentage Mod:</em> HP is shown in percentages</small></div><div class="chat battle-history"><strong>gungywamp's team:</strong> <em style="color:#445566;display:block;">Cottonee / Magnemite / Inkay / Shellder / Dwebble / Growlithe</em></div><div class="chat battle-history"><strong>joaorafa's team:</strong> <em style="color:#445566;display:block;">Froakie / Buizel / Corphish / Charmander / Fennekin / Chimchar</em></div><div class="chat chatmessage-joaorafa"><strong style="color:hsl(7,76%,46.66622230359441%)"><small>★</small><span class="username" data-name="joaorafa">joaorafa</span>:</strong> <em>oi</em></div><div class="chat chatmessage-joaorafa"><strong style="color:hsl(7,76%,46.66622230359441%)"><small>★</small><span class="username" data-name="joaorafa">joaorafa</span>:</strong> <em>tudo bem</em></div><div class="spacer battle-history"><br></div><div class="battle-history">Battle started between gungywamp and joaorafa!<br></div><div class="spacer battle-history"><br></div><div class="battle-history">Go! <strong>Cottonee</strong>!<br></div><div class="spacer battle-history"><br></div><div class="battle-history">joaorafa sent out <strong>Froakie</strong>!<br></div><div class="spacer battle-history"><br></div><h2 class="battle-history">Turn 1</h2><div class="spacer battle-history"><br></div><div class="battle-history">joaorafa withdrew Froakie!<br></div><div class="battle-history">joaorafa sent out <strong>Chimchar</strong>!<br></div><div class="spacer battle-history"><br></div><div class="battle-history">Cottonee used <strong>Stun Spore</strong>!<br></div><div class="battle-history"><small>The opposing Chimchar is paralyzed! It may be unable to move!</small><br></div><div class="spacer battle-history"><br></div><h2 class="battle-history">Turn 2</h2><div class="spacer battle-history"><br></div><div class="battle-history">Cottonee used <strong>Leech Seed</strong>!<br></div><div class="battle-history"><small>The opposing Chimchar was seeded!</small><br></div><div class="spacer battle-history"><br></div><div class="battle-history">The opposing Chimchar used <strong>Fire Blast</strong>!<br></div><div class="battle-history"><small>It's super effective!</small><br></div><div class="battle-history"><small>(Cottonee lost <abbr title="−21/21">100%</abbr> of its health!)</small><br></div><div class="spacer battle-history"><br></div><div class="battle-history">Cottonee fainted!<br></div><div class="spacer battle-history"><br></div><div class="battle-history">Go! <strong>Dwebble</strong>!<br></div><div class="spacer battle-history"><br></div><h2 class="battle-history">Turn 3</h2><div class="spacer battle-history"><br></div><div class="battle-history">Dwebble used <strong>Shell Smash</strong>!<br></div><div class="battle-history"><small>Dwebble's Defense fell!</small><br></div><div class="battle-history"><small>Dwebble's Special Defense fell!</small><br></div><div class="battle-history"><small>Dwebble's Attack rose sharply!</small><br></div><div class="battle-history"><small>Dwebble's Special Attack rose sharply!</small><br></div><div class="battle-history"><small>Dwebble's Speed rose sharply!</small><br></div><div class="battle-history"><small>Dwebble returned its status to normal using its White Herb!</small><br></div><div class="spacer battle-history"><br></div><div class="battle-history">The opposing Chimchar used <strong>Brick Break</strong>!<br></div><div class="battle-history"><small>(Dwebble lost <abbr title="−5/22">22.7%</abbr> of its health!)</small><br></div><div class="spacer battle-history"><br></div><div class="battle-history"><small>The opposing Chimchar's health is sapped by Leech Seed!</small><br></div><div class="spacer battle-history"><br></div><h2 class="battle-history">Turn 4</h2><div class="spacer battle-history"><br></div><div class="battle-history">Dwebble used <strong>Earthquake</strong>!<br></div><div class="battle-history"><small>It's super effective!</small><br></div><div class="battle-history"><small>(The opposing Chimchar lost <abbr title="−18/20">90%</abbr> of its health!)</small><br></div><div class="spacer battle-history"><br></div><div class="battle-history">The opposing Chimchar fainted!<br></div><div class="spacer battle-history"><br></div><div class="battle-history">joaorafa sent out <strong>Froakie</strong>!<br></div><div class="spacer battle-history"><br></div><h2 class="battle-history">Turn 5</h2><div class="spacer battle-history"><br></div><div class="battle-history">Dwebble used <strong>X-Scissor</strong>!<br></div><div class="battle-history"><small>(The opposing Froakie lost <abbr title="−20/20">100%</abbr> of its health!)</small><br></div><div class="spacer battle-history"><br></div><div class="battle-history">The opposing Froakie fainted!<br></div><div class="spacer battle-history"><br></div><div class="battle-history">joaorafa sent out <strong>Buizel</strong>!<br></div><div class="spacer battle-history"><br></div><h2 class="battle-history">Turn 6</h2><div class="spacer battle-history"><br></div><div class="battle-history">Dwebble used <strong>X-Scissor</strong>!<br></div><div class="battle-history"><small>(The opposing Buizel lost <abbr title="−22/22">100%</abbr> of its health!)</small><br></div><div class="spacer battle-history"><br></div><div class="battle-history">The opposing Buizel fainted!<br></div><div class="spacer battle-history"><br></div><div class="battle-history">joaorafa sent out <strong>Corphish</strong>!<br></div><div class="spacer battle-history"><br></div><h2 class="battle-history">Turn 7</h2><div class="spacer battle-history"><br></div><div class="battle-history">The opposing Corphish used <strong>Aqua Jet</strong>!<br></div><div class="battle-history"><small>It's super effective!</small><br></div><div class="battle-history"><small>(Dwebble lost <abbr title="−12/22">54.5%</abbr> of its health!)</small><br></div><div class="spacer battle-history"><br></div><div class="battle-history">Dwebble used <strong>X-Scissor</strong>!<br></div><div class="battle-history"><small>(The opposing Corphish lost <abbr title="−20/20">100%</abbr> of its health!)</small><br></div><div class="spacer battle-history"><br></div><div class="battle-history">The opposing Corphish fainted!<br></div><div class="spacer battle-history"><br></div><div class="battle-history">joaorafa sent out <strong>Charmander</strong>!<br></div><div class="spacer battle-history"><br></div><h2 class="battle-history">Turn 8</h2><div class="spacer battle-history"><br></div><div class="battle-history">Dwebble used <strong>Earthquake</strong>!<br></div><div class="battle-history"><small>It's super effective!</small><br></div><div class="battle-history"><small>(The opposing Charmander lost <abbr title="−20/20">100%</abbr> of its health!)</small><br></div><div class="spacer battle-history"><br></div><div class="battle-history">The opposing Charmander fainted!<br></div><div class="spacer battle-history"><br></div><div class="battle-history">joaorafa sent out <strong>Fennekin</strong>!<br></div><div class="spacer battle-history"><br></div><h2 class="battle-history">Turn 9</h2><div class="spacer battle-history"><br></div><div class="battle-history">Dwebble used <strong>Rock Slide</strong>!<br></div><div class="battle-history"><small>It's super effective!</small><br></div><div class="battle-history"><small>(The opposing Fennekin lost <abbr title="−20/20">100%</abbr> of its health!)</small><br></div><div class="spacer battle-history"><br></div><div class="battle-history">The opposing Fennekin fainted!<br></div><div class="spacer battle-history"><br></div><div class="battle-history"><strong>gungywamp</strong> won the battle!<br></div><div class="chat"><small>joaorafa left.</small></div></div><div class="inner-preempt"></div></div></div>
</div>
<script>
let daily = Math.floor(Date.now()/1000/60/60/24);document.write('<script src="https://play.pokemonshowdown.com/js/replay-embed.js?version'+daily+'"></'+'script>');
</script>
