<!DOCTYPE html>
<meta charset="utf-8" />
<!-- version 1 -->
<title>LC replay: ngammer vs. Ookakalaka</title>
<style>
html,body {font-family:Verdana, sans-serif;font-size:10pt;margin:0;padding:0;}body{padding:12px 0;} .battle-log {font-family:Verdana, sans-serif;font-size:10pt;} .battle-log-inline {border:1px solid #AAAAAA;background:#EEF2F5;color:black;max-width:640px;margin:0 auto 80px;padding-bottom:5px;} .battle-log .inner {padding:4px 8px 0px 8px;} .battle-log .inner-preempt {padding:0 8px 4px 8px;} .battle-log .inner-after {margin-top:0.5em;} .battle-log h2 {margin:0.5em -8px;padding:4px 8px;border:1px solid #AAAAAA;background:#E0E7EA;border-left:0;border-right:0;font-family:Verdana, sans-serif;font-size:13pt;} .battle-log .chat {vertical-align:middle;padding:3px 0 3px 0;font-size:8pt;} .battle-log .chat strong {color:#40576A;} .battle-log .chat em {padding:1px 4px 1px 3px;color:#000000;font-style:normal;} .chat.mine {background:rgba(0,0,0,0.05);margin-left:-8px;margin-right:-8px;padding-left:8px;padding-right:8px;} .spoiler {color:#BBBBBB;background:#BBBBBB;padding:0px 3px;} .spoiler:hover, .spoiler:active, .spoiler-shown {color:#000000;background:#E2E2E2;padding:0px 3px;} .spoiler a {color:#BBBBBB;} .spoiler:hover a, .spoiler:active a, .spoiler-shown a {color:#2288CC;} .chat code, .chat .spoiler:hover code, .chat .spoiler:active code, .chat .spoiler-shown code {border:1px solid #C0C0C0;background:#EEEEEE;color:black;padding:0 2px;} .chat .spoiler code {border:1px solid #CCCCCC;background:#CCCCCC;color:#CCCCCC;} .battle-log .rated {padding:3px 4px;} .battle-log .rated strong {color:white;background:#89A;padding:1px 4px;border-radius:4px;} .spacer {margin-top:0.5em;} .message-announce {background:#6688AA;color:white;padding:1px 4px 2px;} .message-announce a, .broadcast-green a, .broadcast-blue a, .broadcast-red a {color:#DDEEFF;} .broadcast-green {background-color:#559955;color:white;padding:2px 4px;} .broadcast-blue {background-color:#6688AA;color:white;padding:2px 4px;} .infobox {border:1px solid #6688AA;padding:2px 4px;} .infobox-limited {max-height:200px;overflow:auto;overflow-x:hidden;} .broadcast-red {background-color:#AA5544;color:white;padding:2px 4px;} .message-learn-canlearn {font-weight:bold;color:#228822;text-decoration:underline;} .message-learn-cannotlearn {font-weight:bold;color:#CC2222;text-decoration:underline;} .message-effect-weak {font-weight:bold;color:#CC2222;} .message-effect-resist {font-weight:bold;color:#6688AA;} .message-effect-immune {font-weight:bold;color:#666666;} .message-learn-list {margin-top:0;margin-bottom:0;} .message-throttle-notice, .message-error {color:#992222;} .message-overflow, .chat small.message-overflow {font-size:0pt;} .message-overflow::before {font-size:9pt;content:'...';} .subtle {color:#3A4A66;}
</style>
<div class="wrapper replay-wrapper" style="max-width:1180px;margin:0 auto">
<input type="hidden" name="replayid" value="lc-486118591" />
<div class="battle"></div><div class="battle-log"></div><div class="replay-controls"></div><div class="replay-controls-2"></div>
<h1 style="font-weight:normal;text-align:center"><strong>LC</strong><br /><a href="http://pokemonshowdown.com/users/ngammer" class="subtle" target="_blank">ngammer</a> vs. <a href="http://pokemonshowdown.com/users/ookakalaka" class="subtle" target="_blank">Ookakalaka</a></h1>
<script type="text/plain" class="battle-log-data">|j|ngammer
|j|Ookakalaka
|player|p1|ngammer|150
|player|p2|Ookakalaka|68
|gametype|singles
|gen|6
|tier|LC
|rated
|seed|14502,26932,11270,35954
|clearpoke
|poke|p1|Pancham, L5, M|item
|poke|p1|Gastly, L5, M, shiny|item
|poke|p1|Duskull, L5, F, shiny|item
|poke|p1|Aron, L5, M, shiny|item
|poke|p1|Elgyem, L5, F, shiny|item
|poke|p1|Gible, L5, M, shiny|item
|poke|p2|Houndour, L5, M|item
|poke|p2|Totodile, L5, F|item
|poke|p2|Turtwig, L5, M, shiny|item
|poke|p2|Taillow, L5, F, shiny|item
|poke|p2|Drilbur, L5, M|item
|poke|p2|Honedge, L5, F, shiny|item
|rule|Sleep Clause Mod: Limit one foe put to sleep
|rule|Species Clause: Limit one of each Pokémon
|rule|OHKO Clause: OHKO moves are banned
|rule|Moody Clause: Moody is banned
|rule|Evasion Moves Clause: Evasion moves are banned
|rule|Endless Battle Clause: Forcing endless battles is banned
|rule|HP Percentage Mod: HP is shown in percentages
|teampreview
|choice|team 1, team 2, team 3, team 4, team 5, team 6|team 6, team 2, team 3, team 4, team 5, team 1
|
|start
|switch|p1a: Pancham|Pancham, L5, M|23\/23
|switch|p2a: Honedge|Honedge, L5, F, shiny|24\/24
|-ability|p1a: Pancham|Mold Breaker
|turn|1
|choice|move knockoff|switch 5
|
|switch|p2a: Drilbur|Drilbur, L5, M|22\/22
|-ability|p2a: Drilbur|Mold Breaker
|move|p1a: Pancham|Knock Off|p2a: Drilbur
|-damage|p2a: Drilbur|9\/22
|-enditem|p2a: Drilbur|Choice Scarf|[from] move: Knock Off|[of] p1a: Pancham
|
|turn|2
|choice|move drainpunch|move earthquake
|
|move|p2a: Drilbur|Earthquake|p1a: Pancham
|-damage|p1a: Pancham|13\/23
|move|p1a: Pancham|Drain Punch|p2a: Drilbur
|-damage|p2a: Drilbur|0 fnt
|-heal|p1a: Pancham|18\/23|[from] drain|[of] p2a: Drilbur
|faint|p2a: Drilbur
|
|choice||switch 4
|
|switch|p2a: Taillow|Taillow, L5, F, shiny|20\/20
|turn|3
|choice|move knockoff|move airslash
|
|move|p2a: Taillow|Air Slash|p1a: Pancham
|-supereffective|p1a: Pancham
|-damage|p1a: Pancham|2\/23
|-damage|p2a: Taillow|18\/20|[from] item: Life Orb
|move|p1a: Pancham|Knock Off|p2a: Taillow
|-crit|p2a: Taillow
|-damage|p2a: Taillow|0 fnt
|-enditem|p2a: Taillow|Life Orb|[from] move: Knock Off|[of] p1a: Pancham
|faint|p2a: Taillow
|
|choice||switch 2
|
|switch|p2a: Totodile|Totodile, L5, F|21\/21
|turn|4
|choice|move gunkshot|move aquajet
|
|move|p2a: Totodile|Aqua Jet|p1a: Pancham
|-damage|p1a: Pancham|0 fnt
|faint|p1a: Pancham
|
|choice|switch 2|
|
|switch|p1a: Gastly|Gastly, L5, M, shiny|19\/19
|turn|5
|choice|move trick|move dragondance
|
|move|p1a: Gastly|Trick|p2a: Totodile
|-activate|p1a: Gastly|move: Trick|[of] p2a: Totodile
|-item|p2a: Totodile|Choice Scarf|[from] move: Trick
|-item|p1a: Gastly|Focus Sash|[from] move: Trick
|move|p2a: Totodile|Dragon Dance|p2a: Totodile
|-boost|p2a: Totodile|atk|1
|-boost|p2a: Totodile|spe|1
|
|turn|6
|c|★ngammer|=D
|choice|move sludgebomb|switch 5
|
|switch|p2a: Honedge|Honedge, L5, F, shiny|24\/24
|move|p1a: Gastly|Sludge Bomb|p2a: Honedge
|-immune|p2a: Honedge|[msg]
|
|turn|7
|c|★Ookakalaka|ruude
|choice|move shadowball|move shadowsneak
|
|move|p2a: Honedge|Shadow Sneak|p1a: Gastly
|-supereffective|p1a: Gastly
|-damage|p1a: Gastly|1\/19
|move|p1a: Gastly|Shadow Ball|p2a: Honedge
|-supereffective|p2a: Honedge
|-damage|p2a: Honedge|0 fnt
|faint|p2a: Honedge
|
|choice||switch 5
|
|switch|p2a: Totodile|Totodile, L5, F|21\/21
|turn|8
|choice|move sludgebomb|move waterfall
|
|move|p2a: Totodile|Waterfall|p1a: Gastly
|-damage|p1a: Gastly|0 fnt
|faint|p1a: Gastly
|
|choice|switch 4|
|
|switch|p1a: Aron|Aron, L5, M, shiny|21\/21
|turn|9
|choice|move metalburst|move waterfall
|
|move|p2a: Totodile|Waterfall|p1a: Aron
|-supereffective|p1a: Aron
|-ability|p1a: Aron|Sturdy
|-damage|p1a: Aron|1\/21
|-enditem|p1a: Aron|Berry Juice
|-heal|p1a: Aron|21\/21|[from] item: Berry Juice
|move|p1a: Aron|Metal Burst|p2a: Totodile
|-damage|p2a: Totodile|0 fnt
|faint|p2a: Totodile
|
|choice||switch 6
|
|switch|p2a: Houndour|Houndour, L5, M|24\/24
|turn|10
|choice|move rockslide|move fireblast
|
|move|p2a: Houndour|Fire Blast|p1a: Aron|[miss]
|-miss|p2a: Houndour|p1a: Aron
|move|p1a: Aron|Rock Slide|p2a: Houndour
|-supereffective|p2a: Houndour
|-damage|p2a: Houndour|0 fnt
|faint|p2a: Houndour
|
|choice||switch 3
|
|switch|p2a: Turtwig|Turtwig, L5, M, shiny|22\/22
|turn|11
|c|★ngammer|gg
|choice|move metalburst|move seedbomb
|
|move|p2a: Turtwig|Seed Bomb|p1a: Aron
|-damage|p1a: Aron|12\/21
|move|p1a: Aron|Metal Burst|p2a: Turtwig
|-damage|p2a: Turtwig|9\/22
|
|turn|12
|-message|Ookakalaka forfeited.
|
|win|ngammer
|player|p1
|player|p2
|l|Ookakalaka</script>
</div>
<div class="battle-log battle-log-inline"><div class="inner"><div class="battle-options"></div><div class="inner"><div class="chat"><small>ngammer joined.</small></div><div class="chat"><small>Ookakalaka joined.</small></div><div class=""><small>Format:</small> <br><strong>LC</strong></div><div class="rated"><strong>Rated battle</strong></div><div class=""><small><em>Sleep Clause Mod:</em> Limit one foe put to sleep</small></div><div class=""><small><em>Species Clause:</em> Limit one of each Pokémon</small></div><div class=""><small><em>OHKO Clause:</em> OHKO moves are banned</small></div><div class=""><small><em>Moody Clause:</em> Moody is banned</small></div><div class=""><small><em>Evasion Moves Clause:</em> Evasion moves are banned</small></div><div class=""><small><em>Endless Battle Clause:</em> Forcing endless battles is banned</small></div><div class=""><small><em>HP Percentage Mod:</em> HP is shown in percentages</small></div><div class="chat battle-history"><strong>ngammer's team:</strong> <em style="color:#445566;display:block;">Pancham / Gastly / Duskull / Aron / Elgyem / Gible</em></div><div class="chat battle-history"><strong>Ookakalaka's team:</strong> <em style="color:#445566;display:block;">Houndour / Totodile / Turtwig / Taillow / Drilbur / Honedge</em></div><div class="spacer battle-history"><br></div><div class="battle-history">Battle started between ngammer and Ookakalaka!<br></div><div class="spacer battle-history"><br></div><div class="battle-history">Go! <strong>Pancham</strong>!<br></div><div class="spacer battle-history"><br></div><div class="battle-history">Ookakalaka sent out <strong>Honedge</strong>!<br></div><div class="battle-history"><small>[Pancham's Mold Breaker]</small><br><small>Pancham breaks the mold!</small><br></div><div class="spacer battle-history"><br></div><h2 class="battle-history">Turn 1</h2><div class="spacer battle-history"><br></div><div class="battle-history">Ookakalaka withdrew Honedge!<br></div><div class="battle-history">Ookakalaka sent out <strong>Drilbur</strong>!<br></div><div class="battle-history"><small>[The opposing Drilbur's Mold Breaker]</small><br><small>The opposing Drilbur breaks the mold!</small><br></div><div class="spacer battle-history"><br></div><div class="battle-history">Pancham used <strong>Knock Off</strong>!<br></div><div class="battle-history"><small>(The opposing Drilbur lost <abbr title="−13/22">59.1%</abbr> of its health!)</small><br></div><div class="battle-history"><small>Pancham knocked off the opposing Drilbur's Choice Scarf!</small><br></div><div class="spacer battle-history"><br></div><h2 class="battle-history">Turn 2</h2><div class="spacer battle-history"><br></div><div class="battle-history">The opposing Drilbur used <strong>Earthquake</strong>!<br></div><div class="battle-history"><small>(Pancham lost <abbr title="−10/23">43.5%</abbr> of its health!)</small><br></div><div class="spacer battle-history"><br></div><div class="battle-history">Pancham used <strong>Drain Punch</strong>!<br></div><div class="battle-history"><small>(The opposing Drilbur lost <abbr title="−9/22">40.9%</abbr> of its health!)</small><br></div><div class="battle-history"><small>The opposing Drilbur had its energy drained!</small><br></div><div class="spacer battle-history"><br></div><div class="battle-history">The opposing Drilbur fainted!<br></div><div class="spacer battle-history"><br></div><div class="battle-history">Ookakalaka sent out <strong>Taillow</strong>!<br></div><div class="spacer battle-history"><br></div><h2 class="battle-history">Turn 3</h2><div class="spacer battle-history"><br></div><div class="battle-history">The opposing Taillow used <strong>Air Slash</strong>!<br></div><div class="battle-history"><small>It's super effective!</small><br></div><div class="battle-history"><small>(Pancham lost <abbr title="−16/23">69.6%</abbr> of its health!)</small><br></div><div class="battle-history"><small>The opposing Taillow lost some of its HP!</small><br></div><div class="spacer battle-history"><br></div><div class="battle-history">Pancham used <strong>Knock Off</strong>!<br></div><div class="battle-history"><small>A critical hit!</small><br></div><div class="battle-history"><small>(The opposing Taillow lost <abbr title="−18/20">90%</abbr> of its health!)</small><br></div><div class="battle-history"><small>Pancham knocked off the opposing Taillow's Life Orb!</small><br></div><div class="spacer battle-history"><br></div><div class="battle-history">The opposing Taillow fainted!<br></div><div class="spacer battle-history"><br></div><div class="battle-history">Ookakalaka sent out <strong>Totodile</strong>!<br></div><div class="spacer battle-history"><br></div><h2 class="battle-history">Turn 4</h2><div class="spacer battle-history"><br></div><div class="battle-history">The opposing Totodile used <strong>Aqua Jet</strong>!<br></div><div class="battle-history"><small>(Pancham lost <abbr title="−2/23">8.7%</abbr> of its health!)</small><br></div><div class="spacer battle-history"><br></div><div class="battle-history">Pancham fainted!<br></div><div class="spacer battle-history"><br></div><div class="battle-history">Go! <strong>Gastly</strong>!<br></div><div class="spacer battle-history"><br></div><h2 class="battle-history">Turn 5</h2><div class="spacer battle-history"><br></div><div class="battle-history">Gastly used <strong>Trick</strong>!<br></div><div class="battle-history"><small>Gastly switched items with its target!</small><br></div><div class="battle-history"><small>The opposing Totodile obtained one Choice Scarf.</small><br></div><div class="battle-history"><small>Gastly obtained one Focus Sash.</small><br></div><div class="spacer battle-history"><br></div><div class="battle-history">The opposing Totodile used <strong>Dragon Dance</strong>!<br></div><div class="battle-history"><small>The opposing Totodile's Attack rose!</small><br></div><div class="battle-history"><small>The opposing Totodile's Speed rose!</small><br></div><div class="spacer battle-history"><br></div><h2 class="battle-history">Turn 6</h2><div class="chat chatmessage-ngammer"><strong style="color:hsl(263,64%,57.554524193134995%)"><small>★</small><span class="username" data-name="ngammer">ngammer</span>:</strong> <em>=D</em></div><div class="spacer battle-history"><br></div><div class="battle-history">Ookakalaka withdrew Totodile!<br></div><div class="battle-history">Ookakalaka sent out <strong>Honedge</strong>!<br></div><div class="spacer battle-history"><br></div><div class="battle-history">Gastly used <strong>Sludge Bomb</strong>!<br></div><div class="battle-history"><small>It doesn't affect the opposing Honedge...</small><br></div><div class="spacer battle-history"><br></div><h2 class="battle-history">Turn 7</h2><div class="chat chatmessage-ookakalaka"><strong style="color:hsl(267,53%,56.3495998944265%)"><small>★</small><span class="username" data-name="Ookakalaka">Ookakalaka</span>:</strong> <em>ruude</em></div><div class="spacer battle-history"><br></div><div class="battle-history">The opposing Honedge used <strong>Shadow Sneak</strong>!<br></div><div class="battle-history"><small>It's super effective!</small><br></div><div class="battle-history"><small>(Gastly lost <abbr title="−18/19">94.7%</abbr> of its health!)</small><br></div><div class="spacer battle-history"><br></div><div class="battle-history">Gastly used <strong>Shadow Ball</strong>!<br></div><div class="battle-history"><small>It's super effective!</small><br></div><div class="battle-history"><small>(The opposing Honedge lost <abbr title="−24/24">100%</abbr> of its health!)</small><br></div><div class="spacer battle-history"><br></div><div class="battle-history">The opposing Honedge fainted!<br></div><div class="spacer battle-history"><br></div><div class="battle-history">Ookakalaka sent out <strong>Totodile</strong>!<br></div><div class="spacer battle-history"><br></div><h2 class="battle-history">Turn 8</h2><div class="spacer battle-history"><br></div><div class="battle-history">The opposing Totodile used <strong>Waterfall</strong>!<br></div><div class="battle-history"><small>(Gastly lost <abbr title="−1/19">5.3%</abbr> of its health!)</small><br></div><div class="spacer battle-history"><br></div><div class="battle-history">Gastly fainted!<br></div><div class="spacer battle-history"><br></div><div class="battle-history">Go! <strong>Aron</strong>!<br></div><div class="spacer battle-history"><br></div><h2 class="battle-history">Turn 9</h2><div class="spacer battle-history"><br></div><div class="battle-history">The opposing Totodile used <strong>Waterfall</strong>!<br></div><div class="battle-history"><small>It's super effective!</small><br></div><div class="battle-history"><small>[Aron's Sturdy]</small><br><small>Aron endured the hit!</small><br></div><div class="battle-history"><small>(Aron lost <abbr title="−20/21">95.2%</abbr> of its health!)</small><br></div><div class="battle-history"><small>(Aron used its Berry Juice!)</small><br></div><div class="battle-history"><small>Aron restored HP using its Berry Juice!</small><br></div><div class="spacer battle-history"><br></div><div class="battle-history">Aron used <strong>Metal Burst</strong>!<br></div><div class="battle-history"><small>(The opposing Totodile lost <abbr title="−21/21">100%</abbr> of its health!)</small><br></div><div class="spacer battle-history"><br></div><div class="battle-history">The opposing Totodile fainted!<br></div><div class="spacer battle-history"><br></div><div class="battle-history">Ookakalaka sent out <strong>Houndour</strong>!<br></div><div class="spacer battle-history"><br></div><h2 class="battle-history">Turn 10</h2><div class="spacer battle-history"><br></div><div class="battle-history">The opposing Houndour used <strong>Fire Blast</strong>!<br></div><div class="battle-history"><small>Aron avoided the attack!</small><br></div><div class="spacer battle-history"><br></div><div class="battle-history">Aron used <strong>Rock Slide</strong>!<br></div><div class="battle-history"><small>It's super effective!</small><br></div><div class="battle-history"><small>(The opposing Houndour lost <abbr title="−24/24">100%</abbr> of its health!)</small><br></div><div class="spacer battle-history"><br></div><div class="battle-history">The opposing Houndour fainted!<br></div><div class="spacer battle-history"><br></div><div class="battle-history">Ookakalaka sent out <strong>Turtwig</strong>!<br></div><div class="spacer battle-history"><br></div><h2 class="battle-history">Turn 11</h2><div class="chat chatmessage-ngammer"><strong style="color:hsl(263,64%,57.554524193134995%)"><small>★</small><span class="username" data-name="ngammer">ngammer</span>:</strong> <em>gg</em></div><div class="spacer battle-history"><br></div><div class="battle-history">The opposing Turtwig used <strong>Seed Bomb</strong>!<br></div><div class="battle-history"><small>(Aron lost <abbr title="−9/21">42.9%</abbr> of its health!)</small><br></div><div class="spacer battle-history"><br></div><div class="battle-history">Aron used <strong>Metal Burst</strong>!<br></div><div class="battle-history"><small>(The opposing Turtwig lost <abbr title="−13/22">59.1%</abbr> of its health!)</small><br></div><div class="spacer battle-history"><br></div><h2 class="battle-history">Turn 12</h2><div class="spacer battle-history"><br></div><div class="battle-history"><small>Ookakalaka forfeited.</small><br></div><div class="spacer battle-history"><br></div><div class="battle-history"><strong>ngammer</strong> won the battle!<br></div><div class="chat"><small>Ookakalaka left.</small></div></div><div class="inner-preempt"></div></div></div>
</div>
<script>
let daily = Math.floor(Date.now()/1000/60/60/24);document.write('<script src="https://play.pokemonshowdown.com/js/replay-embed.js?version'+daily+'"></'+'script>');
</script>
