<!DOCTYPE html>
<meta charset="utf-8" />
<!-- version 1 -->
<title>LC replay: Codectm vs. LopunnyIsThiccer</title>
<style>
html,body {font-family:Verdana, sans-serif;font-size:10pt;margin:0;padding:0;}body{padding:12px 0;} .battle-log {font-family:Verdana, sans-serif;font-size:10pt;} .battle-log-inline {border:1px solid #AAAAAA;background:#EEF2F5;color:black;max-width:640px;margin:0 auto 80px;padding-bottom:5px;} .battle-log .inner {padding:4px 8px 0px 8px;} .battle-log .inner-preempt {padding:0 8px 4px 8px;} .battle-log .inner-after {margin-top:0.5em;} .battle-log h2 {margin:0.5em -8px;padding:4px 8px;border:1px solid #AAAAAA;background:#E0E7EA;border-left:0;border-right:0;font-family:Verdana, sans-serif;font-size:13pt;} .battle-log .chat {vertical-align:middle;padding:3px 0 3px 0;font-size:8pt;} .battle-log .chat strong {color:#40576A;} .battle-log .chat em {padding:1px 4px 1px 3px;color:#000000;font-style:normal;} .chat.mine {background:rgba(0,0,0,0.05);margin-left:-8px;margin-right:-8px;padding-left:8px;padding-right:8px;} .spoiler {color:#BBBBBB;background:#BBBBBB;padding:0px 3px;} .spoiler:hover, .spoiler:active, .spoiler-shown {color:#000000;background:#E2E2E2;padding:0px 3px;} .spoiler a {color:#BBBBBB;} .spoiler:hover a, .spoiler:active a, .spoiler-shown a {color:#2288CC;} .chat code, .chat .spoiler:hover code, .chat .spoiler:active code, .chat .spoiler-shown code {border:1px solid #C0C0C0;background:#EEEEEE;color:black;padding:0 2px;} .chat .spoiler code {border:1px solid #CCCCCC;background:#CCCCCC;color:#CCCCCC;} .battle-log .rated {padding:3px 4px;} .battle-log .rated strong {color:white;background:#89A;padding:1px 4px;border-radius:4px;} .spacer {margin-top:0.5em;} .message-announce {background:#6688AA;color:white;padding:1px 4px 2px;} .message-announce a, .broadcast-green a, .broadcast-blue a, .broadcast-red a {color:#DDEEFF;} .broadcast-green {background-color:#559955;color:white;padding:2px 4px;} .broadcast-blue {background-color:#6688AA;color:white;padding:2px 4px;} .infobox {border:1px solid #6688AA;padding:2px 4px;} .infobox-limited {max-height:200px;overflow:auto;overflow-x:hidden;} .broadcast-red {background-color:#AA5544;color:white;padding:2px 4px;} .message-learn-canlearn {font-weight:bold;color:#228822;text-decoration:underline;} .message-learn-cannotlearn {font-weight:bold;color:#CC2222;text-decoration:underline;} .message-effect-weak {font-weight:bold;color:#CC2222;} .message-effect-resist {font-weight:bold;color:#6688AA;} .message-effect-immune {font-weight:bold;color:#666666;} .message-learn-list {margin-top:0;margin-bottom:0;} .message-throttle-notice, .message-error {color:#992222;} .message-overflow, .chat small.message-overflow {font-size:0pt;} .message-overflow::before {font-size:9pt;content:'...';} .subtle {color:#3A4A66;}
</style>
<div class="wrapper replay-wrapper" style="max-width:1180px;margin:0 auto">
<input type="hidden" name="replayid" value="lc-498912237" />
<div class="battle"></div><div class="battle-log"></div><div class="replay-controls"></div><div class="replay-controls-2"></div>
<h1 style="font-weight:normal;text-align:center"><strong>LC</strong><br /><a href="http://pokemonshowdown.com/users/codectm" class="subtle" target="_blank">Codectm</a> vs. <a href="http://pokemonshowdown.com/users/lopunnyisthiccer" class="subtle" target="_blank">LopunnyIsThiccer</a></h1>
<script type="text/plain" class="battle-log-data">|j|Codectm
|j|LopunnyIsThiccer
|player|p1|Codectm|1
|player|p2|LopunnyIsThiccer|170
|gametype|singles
|gen|6
|tier|LC
|rated
|seed|61489,38110,37763,41854
|clearpoke
|poke|p1|Diglett, L5, F|item
|poke|p1|Archen, L5, M|item
|poke|p1|Pawniard, L5, M|item
|poke|p1|Spritzee, L5, F|item
|poke|p1|Shellder, L5, M|item
|poke|p1|Mienfoo, L5, F|item
|poke|p2|Cottonee, L5, M, shiny|item
|poke|p2|Larvitar, L5, M|item
|poke|p2|Spritzee, L5, M|item
|poke|p2|Smoochum, L5, F|item
|poke|p2|Lileep, L5, F|item
|poke|p2|Ponyta, L5, M, shiny|item
|rule|Sleep Clause Mod: Limit one foe put to sleep
|rule|Species Clause: Limit one of each Pokémon
|rule|OHKO Clause: OHKO moves are banned
|rule|Moody Clause: Moody is banned
|rule|Evasion Moves Clause: Evasion moves are banned
|rule|Endless Battle Clause: Forcing endless battles is banned
|rule|HP Percentage Mod: HP is shown in percentages
|teampreview
|c|★LopunnyIsThiccer|Gl Hf
|choice|team 5, team 2, team 3, team 4, team 1, team 6|team 5, team 2, team 3, team 4, team 1, team 6
|
|start
|switch|p1a: Shellder|Shellder, L5, M|20\/20
|switch|p2a: Lileep|Lileep, L5, F|26\/26
|turn|1
|c|★Codectm|You too
|choice|move shellsmash|move stealthrock
|
|move|p1a: Shellder|Shell Smash|p1a: Shellder
|-unboost|p1a: Shellder|def|1
|-unboost|p1a: Shellder|spd|1
|-boost|p1a: Shellder|atk|2
|-boost|p1a: Shellder|spa|2
|-boost|p1a: Shellder|spe|2
|move|p2a: Lileep|Stealth Rock|p1a: Shellder
|-sidestart|p1: Codectm|move: Stealth Rock
|
|upkeep
|turn|2
|choice|move iciclespear|move gigadrain
|
|move|p1a: Shellder|Icicle Spear|p2a: Lileep
|-supereffective|p2a: Lileep
|-damage|p2a: Lileep|20\/26
|-supereffective|p2a: Lileep
|-damage|p2a: Lileep|14\/26
|-supereffective|p2a: Lileep
|-damage|p2a: Lileep|8\/26
|-supereffective|p2a: Lileep
|-damage|p2a: Lileep|2\/26
|-supereffective|p2a: Lileep
|-damage|p2a: Lileep|0 fnt
|-hitcount|p2a: Lileep|5
|faint|p2a: Lileep
|
|upkeep
|choice||switch 5
|
|switch|p2a: Oranges|Cottonee, L5, M, shiny|22\/22
|turn|3
|choice|move iciclespear|move gigadrain
|
|move|p1a: Shellder|Icicle Spear|p2a: Oranges
|-supereffective|p2a: Oranges
|-damage|p2a: Oranges|14\/22
|-supereffective|p2a: Oranges
|-damage|p2a: Oranges|6\/22
|-supereffective|p2a: Oranges
|-damage|p2a: Oranges|0 fnt
|-hitcount|p2a: Oranges|3
|faint|p2a: Oranges
|
|upkeep
|choice||switch 6
|
|switch|p2a: Ponyta|Ponyta, L5, M, shiny|22\/22
|turn|4
|choice|move rockblast|move wildcharge
|
|move|p1a: Shellder|Rock Blast|p2a: Ponyta
|-supereffective|p2a: Ponyta
|-damage|p2a: Ponyta|10\/22
|-supereffective|p2a: Ponyta
|-damage|p2a: Ponyta|0 fnt
|-hitcount|p2a: Ponyta|2
|faint|p2a: Ponyta
|
|upkeep
|choice||switch 4
|
|switch|p2a: Smoochum|Smoochum, L5, F|21\/21
|turn|5
|choice|move rockblast|move shadowball
|
|move|p1a: Shellder|Rock Blast|p2a: Smoochum
|-supereffective|p2a: Smoochum
|-damage|p2a: Smoochum|3\/21
|-supereffective|p2a: Smoochum
|-damage|p2a: Smoochum|0 fnt
|-hitcount|p2a: Smoochum|2
|faint|p2a: Smoochum
|
|upkeep
|choice||switch 2
|
|switch|p2a: Larvitar|Larvitar, L5, M|21\/21
|turn|6
|choice|move iciclespear|move earthquake
|
|move|p1a: Shellder|Icicle Spear|p2a: Larvitar
|-supereffective|p2a: Larvitar
|-damage|p2a: Larvitar|9\/21
|-supereffective|p2a: Larvitar
|-damage|p2a: Larvitar|0 fnt
|-hitcount|p2a: Larvitar|2
|faint|p2a: Larvitar
|
|upkeep
|choice||switch 3
|
|switch|p2a: Spritzee|Spritzee, L5, M|27\/27
|turn|7
|choice|move iciclespear|move calmmind
|
|move|p1a: Shellder|Icicle Spear|p2a: Spritzee
|-damage|p2a: Spritzee|24\/27
|-damage|p2a: Spritzee|21\/27
|-damage|p2a: Spritzee|18\/27
|-damage|p2a: Spritzee|15\/27
|-damage|p2a: Spritzee|12\/27
|-hitcount|p2a: Spritzee|5
|move|p2a: Spritzee|Calm Mind|p2a: Spritzee
|-boost|p2a: Spritzee|spa|1
|-boost|p2a: Spritzee|spd|1
|
|upkeep
|turn|8
|choice|move iciclespear|move moonblast
|
|move|p1a: Shellder|Icicle Spear|p2a: Spritzee
|-damage|p2a: Spritzee|9\/27
|-damage|p2a: Spritzee|6\/27
|-damage|p2a: Spritzee|3\/27
|-damage|p2a: Spritzee|0 fnt
|-hitcount|p2a: Spritzee|4
|faint|p2a: Spritzee
|
|win|Codectm
|player|p1
|player|p2
|c|★LopunnyIsThiccer|ggs
|c|★Codectm|gg
|l|LopunnyIsThiccer</script>
</div>
<div class="battle-log battle-log-inline"><div class="inner"><div class="battle-options"></div><div class="inner"><div class="chat"><small>Codectm joined.</small></div><div class="chat"><small>LopunnyIsThiccer joined.</small></div><div class=""><small>Format:</small> <br><strong>LC</strong></div><div class="rated"><strong>Rated battle</strong></div><div class=""><small><em>Sleep Clause Mod:</em> Limit one foe put to sleep</small></div><div class=""><small><em>Species Clause:</em> Limit one of each Pokémon</small></div><div class=""><small><em>OHKO Clause:</em> OHKO moves are banned</small></div><div class=""><small><em>Moody Clause:</em> Moody is banned</small></div><div class=""><small><em>Evasion Moves Clause:</em> Evasion moves are banned</small></div><div class=""><small><em>Endless Battle Clause:</em> Forcing endless battles is banned</small></div><div class=""><small><em>HP Percentage Mod:</em> HP is shown in percentages</small></div><div class="chat battle-history"><strong>Codectm's team:</strong> <em style="color:#445566;display:block;">Diglett / Archen / Pawniard / Spritzee / Shellder / Mienfoo</em></div><div class="chat battle-history"><strong>LopunnyIsThiccer's team:</strong> <em style="color:#445566;display:block;">Cottonee / Larvitar / Spritzee / Smoochum / Lileep / Ponyta</em></div><div class="chat chatmessage-lopunnyisthiccer"><strong style="color:hsl(77,64%,31%)"><small>★</small><span class="username" data-name="LopunnyIsThiccer">LopunnyIsThiccer</span>:</strong> <em>Gl Hf</em></div><div class="spacer battle-history"><br></div><div class="battle-history">Battle started between Codectm and LopunnyIsThiccer!<br></div><div class="spacer battle-history"><br></div><div class="battle-history">Go! <strong>Shellder</strong>!<br></div><div class="spacer battle-history"><br></div><div class="battle-history">LopunnyIsThiccer sent out <strong>Lileep</strong>!<br></div><div class="spacer battle-history"><br></div><h2 class="battle-history">Turn 1</h2><div class="chat chatmessage-codectm"><strong style="color:hsl(151,41%,37.274506344502086%)"><small>★</small><span class="username" data-name="Codectm">Codectm</span>:</strong> <em>You too</em></div><div class="spacer battle-history"><br></div><div class="battle-history">Shellder used <strong>Shell Smash</strong>!<br></div><div class="battle-history"><small>Shellder's Defense fell!</small><br></div><div class="battle-history"><small>Shellder's Special Defense fell!</small><br></div><div class="battle-history"><small>Shellder's Attack rose sharply!</small><br></div><div class="battle-history"><small>Shellder's Special Attack rose sharply!</small><br></div><div class="battle-history"><small>Shellder's Speed rose sharply!</small><br></div><div class="spacer battle-history"><br></div><div class="battle-history">The opposing Lileep used <strong>Stealth Rock</strong>!<br></div><div class="battle-history"><small>Pointed stones float in the air around your team!</small><br></div><div class="spacer battle-history"><br></div><h2 class="battle-history">Turn 2</h2><div class="spacer battle-history"><br></div><div class="battle-history">Shellder used <strong>Icicle Spear</strong>!<br></div><div class="battle-history"><small>It's super effective!</small><br></div><div class="battle-history"><small>(The opposing Lileep lost <abbr title="−6/26">23.1%</abbr> of its health!)</small><br></div><div class="battle-history"><small>It's super effective!</small><br></div><div class="battle-history"><small>(The opposing Lileep lost <abbr title="−6/26">23.1%</abbr> of its health!)</small><br></div><div class="battle-history"><small>It's super effective!</small><br></div><div class="battle-history"><small>(The opposing Lileep lost <abbr title="−6/26">23.1%</abbr> of its health!)</small><br></div><div class="battle-history"><small>It's super effective!</small><br></div><div class="battle-history"><small>(The opposing Lileep lost <abbr title="−6/26">23.1%</abbr> of its health!)</small><br></div><div class="battle-history"><small>It's super effective!</small><br></div><div class="battle-history"><small>(The opposing Lileep lost <abbr title="−2/26">7.7%</abbr> of its health!)</small><br></div><div class="battle-history"><small>Hit 5 times!</small><br></div><div class="spacer battle-history"><br></div><div class="battle-history">The opposing Lileep fainted!<br></div><div class="spacer battle-history"><br></div><div class="battle-history">LopunnyIsThiccer sent out Oranges (<strong>Cottonee</strong>)!<br></div><div class="spacer battle-history"><br></div><h2 class="battle-history">Turn 3</h2><div class="spacer battle-history"><br></div><div class="battle-history">Shellder used <strong>Icicle Spear</strong>!<br></div><div class="battle-history"><small>It's super effective!</small><br></div><div class="battle-history"><small>(The opposing Oranges lost <abbr title="−8/22">36.4%</abbr> of its health!)</small><br></div><div class="battle-history"><small>It's super effective!</small><br></div><div class="battle-history"><small>(The opposing Oranges lost <abbr title="−8/22">36.4%</abbr> of its health!)</small><br></div><div class="battle-history"><small>It's super effective!</small><br></div><div class="battle-history"><small>(The opposing Oranges lost <abbr title="−6/22">27.3%</abbr> of its health!)</small><br></div><div class="battle-history"><small>Hit 3 times!</small><br></div><div class="spacer battle-history"><br></div><div class="battle-history">The opposing Oranges fainted!<br></div><div class="spacer battle-history"><br></div><div class="battle-history">LopunnyIsThiccer sent out <strong>Ponyta</strong>!<br></div><div class="spacer battle-history"><br></div><h2 class="battle-history">Turn 4</h2><div class="spacer battle-history"><br></div><div class="battle-history">Shellder used <strong>Rock Blast</strong>!<br></div><div class="battle-history"><small>It's super effective!</small><br></div><div class="battle-history"><small>(The opposing Ponyta lost <abbr title="−12/22">54.5%</abbr> of its health!)</small><br></div><div class="battle-history"><small>It's super effective!</small><br></div><div class="battle-history"><small>(The opposing Ponyta lost <abbr title="−10/22">45.5%</abbr> of its health!)</small><br></div><div class="battle-history"><small>Hit 2 times!</small><br></div><div class="spacer battle-history"><br></div><div class="battle-history">The opposing Ponyta fainted!<br></div><div class="spacer battle-history"><br></div><div class="battle-history">LopunnyIsThiccer sent out <strong>Smoochum</strong>!<br></div><div class="spacer battle-history"><br></div><h2 class="battle-history">Turn 5</h2><div class="spacer battle-history"><br></div><div class="battle-history">Shellder used <strong>Rock Blast</strong>!<br></div><div class="battle-history"><small>It's super effective!</small><br></div><div class="battle-history"><small>(The opposing Smoochum lost <abbr title="−18/21">85.7%</abbr> of its health!)</small><br></div><div class="battle-history"><small>It's super effective!</small><br></div><div class="battle-history"><small>(The opposing Smoochum lost <abbr title="−3/21">14.3%</abbr> of its health!)</small><br></div><div class="battle-history"><small>Hit 2 times!</small><br></div><div class="spacer battle-history"><br></div><div class="battle-history">The opposing Smoochum fainted!<br></div><div class="spacer battle-history"><br></div><div class="battle-history">LopunnyIsThiccer sent out <strong>Larvitar</strong>!<br></div><div class="spacer battle-history"><br></div><h2 class="battle-history">Turn 6</h2><div class="spacer battle-history"><br></div><div class="battle-history">Shellder used <strong>Icicle Spear</strong>!<br></div><div class="battle-history"><small>It's super effective!</small><br></div><div class="battle-history"><small>(The opposing Larvitar lost <abbr title="−12/21">57.1%</abbr> of its health!)</small><br></div><div class="battle-history"><small>It's super effective!</small><br></div><div class="battle-history"><small>(The opposing Larvitar lost <abbr title="−9/21">42.9%</abbr> of its health!)</small><br></div><div class="battle-history"><small>Hit 2 times!</small><br></div><div class="spacer battle-history"><br></div><div class="battle-history">The opposing Larvitar fainted!<br></div><div class="spacer battle-history"><br></div><div class="battle-history">LopunnyIsThiccer sent out <strong>Spritzee</strong>!<br></div><div class="spacer battle-history"><br></div><h2 class="battle-history">Turn 7</h2><div class="spacer battle-history"><br></div><div class="battle-history">Shellder used <strong>Icicle Spear</strong>!<br></div><div class="battle-history"><small>(The opposing Spritzee lost <abbr title="−3/27">11.1%</abbr> of its health!)</small><br></div><div class="battle-history"><small>(The opposing Spritzee lost <abbr title="−3/27">11.1%</abbr> of its health!)</small><br></div><div class="battle-history"><small>(The opposing Spritzee lost <abbr title="−3/27">11.1%</abbr> of its health!)</small><br></div><div class="battle-history"><small>(The opposing Spritzee lost <abbr title="−3/27">11.1%</abbr> of its health!)</small><br></div><div class="battle-history"><small>(The opposing Spritzee lost <abbr title="−3/27">11.1%</abbr> of its health!)</small><br></div><div class="battle-history"><small>Hit 5 times!</small><br></div><div class="spacer battle-history"><br></div><div class="battle-history">The opposing Spritzee used <strong>Calm Mind</strong>!<br></div><div class="battle-history"><small>The opposing Spritzee's Special Attack rose!</small><br></div><div class="battle-history"><small>The opposing Spritzee's Special Defense rose!</small><br></div><div class="spacer battle-history"><br></div><h2 class="battle-history">Turn 8</h2><div class="spacer battle-history"><br></div><div class="battle-history">Shellder used <strong>Icicle Spear</strong>!<br></div><div class="battle-history"><small>(The opposing Spritzee lost <abbr title="−3/27">11.1%</abbr> of its health!)</small><br></div><div class="battle-history"><small>(The opposing Spritzee lost <abbr title="−3/27">11.1%</abbr> of its health!)</small><br></div><div class="battle-history"><small>(The opposing Spritzee lost <abbr title="−3/27">11.1%</abbr> of its health!)</small><br></div><div class="battle-history"><small>(The opposing Spritzee lost <abbr title="−3/27">11.1%</abbr> of its health!)</small><br></div><div class="battle-history"><small>Hit 4 times!</small><br></div><div class="spacer battle-history"><br></div><div class="battle-history">The opposing Spritzee fainted!<br></div><div class="spacer battle-history"><br></div><div class="battle-history"><strong>Codectm</strong> won the battle!<br></div><div class="chat chatmessage-lopunnyisthiccer"><strong style="color:hsl(77,64%,31%)"><small>★</small><span class="username" data-name="LopunnyIsThiccer">LopunnyIsThiccer</span>:</strong> <em>ggs</em></div><div class="chat chatmessage-codectm"><strong style="color:hsl(151,41%,37.274506344502086%)"><small>★</small><span class="username" data-name="Codectm">Codectm</span>:</strong> <em>gg</em></div><div class="chat"><small>LopunnyIsThiccer left.</small></div></div><div class="inner-preempt"></div></div></div>
</div>
<script>
let daily = Math.floor(Date.now()/1000/60/60/24);document.write('<script src="https://play.pokemonshowdown.com/js/replay-embed.js?version'+daily+'"></'+'script>');
</script>
