<!DOCTYPE html>
<meta charset="utf-8" />
<!-- version 1 -->
<title>LC replay: Aly♥via vs. frostybest721</title>
<style>
html,body {font-family:Verdana, sans-serif;font-size:10pt;margin:0;padding:0;}body{padding:12px 0;} .battle-log {font-family:Verdana, sans-serif;font-size:10pt;} .battle-log-inline {border:1px solid #AAAAAA;background:#EEF2F5;color:black;max-width:640px;margin:0 auto 80px;padding-bottom:5px;} .battle-log .inner {padding:4px 8px 0px 8px;} .battle-log .inner-preempt {padding:0 8px 4px 8px;} .battle-log .inner-after {margin-top:0.5em;} .battle-log h2 {margin:0.5em -8px;padding:4px 8px;border:1px solid #AAAAAA;background:#E0E7EA;border-left:0;border-right:0;font-family:Verdana, sans-serif;font-size:13pt;} .battle-log .chat {vertical-align:middle;padding:3px 0 3px 0;font-size:8pt;} .battle-log .chat strong {color:#40576A;} .battle-log .chat em {padding:1px 4px 1px 3px;color:#000000;font-style:normal;} .chat.mine {background:rgba(0,0,0,0.05);margin-left:-8px;margin-right:-8px;padding-left:8px;padding-right:8px;} .spoiler {color:#BBBBBB;background:#BBBBBB;padding:0px 3px;} .spoiler:hover, .spoiler:active, .spoiler-shown {color:#000000;background:#E2E2E2;padding:0px 3px;} .spoiler a {color:#BBBBBB;} .spoiler:hover a, .spoiler:active a, .spoiler-shown a {color:#2288CC;} .chat code, .chat .spoiler:hover code, .chat .spoiler:active code, .chat .spoiler-shown code {border:1px solid #C0C0C0;background:#EEEEEE;color:black;padding:0 2px;} .chat .spoiler code {border:1px solid #CCCCCC;background:#CCCCCC;color:#CCCCCC;} .battle-log .rated {padding:3px 4px;} .battle-log .rated strong {color:white;background:#89A;padding:1px 4px;border-radius:4px;} .spacer {margin-top:0.5em;} .message-announce {background:#6688AA;color:white;padding:1px 4px 2px;} .message-announce a, .broadcast-green a, .broadcast-blue a, .broadcast-red a {color:#DDEEFF;} .broadcast-green {background-color:#559955;color:white;padding:2px 4px;} .broadcast-blue {background-color:#6688AA;color:white;padding:2px 4px;} .infobox {border:1px solid #6688AA;padding:2px 4px;} .infobox-limited {max-height:200px;overflow:auto;overflow-x:hidden;} .broadcast-red {background-color:#AA5544;color:white;padding:2px 4px;} .message-learn-canlearn {font-weight:bold;color:#228822;text-decoration:underline;} .message-learn-cannotlearn {font-weight:bold;color:#CC2222;text-decoration:underline;} .message-effect-weak {font-weight:bold;color:#CC2222;} .message-effect-resist {font-weight:bold;color:#6688AA;} .message-effect-immune {font-weight:bold;color:#666666;} .message-learn-list {margin-top:0;margin-bottom:0;} .message-throttle-notice, .message-error {color:#992222;} .message-overflow, .chat small.message-overflow {font-size:0pt;} .message-overflow::before {font-size:9pt;content:'...';} .subtle {color:#3A4A66;}
</style>
<div class="wrapper replay-wrapper" style="max-width:1180px;margin:0 auto">
<input type="hidden" name="replayid" value="lc-502246610" />
<div class="battle"></div><div class="battle-log"></div><div class="replay-controls"></div><div class="replay-controls-2"></div>
<h1 style="font-weight:normal;text-align:center"><strong>LC</strong><br /><a href="http://pokemonshowdown.com/users/alyvia" class="subtle" target="_blank">Aly♥via</a> vs. <a href="http://pokemonshowdown.com/users/frostybest721" class="subtle" target="_blank">frostybest721</a></h1>
<script type="text/plain" class="battle-log-data">|j|Aly♥via
|j|frostybest721
|player|p1|Aly♥via|103
|player|p2|frostybest721|217
|gametype|singles
|gen|6
|tier|LC
|rated
|seed|36640,59263,22312,49783
|clearpoke
|poke|p1|Scraggy, L5, M|item
|poke|p1|Honedge, L5, M|item
|poke|p1|Chinchou, L5, F|item
|poke|p1|Timburr, L5, F|item
|poke|p1|Foongus, L5, F|item
|poke|p1|Glameow, L5, M|item
|poke|p2|Zorua, L5, F, shiny|item
|poke|p2|Lickitung, L5, F|item
|poke|p2|Pawniard, L5, M, shiny|item
|poke|p2|Foongus, L5, M, shiny|item
|poke|p2|Koffing, L5, M, shiny|item
|poke|p2|Onix, L5, M|item
|rule|Sleep Clause Mod: Limit one foe put to sleep
|rule|Species Clause: Limit one of each Pokémon
|rule|OHKO Clause: OHKO moves are banned
|rule|Moody Clause: Moody is banned
|rule|Evasion Moves Clause: Evasion moves are banned
|rule|Endless Battle Clause: Forcing endless battles is banned
|rule|HP Percentage Mod: HP is shown in percentages
|teampreview
|choice|team 5, team 2, team 3, team 4, team 1, team 6|team 6, team 2, team 3, team 4, team 1, team 5
|
|start
|switch|p1a: Foongus|Foongus, L5, F|25\/25
|switch|p2a: just rocks|Onix, L5, M|20\/20
|turn|1
|choice|move gigadrain|switch 6
|
|switch|p2a: gassy|Koffing, L5, M, shiny|22\/22
|move|p1a: Foongus|Giga Drain|p2a: gassy
|-resisted|p2a: gassy
|-damage|p2a: gassy|19\/22
|
|upkeep
|turn|2
|choice|move spore|move flamethrower
|
|move|p2a: gassy|Flamethrower|p1a: Foongus
|-supereffective|p1a: Foongus
|-damage|p1a: Foongus|13\/25
|move|p1a: Foongus|Spore|p2a: gassy
|-status|p2a: gassy|slp
|
|upkeep
|turn|3
|choice|switch 4|move flamethrower
|
|switch|p1a: Timburr|Timburr, L5, F|24\/24
|cant|p2a: gassy|slp
|
|upkeep
|turn|4
|choice|move bulkup|move toxic
|
|move|p1a: Timburr|Bulk Up|p1a: Timburr
|-boost|p1a: Timburr|atk|1
|-boost|p1a: Timburr|def|1
|cant|p2a: gassy|slp
|
|upkeep
|turn|5
|choice|move bulkup|move clearsmog
|
|move|p1a: Timburr|Bulk Up|p1a: Timburr
|-boost|p1a: Timburr|atk|1
|-boost|p1a: Timburr|def|1
|cant|p2a: gassy|slp
|
|upkeep
|turn|6
|choice|move knockoff|move clearsmog
|
|-curestatus|p2a: gassy|slp|[msg]
|move|p2a: gassy|Clear Smog|p1a: Timburr
|-damage|p1a: Timburr|18\/24
|-clearboost|p1a: Timburr
|move|p1a: Timburr|Knock Off|p2a: gassy
|-damage|p2a: gassy|14\/22
|-enditem|p2a: gassy|Eviolite|[from] move: Knock Off|[of] p1a: Timburr
|
|upkeep
|turn|7
|choice|switch 2|move toxic
|
|switch|p1a: Honedge|Honedge, L5, M|21\/21
|move|p2a: gassy|Toxic|p1a: Honedge
|-immune|p1a: Honedge|[msg]
|
|upkeep
|turn|8
|choice|move swordsdance|move flamethrower
|
|move|p1a: Honedge|Swords Dance|p1a: Honedge
|-boost|p1a: Honedge|atk|2
|move|p2a: gassy|Flamethrower|p1a: Honedge
|-supereffective|p1a: Honedge
|-damage|p1a: Honedge|9\/21
|
|upkeep
|turn|9
|choice|move ironhead|move flamethrower
|
|move|p1a: Honedge|Iron Head|p2a: gassy
|-damage|p2a: gassy|0 fnt
|faint|p2a: gassy
|
|upkeep
|choice||switch 5
|
|switch|p2a: just rocks|Onix, L5, M|20\/20
|turn|10
|choice|move shadowsneak|move darkpulse
|
|move|p1a: Honedge|Shadow Sneak|p2a: just rocks
|-resisted|p2a: just rocks
|replace|p2a: kawaii|Zorua, L5, F, shiny
|-end|p2a: kawaii|Illusion
|-damage|p2a: kawaii|14\/20
|move|p2a: kawaii|Dark Pulse|p1a: Honedge
|-supereffective|p1a: Honedge
|-damage|p1a: Honedge|0 fnt
|faint|p1a: Honedge
|
|upkeep
|choice|switch 2|
|
|switch|p1a: Timburr|Timburr, L5, F|18\/24
|turn|11
|choice|move knockoff|move extrasensory
|
|move|p2a: kawaii|Extrasensory|p1a: Timburr
|-supereffective|p1a: Timburr
|-damage|p1a: Timburr|6\/24
|move|p1a: Timburr|Knock Off|p2a: kawaii
|-resisted|p2a: kawaii
|-damage|p2a: kawaii|8\/20
|-enditem|p2a: kawaii|Focus Sash|[from] move: Knock Off|[of] p1a: Timburr
|
|upkeep
|turn|12
|choice|move machpunch|move extrasensory
|
|move|p1a: Timburr|Mach Punch|p2a: kawaii
|-supereffective|p2a: kawaii
|-damage|p2a: kawaii|0 fnt
|faint|p2a: kawaii
|
|upkeep
|choice||switch 4
|
|switch|p2a: master ball|Foongus, L5, M, shiny|23\/23
|turn|13
|choice|move knockoff|move gigadrain
|
|move|p1a: Timburr|Knock Off|p2a: master ball
|-damage|p2a: master ball|16\/23
|-enditem|p2a: master ball|Eviolite|[from] move: Knock Off|[of] p1a: Timburr
|move|p2a: master ball|Giga Drain|p1a: Timburr
|-damage|p1a: Timburr|0 fnt
|-heal|p2a: master ball|19\/23|[from] drain|[of] p1a: Timburr
|faint|p1a: Timburr
|
|upkeep
|choice|switch 6|
|
|switch|p1a: Glameow|Glameow, L5, M|21\/21
|turn|14
|choice|move fakeout|switch 6
|
|switch|p2a: just rocks|Onix, L5, M|20\/20
|move|p1a: Glameow|Fake Out|p2a: just rocks
|-resisted|p2a: just rocks
|-damage|p2a: just rocks|19\/20
|-damage|p1a: Glameow|19\/21|[from] item: Life Orb
|
|upkeep
|turn|15
|choice|move playrough|move doubleedge
|
|move|p1a: Glameow|Play Rough|p2a: just rocks
|-crit|p2a: just rocks
|-damage|p2a: just rocks|11\/20
|-damage|p1a: Glameow|17\/21|[from] item: Life Orb
|move|p2a: just rocks|Double-Edge|p1a: Glameow
|-damage|p1a: Glameow|4\/21
|
|upkeep
|turn|16
|choice|move playrough|move doubleedge
|
|move|p1a: Glameow|Play Rough|p2a: just rocks
|-damage|p2a: just rocks|6\/20
|-damage|p1a: Glameow|2\/21|[from] item: Life Orb
|move|p2a: just rocks|Double-Edge|p1a: Glameow
|-damage|p1a: Glameow|0 fnt
|faint|p1a: Glameow
|
|upkeep
|choice|switch 4|
|
|switch|p1a: Foongus|Foongus, L5, F|21\/25
|turn|17
|choice|move gigadrain|move doubleedge
|
|move|p2a: just rocks|Double-Edge|p1a: Foongus
|-damage|p1a: Foongus|14\/25
|move|p1a: Foongus|Giga Drain|p2a: just rocks
|-supereffective|p2a: just rocks
|-damage|p2a: just rocks|0 fnt
|-heal|p1a: Foongus|17\/25|[from] drain|[of] p2a: just rocks
|faint|p2a: just rocks
|
|upkeep
|choice||switch 3
|
|switch|p2a: headbutt|Pawniard, L5, M, shiny|22\/22
|-ability|p2a: headbutt|Pressure
|turn|18
|choice|move spore|move xscissor
|
|move|p2a: headbutt|X-Scissor|p1a: Foongus
|-crit|p1a: Foongus
|-damage|p1a: Foongus|7\/25
|-damage|p2a: headbutt|20\/22|[from] item: Life Orb
|move|p1a: Foongus|Spore|p2a: headbutt
|-status|p2a: headbutt|slp
|
|upkeep
|turn|19
|choice|switch 5|move brickbreak
|
|switch|p1a: Scraggy|Scraggy, L5, M|21\/21
|cant|p2a: headbutt|slp
|
|upkeep
|turn|20
|choice|move highjumpkick|switch 6
|
|switch|p2a: master ball|Foongus, L5, M, shiny|23\/23
|move|p1a: Scraggy|High Jump Kick|p2a: master ball
|-resisted|p2a: master ball
|-damage|p2a: master ball|14\/23
|
|upkeep
|turn|21
|choice|switch 5|move spore
|
|switch|p1a: Foongus|Foongus, L5, F|15\/25
|move|p2a: master ball|Spore|p1a: Foongus
|-immune|p1a: Foongus|[msg]
|
|upkeep
|turn|22
|choice|move gigadrain|move gigadrain
|
|move|p2a: master ball|Giga Drain|p1a: Foongus
|-resisted|p1a: Foongus
|-damage|p1a: Foongus|14\/25
|-heal|p2a: master ball|15\/23|[from] drain|[of] p1a: Foongus
|move|p1a: Foongus|Giga Drain|p2a: master ball
|-resisted|p2a: master ball
|-damage|p2a: master ball|13\/23
|-heal|p1a: Foongus|15\/25|[from] drain|[of] p2a: master ball
|
|upkeep
|turn|23
|choice|move sludgebomb|move gigadrain
|
|move|p1a: Foongus|Sludge Bomb|p2a: master ball
|-damage|p2a: master ball|3\/23
|move|p2a: master ball|Giga Drain|p1a: Foongus
|-resisted|p1a: Foongus
|-damage|p1a: Foongus|14\/25
|-heal|p2a: master ball|4\/23|[from] drain|[of] p1a: Foongus
|
|upkeep
|turn|24
|choice|move gigadrain|move clearsmog
|
|move|p1a: Foongus|Giga Drain|p2a: master ball
|-resisted|p2a: master ball
|-damage|p2a: master ball|3\/23
|-heal|p1a: Foongus|15\/25|[from] drain|[of] p2a: master ball
|move|p2a: master ball|Clear Smog|p1a: Foongus
|-damage|p1a: Foongus|9\/25
|-clearboost|p1a: Foongus
|
|upkeep
|turn|25
|choice|move sludgebomb|move synthesis
|
|move|p1a: Foongus|Sludge Bomb|p2a: master ball
|-damage|p2a: master ball|0 fnt
|faint|p2a: master ball
|
|upkeep
|choice||switch 6
|
|switch|p2a: headbutt|Pawniard, L5, M, shiny|20\/22 slp
|-ability|p2a: headbutt|Pressure
|turn|26
|choice|move gigadrain|move xscissor
|
|-curestatus|p2a: headbutt|slp|[msg]
|move|p2a: headbutt|X-Scissor|p1a: Foongus
|-damage|p1a: Foongus|1\/25
|-damage|p2a: headbutt|18\/22|[from] item: Life Orb
|move|p1a: Foongus|Giga Drain|p2a: headbutt
|-resisted|p2a: headbutt
|-damage|p2a: headbutt|12\/22
|-heal|p1a: Foongus|4\/25|[from] drain|[of] p2a: headbutt
|
|upkeep
|turn|27
|choice|move gigadrain|move ironhead
|
|move|p2a: headbutt|Iron Head|p1a: Foongus
|-crit|p1a: Foongus
|-damage|p1a: Foongus|0 fnt
|-damage|p2a: headbutt|10\/22|[from] item: Life Orb
|faint|p1a: Foongus
|
|upkeep
|choice|switch 5|
|
|switch|p1a: Scraggy|Scraggy, L5, M|21\/21
|turn|28
|choice|move drainpunch|move xscissor
|
|move|p1a: Scraggy|Drain Punch|p2a: headbutt
|-supereffective|p2a: headbutt
|-damage|p2a: headbutt|0 fnt
|faint|p2a: headbutt
|-ability|p1a: Scraggy|Moxie|boost
|-boost|p1a: Scraggy|atk|1
|
|upkeep
|choice||switch 2
|
|switch|p2a: slurp|Lickitung, L5, F|28\/28
|turn|29
|choice|move drainpunch|move toxic
|
|move|p1a: Scraggy|Drain Punch|p2a: slurp
|-supereffective|p2a: slurp
|-damage|p2a: slurp|4\/28
|move|p2a: slurp|Toxic|p1a: Scraggy
|-status|p1a: Scraggy|tox
|
|-damage|p1a: Scraggy|20\/21 tox|[from] psn
|upkeep
|turn|30
|choice|move drainpunch|move knockoff
|
|move|p1a: Scraggy|Drain Punch|p2a: slurp
|-supereffective|p2a: slurp
|-crit|p2a: slurp
|-damage|p2a: slurp|0 fnt
|-heal|p1a: Scraggy|21\/21 tox|[from] drain|[of] p2a: slurp
|faint|p2a: slurp
|
|win|Aly♥via
|player|p1
|player|p2
|raw|Aly♥via's rating: 1388 &rarr; <strong>1394<\/strong><br \/>(+6 for winning)
|raw|frostybest721's rating: 1085 &rarr; <strong>1078<\/strong><br \/>(-7 for losing)</script>
</div>
<div class="battle-log battle-log-inline"><div class="inner"><div class="battle-options"></div><div class="inner"><div class="chat"><small>Aly♥via joined.</small></div><div class="chat"><small>frostybest721 joined.</small></div><div class=""><small>Format:</small> <br><strong>LC</strong></div><div class="rated"><strong>Rated battle</strong></div><div class=""><small><em>Sleep Clause Mod:</em> Limit one foe put to sleep</small></div><div class=""><small><em>Species Clause:</em> Limit one of each Pokémon</small></div><div class=""><small><em>OHKO Clause:</em> OHKO moves are banned</small></div><div class=""><small><em>Moody Clause:</em> Moody is banned</small></div><div class=""><small><em>Evasion Moves Clause:</em> Evasion moves are banned</small></div><div class=""><small><em>Endless Battle Clause:</em> Forcing endless battles is banned</small></div><div class=""><small><em>HP Percentage Mod:</em> HP is shown in percentages</small></div><div class="chat battle-history"><strong>Aly♥via's team:</strong> <em style="color:#445566;display:block;">Scraggy / Honedge / Chinchou / Timburr / Foongus / Glameow</em></div><div class="chat battle-history"><strong>frostybest721's team:</strong> <em style="color:#445566;display:block;">Zorua / Lickitung / Pawniard / Foongus / Koffing / Onix</em></div><div class="spacer battle-history"><br></div><div class="battle-history">Battle started between Aly♥via and frostybest721!<br></div><div class="spacer battle-history"><br></div><div class="battle-history">Go! <strong>Foongus</strong>!<br></div><div class="spacer battle-history"><br></div><div class="battle-history">frostybest721 sent out just rocks (<strong>Onix</strong>)!<br></div><div class="spacer battle-history"><br></div><h2 class="battle-history">Turn 1</h2><div class="spacer battle-history"><br></div><div class="battle-history">frostybest721 withdrew just rocks!<br></div><div class="battle-history">frostybest721 sent out gassy (<strong>Koffing</strong>)!<br></div><div class="spacer battle-history"><br></div><div class="battle-history">Foongus used <strong>Giga Drain</strong>!<br></div><div class="battle-history"><small>It's not very effective...</small><br></div><div class="battle-history"><small>(The opposing gassy lost <abbr title="−3/22">13.6%</abbr> of its health!)</small><br></div><div class="spacer battle-history"><br></div><h2 class="battle-history">Turn 2</h2><div class="spacer battle-history"><br></div><div class="battle-history">The opposing gassy used <strong>Flamethrower</strong>!<br></div><div class="battle-history"><small>It's super effective!</small><br></div><div class="battle-history"><small>(Foongus lost <abbr title="−12/25">48%</abbr> of its health!)</small><br></div><div class="spacer battle-history"><br></div><div class="battle-history">Foongus used <strong>Spore</strong>!<br></div><div class="battle-history"><small>The opposing gassy fell asleep!</small><br></div><div class="spacer battle-history"><br></div><h2 class="battle-history">Turn 3</h2><div class="spacer battle-history"><br></div><div class="battle-history">Foongus, come back!<br></div><div class="battle-history">Go! <strong>Timburr</strong>!<br></div><div class="spacer battle-history"><br></div><div class="battle-history">The opposing gassy is fast asleep.<br></div><div class="spacer battle-history"><br></div><h2 class="battle-history">Turn 4</h2><div class="spacer battle-history"><br></div><div class="battle-history">Timburr used <strong>Bulk Up</strong>!<br></div><div class="battle-history"><small>Timburr's Attack rose!</small><br></div><div class="battle-history"><small>Timburr's Defense rose!</small><br></div><div class="spacer battle-history"><br></div><div class="battle-history">The opposing gassy is fast asleep.<br></div><div class="spacer battle-history"><br></div><h2 class="battle-history">Turn 5</h2><div class="spacer battle-history"><br></div><div class="battle-history">Timburr used <strong>Bulk Up</strong>!<br></div><div class="battle-history"><small>Timburr's Attack rose!</small><br></div><div class="battle-history"><small>Timburr's Defense rose!</small><br></div><div class="spacer battle-history"><br></div><div class="battle-history">The opposing gassy is fast asleep.<br></div><div class="spacer battle-history"><br></div><h2 class="battle-history">Turn 6</h2><div class="spacer battle-history"><br></div><div class="battle-history"><small>The opposing gassy woke up!</small><br></div><div class="spacer battle-history"><br></div><div class="battle-history">The opposing gassy used <strong>Clear Smog</strong>!<br></div><div class="battle-history"><small>(Timburr lost <abbr title="−6/24">25%</abbr> of its health!)</small><br></div><div class="battle-history"><small>Timburr's stat changes were removed!</small><br></div><div class="spacer battle-history"><br></div><div class="battle-history">Timburr used <strong>Knock Off</strong>!<br></div><div class="battle-history"><small>(The opposing gassy lost <abbr title="−5/22">22.7%</abbr> of its health!)</small><br></div><div class="battle-history"><small>Timburr knocked off the opposing gassy's Eviolite!</small><br></div><div class="spacer battle-history"><br></div><h2 class="battle-history">Turn 7</h2><div class="spacer battle-history"><br></div><div class="battle-history">Timburr, come back!<br></div><div class="battle-history">Go! <strong>Honedge</strong>!<br></div><div class="spacer battle-history"><br></div><div class="battle-history">The opposing gassy used <strong>Toxic</strong>!<br></div><div class="battle-history"><small>It doesn't affect Honedge...</small><br></div><div class="spacer battle-history"><br></div><h2 class="battle-history">Turn 8</h2><div class="spacer battle-history"><br></div><div class="battle-history">Honedge used <strong>Swords Dance</strong>!<br></div><div class="battle-history"><small>Honedge's Attack rose sharply!</small><br></div><div class="spacer battle-history"><br></div><div class="battle-history">The opposing gassy used <strong>Flamethrower</strong>!<br></div><div class="battle-history"><small>It's super effective!</small><br></div><div class="battle-history"><small>(Honedge lost <abbr title="−12/21">57.1%</abbr> of its health!)</small><br></div><div class="spacer battle-history"><br></div><h2 class="battle-history">Turn 9</h2><div class="spacer battle-history"><br></div><div class="battle-history">Honedge used <strong>Iron Head</strong>!<br></div><div class="battle-history"><small>(The opposing gassy lost <abbr title="−14/22">63.6%</abbr> of its health!)</small><br></div><div class="spacer battle-history"><br></div><div class="battle-history">The opposing gassy fainted!<br></div><div class="spacer battle-history"><br></div><div class="battle-history">frostybest721 sent out just rocks (<strong>Onix</strong>)!<br></div><div class="spacer battle-history"><br></div><h2 class="battle-history">Turn 10</h2><div class="spacer battle-history"><br></div><div class="battle-history">Honedge used <strong>Shadow Sneak</strong>!<br></div><div class="battle-history"><small>It's not very effective...</small><br></div><div class="battle-history"><small>The opposing kawaii's illusion wore off!</small><br></div><div class="battle-history"><small>(The opposing kawaii lost <abbr title="−6/20">30%</abbr> of its health!)</small><br></div><div class="spacer battle-history"><br></div><div class="battle-history">The opposing kawaii used <strong>Dark Pulse</strong>!<br></div><div class="battle-history"><small>It's super effective!</small><br></div><div class="battle-history"><small>(Honedge lost <abbr title="−9/21">42.9%</abbr> of its health!)</small><br></div><div class="spacer battle-history"><br></div><div class="battle-history">Honedge fainted!<br></div><div class="spacer battle-history"><br></div><div class="battle-history">Go! <strong>Timburr</strong>!<br></div><div class="spacer battle-history"><br></div><h2 class="battle-history">Turn 11</h2><div class="spacer battle-history"><br></div><div class="battle-history">The opposing kawaii used <strong>Extrasensory</strong>!<br></div><div class="battle-history"><small>It's super effective!</small><br></div><div class="battle-history"><small>(Timburr lost <abbr title="−12/24">50%</abbr> of its health!)</small><br></div><div class="spacer battle-history"><br></div><div class="battle-history">Timburr used <strong>Knock Off</strong>!<br></div><div class="battle-history"><small>It's not very effective...</small><br></div><div class="battle-history"><small>(The opposing kawaii lost <abbr title="−6/20">30%</abbr> of its health!)</small><br></div><div class="battle-history"><small>Timburr knocked off the opposing kawaii's Focus Sash!</small><br></div><div class="spacer battle-history"><br></div><h2 class="battle-history">Turn 12</h2><div class="spacer battle-history"><br></div><div class="battle-history">Timburr used <strong>Mach Punch</strong>!<br></div><div class="battle-history"><small>It's super effective!</small><br></div><div class="battle-history"><small>(The opposing kawaii lost <abbr title="−8/20">40%</abbr> of its health!)</small><br></div><div class="spacer battle-history"><br></div><div class="battle-history">The opposing kawaii fainted!<br></div><div class="spacer battle-history"><br></div><div class="battle-history">frostybest721 sent out master ball (<strong>Foongus</strong>)!<br></div><div class="spacer battle-history"><br></div><h2 class="battle-history">Turn 13</h2><div class="spacer battle-history"><br></div><div class="battle-history">Timburr used <strong>Knock Off</strong>!<br></div><div class="battle-history"><small>(The opposing master ball lost <abbr title="−7/23">30.4%</abbr> of its health!)</small><br></div><div class="battle-history"><small>Timburr knocked off the opposing master ball's Eviolite!</small><br></div><div class="spacer battle-history"><br></div><div class="battle-history">The opposing master ball used <strong>Giga Drain</strong>!<br></div><div class="battle-history"><small>(Timburr lost <abbr title="−6/24">25%</abbr> of its health!)</small><br></div><div class="battle-history"><small>Timburr had its energy drained!</small><br></div><div class="spacer battle-history"><br></div><div class="battle-history">Timburr fainted!<br></div><div class="spacer battle-history"><br></div><div class="battle-history">Go! <strong>Glameow</strong>!<br></div><div class="spacer battle-history"><br></div><h2 class="battle-history">Turn 14</h2><div class="spacer battle-history"><br></div><div class="battle-history">frostybest721 withdrew master ball!<br></div><div class="battle-history">frostybest721 sent out just rocks (<strong>Onix</strong>)!<br></div><div class="spacer battle-history"><br></div><div class="battle-history">Glameow used <strong>Fake Out</strong>!<br></div><div class="battle-history"><small>It's not very effective...</small><br></div><div class="battle-history"><small>(The opposing just rocks lost <abbr title="−1/20">5%</abbr> of its health!)</small><br></div><div class="battle-history"><small>Glameow lost some of its HP!</small><br></div><div class="spacer battle-history"><br></div><h2 class="battle-history">Turn 15</h2><div class="spacer battle-history"><br></div><div class="battle-history">Glameow used <strong>Play Rough</strong>!<br></div><div class="battle-history"><small>A critical hit!</small><br></div><div class="battle-history"><small>(The opposing just rocks lost <abbr title="−8/20">40%</abbr> of its health!)</small><br></div><div class="battle-history"><small>Glameow lost some of its HP!</small><br></div><div class="spacer battle-history"><br></div><div class="battle-history">The opposing just rocks used <strong>Double-Edge</strong>!<br></div><div class="battle-history"><small>(Glameow lost <abbr title="−13/21">61.9%</abbr> of its health!)</small><br></div><div class="spacer battle-history"><br></div><h2 class="battle-history">Turn 16</h2><div class="spacer battle-history"><br></div><div class="battle-history">Glameow used <strong>Play Rough</strong>!<br></div><div class="battle-history"><small>(The opposing just rocks lost <abbr title="−5/20">25%</abbr> of its health!)</small><br></div><div class="battle-history"><small>Glameow lost some of its HP!</small><br></div><div class="spacer battle-history"><br></div><div class="battle-history">The opposing just rocks used <strong>Double-Edge</strong>!<br></div><div class="battle-history"><small>(Glameow lost <abbr title="−2/21">9.5%</abbr> of its health!)</small><br></div><div class="spacer battle-history"><br></div><div class="battle-history">Glameow fainted!<br></div><div class="spacer battle-history"><br></div><div class="battle-history">Go! <strong>Foongus</strong>!<br></div><div class="spacer battle-history"><br></div><h2 class="battle-history">Turn 17</h2><div class="spacer battle-history"><br></div><div class="battle-history">The opposing just rocks used <strong>Double-Edge</strong>!<br></div><div class="battle-history"><small>(Foongus lost <abbr title="−7/25">28.0%</abbr> of its health!)</small><br></div><div class="spacer battle-history"><br></div><div class="battle-history">Foongus used <strong>Giga Drain</strong>!<br></div><div class="battle-history"><small>It's super effective!</small><br></div><div class="battle-history"><small>(The opposing just rocks lost <abbr title="−6/20">30%</abbr> of its health!)</small><br></div><div class="battle-history"><small>The opposing just rocks had its energy drained!</small><br></div><div class="spacer battle-history"><br></div><div class="battle-history">The opposing just rocks fainted!<br></div><div class="spacer battle-history"><br></div><div class="battle-history">frostybest721 sent out headbutt (<strong>Pawniard</strong>)!<br></div><div class="battle-history"><small>[The opposing headbutt's Pressure]</small><br><small>The opposing headbutt is exerting its pressure!</small><br></div><div class="spacer battle-history"><br></div><h2 class="battle-history">Turn 18</h2><div class="spacer battle-history"><br></div><div class="battle-history">The opposing headbutt used <strong>X-Scissor</strong>!<br></div><div class="battle-history"><small>A critical hit!</small><br></div><div class="battle-history"><small>(Foongus lost <abbr title="−10/25">40%</abbr> of its health!)</small><br></div><div class="battle-history"><small>The opposing headbutt lost some of its HP!</small><br></div><div class="spacer battle-history"><br></div><div class="battle-history">Foongus used <strong>Spore</strong>!<br></div><div class="battle-history"><small>The opposing headbutt fell asleep!</small><br></div><div class="spacer battle-history"><br></div><h2 class="battle-history">Turn 19</h2><div class="spacer battle-history"><br></div><div class="battle-history">Foongus, come back!<br></div><div class="battle-history">Go! <strong>Scraggy</strong>!<br></div><div class="spacer battle-history"><br></div><div class="battle-history">The opposing headbutt is fast asleep.<br></div><div class="spacer battle-history"><br></div><h2 class="battle-history">Turn 20</h2><div class="spacer battle-history"><br></div><div class="battle-history">frostybest721 withdrew headbutt!<br></div><div class="battle-history">frostybest721 sent out master ball (<strong>Foongus</strong>)!<br></div><div class="spacer battle-history"><br></div><div class="battle-history">Scraggy used <strong>High Jump Kick</strong>!<br></div><div class="battle-history"><small>It's not very effective...</small><br></div><div class="battle-history"><small>(The opposing master ball lost <abbr title="−9/23">39.1%</abbr> of its health!)</small><br></div><div class="spacer battle-history"><br></div><h2 class="battle-history">Turn 21</h2><div class="spacer battle-history"><br></div><div class="battle-history">Scraggy, come back!<br></div><div class="battle-history">Go! <strong>Foongus</strong>!<br></div><div class="spacer battle-history"><br></div><div class="battle-history">The opposing master ball used <strong>Spore</strong>!<br></div><div class="battle-history"><small>It doesn't affect Foongus...</small><br></div><div class="spacer battle-history"><br></div><h2 class="battle-history">Turn 22</h2><div class="spacer battle-history"><br></div><div class="battle-history">The opposing master ball used <strong>Giga Drain</strong>!<br></div><div class="battle-history"><small>It's not very effective...</small><br></div><div class="battle-history"><small>(Foongus lost <abbr title="−1/25">4%</abbr> of its health!)</small><br></div><div class="battle-history"><small>Foongus had its energy drained!</small><br></div><div class="spacer battle-history"><br></div><div class="battle-history">Foongus used <strong>Giga Drain</strong>!<br></div><div class="battle-history"><small>It's not very effective...</small><br></div><div class="battle-history"><small>(The opposing master ball lost <abbr title="−2/23">8.7%</abbr> of its health!)</small><br></div><div class="battle-history"><small>The opposing master ball had its energy drained!</small><br></div><div class="spacer battle-history"><br></div><h2 class="battle-history">Turn 23</h2><div class="spacer battle-history"><br></div><div class="battle-history">Foongus used <strong>Sludge Bomb</strong>!<br></div><div class="battle-history"><small>(The opposing master ball lost <abbr title="−10/23">43.5%</abbr> of its health!)</small><br></div><div class="spacer battle-history"><br></div><div class="battle-history">The opposing master ball used <strong>Giga Drain</strong>!<br></div><div class="battle-history"><small>It's not very effective...</small><br></div><div class="battle-history"><small>(Foongus lost <abbr title="−1/25">4%</abbr> of its health!)</small><br></div><div class="battle-history"><small>Foongus had its energy drained!</small><br></div><div class="spacer battle-history"><br></div><h2 class="battle-history">Turn 24</h2><div class="spacer battle-history"><br></div><div class="battle-history">Foongus used <strong>Giga Drain</strong>!<br></div><div class="battle-history"><small>It's not very effective...</small><br></div><div class="battle-history"><small>(The opposing master ball lost <abbr title="−1/23">4.3%</abbr> of its health!)</small><br></div><div class="battle-history"><small>The opposing master ball had its energy drained!</small><br></div><div class="spacer battle-history"><br></div><div class="battle-history">The opposing master ball used <strong>Clear Smog</strong>!<br></div><div class="battle-history"><small>(Foongus lost <abbr title="−6/25">24%</abbr> of its health!)</small><br></div><div class="battle-history"><small>Foongus's stat changes were removed!</small><br></div><div class="spacer battle-history"><br></div><h2 class="battle-history">Turn 25</h2><div class="spacer battle-history"><br></div><div class="battle-history">Foongus used <strong>Sludge Bomb</strong>!<br></div><div class="battle-history"><small>(The opposing master ball lost <abbr title="−3/23">13.0%</abbr> of its health!)</small><br></div><div class="spacer battle-history"><br></div><div class="battle-history">The opposing master ball fainted!<br></div><div class="spacer battle-history"><br></div><div class="battle-history">frostybest721 sent out headbutt (<strong>Pawniard</strong>)!<br></div><div class="battle-history"><small>[The opposing headbutt's Pressure]</small><br><small>The opposing headbutt is exerting its pressure!</small><br></div><div class="spacer battle-history"><br></div><h2 class="battle-history">Turn 26</h2><div class="spacer battle-history"><br></div><div class="battle-history"><small>The opposing headbutt woke up!</small><br></div><div class="spacer battle-history"><br></div><div class="battle-history">The opposing headbutt used <strong>X-Scissor</strong>!<br></div><div class="battle-history"><small>(Foongus lost <abbr title="−8/25">32%</abbr> of its health!)</small><br></div><div class="battle-history"><small>The opposing headbutt lost some of its HP!</small><br></div><div class="spacer battle-history"><br></div><div class="battle-history">Foongus used <strong>Giga Drain</strong>!<br></div><div class="battle-history"><small>It's not very effective...</small><br></div><div class="battle-history"><small>(The opposing headbutt lost <abbr title="−6/22">27.3%</abbr> of its health!)</small><br></div><div class="battle-history"><small>The opposing headbutt had its energy drained!</small><br></div><div class="spacer battle-history"><br></div><h2 class="battle-history">Turn 27</h2><div class="spacer battle-history"><br></div><div class="battle-history">The opposing headbutt used <strong>Iron Head</strong>!<br></div><div class="battle-history"><small>A critical hit!</small><br></div><div class="battle-history"><small>(Foongus lost <abbr title="−4/25">16%</abbr> of its health!)</small><br></div><div class="battle-history"><small>The opposing headbutt lost some of its HP!</small><br></div><div class="spacer battle-history"><br></div><div class="battle-history">Foongus fainted!<br></div><div class="spacer battle-history"><br></div><div class="battle-history">Go! <strong>Scraggy</strong>!<br></div><div class="spacer battle-history"><br></div><h2 class="battle-history">Turn 28</h2><div class="spacer battle-history"><br></div><div class="battle-history">Scraggy used <strong>Drain Punch</strong>!<br></div><div class="battle-history"><small>It's super effective!</small><br></div><div class="battle-history"><small>(The opposing headbutt lost <abbr title="−10/22">45.5%</abbr> of its health!)</small><br></div><div class="spacer battle-history"><br></div><div class="battle-history">The opposing headbutt fainted!<br></div><div class="battle-history"><small>[Scraggy's Moxie]</small><br></div><div class="battle-history"><small>Scraggy's Attack rose!</small><br></div><div class="spacer battle-history"><br></div><div class="battle-history">frostybest721 sent out slurp (<strong>Lickitung</strong>)!<br></div><div class="spacer battle-history"><br></div><h2 class="battle-history">Turn 29</h2><div class="spacer battle-history"><br></div><div class="battle-history">Scraggy used <strong>Drain Punch</strong>!<br></div><div class="battle-history"><small>It's super effective!</small><br></div><div class="battle-history"><small>(The opposing slurp lost <abbr title="−24/28">85.7%</abbr> of its health!)</small><br></div><div class="spacer battle-history"><br></div><div class="battle-history">The opposing slurp used <strong>Toxic</strong>!<br></div><div class="battle-history"><small>Scraggy was badly poisoned!</small><br></div><div class="spacer battle-history"><br></div><div class="battle-history"><small>Scraggy was hurt by poison!</small><br></div><div class="spacer battle-history"><br></div><h2 class="battle-history">Turn 30</h2><div class="spacer battle-history"><br></div><div class="battle-history">Scraggy used <strong>Drain Punch</strong>!<br></div><div class="battle-history"><small>It's super effective!</small><br></div><div class="battle-history"><small>A critical hit!</small><br></div><div class="battle-history"><small>(The opposing slurp lost <abbr title="−4/28">14.3%</abbr> of its health!)</small><br></div><div class="battle-history"><small>The opposing slurp had its energy drained!</small><br></div><div class="spacer battle-history"><br></div><div class="battle-history">The opposing slurp fainted!<br></div><div class="spacer battle-history"><br></div><div class="battle-history"><strong>Aly♥via</strong> won the battle!<br></div><div class="chat">Aly♥via's rating: 1388 → <strong>1394</strong><br>(+6 for winning)</div><div class="chat">frostybest721's rating: 1085 → <strong>1078</strong><br>(-7 for losing)</div></div><div class="inner-preempt"></div></div></div>
</div>
<script>
let daily = Math.floor(Date.now()/1000/60/60/24);document.write('<script src="https://play.pokemonshowdown.com/js/replay-embed.js?version'+daily+'"></'+'script>');
</script>
