<!DOCTYPE html>
<meta charset="utf-8" />
<!-- version 1 -->
<title>LC replay: yayamama vs. SebsGilmour</title>
<style>
html,body {font-family:Verdana, sans-serif;font-size:10pt;margin:0;padding:0;}body{padding:12px 0;} .battle-log {font-family:Verdana, sans-serif;font-size:10pt;} .battle-log-inline {border:1px solid #AAAAAA;background:#EEF2F5;color:black;max-width:640px;margin:0 auto 80px;padding-bottom:5px;} .battle-log .inner {padding:4px 8px 0px 8px;} .battle-log .inner-preempt {padding:0 8px 4px 8px;} .battle-log .inner-after {margin-top:0.5em;} .battle-log h2 {margin:0.5em -8px;padding:4px 8px;border:1px solid #AAAAAA;background:#E0E7EA;border-left:0;border-right:0;font-family:Verdana, sans-serif;font-size:13pt;} .battle-log .chat {vertical-align:middle;padding:3px 0 3px 0;font-size:8pt;} .battle-log .chat strong {color:#40576A;} .battle-log .chat em {padding:1px 4px 1px 3px;color:#000000;font-style:normal;} .chat.mine {background:rgba(0,0,0,0.05);margin-left:-8px;margin-right:-8px;padding-left:8px;padding-right:8px;} .spoiler {color:#BBBBBB;background:#BBBBBB;padding:0px 3px;} .spoiler:hover, .spoiler:active, .spoiler-shown {color:#000000;background:#E2E2E2;padding:0px 3px;} .spoiler a {color:#BBBBBB;} .spoiler:hover a, .spoiler:active a, .spoiler-shown a {color:#2288CC;} .chat code, .chat .spoiler:hover code, .chat .spoiler:active code, .chat .spoiler-shown code {border:1px solid #C0C0C0;background:#EEEEEE;color:black;padding:0 2px;} .chat .spoiler code {border:1px solid #CCCCCC;background:#CCCCCC;color:#CCCCCC;} .battle-log .rated {padding:3px 4px;} .battle-log .rated strong {color:white;background:#89A;padding:1px 4px;border-radius:4px;} .spacer {margin-top:0.5em;} .message-announce {background:#6688AA;color:white;padding:1px 4px 2px;} .message-announce a, .broadcast-green a, .broadcast-blue a, .broadcast-red a {color:#DDEEFF;} .broadcast-green {background-color:#559955;color:white;padding:2px 4px;} .broadcast-blue {background-color:#6688AA;color:white;padding:2px 4px;} .infobox {border:1px solid #6688AA;padding:2px 4px;} .infobox-limited {max-height:200px;overflow:auto;overflow-x:hidden;} .broadcast-red {background-color:#AA5544;color:white;padding:2px 4px;} .message-learn-canlearn {font-weight:bold;color:#228822;text-decoration:underline;} .message-learn-cannotlearn {font-weight:bold;color:#CC2222;text-decoration:underline;} .message-effect-weak {font-weight:bold;color:#CC2222;} .message-effect-resist {font-weight:bold;color:#6688AA;} .message-effect-immune {font-weight:bold;color:#666666;} .message-learn-list {margin-top:0;margin-bottom:0;} .message-throttle-notice, .message-error {color:#992222;} .message-overflow, .chat small.message-overflow {font-size:0pt;} .message-overflow::before {font-size:9pt;content:'...';} .subtle {color:#3A4A66;}
</style>
<div class="wrapper replay-wrapper" style="max-width:1180px;margin:0 auto">
<input type="hidden" name="replayid" value="lc-501222007" />
<div class="battle"></div><div class="battle-log"></div><div class="replay-controls"></div><div class="replay-controls-2"></div>
<h1 style="font-weight:normal;text-align:center"><strong>LC</strong><br /><a href="http://pokemonshowdown.com/users/yayamama" class="subtle" target="_blank">yayamama</a> vs. <a href="http://pokemonshowdown.com/users/sebsgilmour" class="subtle" target="_blank">SebsGilmour</a></h1>
<script type="text/plain" class="battle-log-data">|j|yayamama
|j|SebsGilmour
|player|p1|yayamama|151
|player|p2|SebsGilmour|101
|gametype|singles
|gen|6
|tier|LC
|rated
|seed|43063,50063,47329,46358
|clearpoke
|poke|p1|Koffing, L5, M|item
|poke|p1|Mankey, L5, M|item
|poke|p1|Porygon, L5|item
|poke|p1|Phanpy, L5, F|item
|poke|p1|Natu, L5, F|item
|poke|p1|Honedge, L5, M|item
|poke|p2|Snivy, L5, M|item
|poke|p2|Omanyte, L5, F|item
|poke|p2|Litleo, L5, M|item
|poke|p2|Mienfoo, L5, F|item
|poke|p2|Lileep, L5, F|item
|poke|p2|Aipom, L5, F|item
|rule|Sleep Clause Mod: Limit one foe put to sleep
|rule|Species Clause: Limit one of each Pokémon
|rule|OHKO Clause: OHKO moves are banned
|rule|Moody Clause: Moody is banned
|rule|Evasion Moves Clause: Evasion moves are banned
|rule|Endless Battle Clause: Forcing endless battles is banned
|rule|HP Percentage Mod: HP is shown in percentages
|teampreview
|choice|team 4, team 2, team 3, team 1, team 5, team 6|team 4, team 2, team 3, team 1, team 5, team 6
|
|start
|switch|p1a: Phanpy|Phanpy, L5, F|28\/28
|switch|p2a: Mienfoo|Mienfoo, L5, F|21\/21
|turn|1
|choice|move stealthrock|move uturn
|
|move|p2a: Mienfoo|U-turn|p1a: Phanpy
|-damage|p1a: Phanpy|18\/28
|-damage|p2a: Mienfoo|19\/21|[from] item: Life Orb
|choice||switch 4
|
|switch|p2a: Snivy|Snivy, L5, M|24\/24
|move|p1a: Phanpy|Stealth Rock|p2a: Snivy
|-sidestart|p2: SebsGilmour|move: Stealth Rock
|
|upkeep
|turn|2
|choice|switch 5|move leafstorm
|
|switch|p1a: Natu|Natu, L5, F|21\/21
|move|p2a: Snivy|Leaf Storm|p1a: Natu
|-resisted|p1a: Natu
|-damage|p1a: Natu|10\/21
|-boost|p2a: Snivy|spa|2
|
|upkeep
|turn|3
|choice|move heatwave|move leafstorm
|
|move|p1a: Natu|Heat Wave|p2a: Snivy
|-supereffective|p2a: Snivy
|-damage|p2a: Snivy|2\/24
|move|p2a: Snivy|Leaf Storm|p1a: Natu
|-resisted|p1a: Natu
|-damage|p1a: Natu|0 fnt
|-boost|p2a: Snivy|spa|2
|faint|p1a: Natu
|
|-heal|p2a: Snivy|3\/24|[from] item: Leftovers
|upkeep
|choice|switch 5|
|
|switch|p1a: Phanpy|Phanpy, L5, F|18\/28
|turn|4
|choice|move iceshard|move leafstorm
|
|move|p1a: Phanpy|Ice Shard|p2a: Snivy
|-supereffective|p2a: Snivy
|-damage|p2a: Snivy|0 fnt
|faint|p2a: Snivy
|
|upkeep
|choice||switch 4
|
|switch|p2a: Mienfoo|Mienfoo, L5, F|21\/21
|-damage|p2a: Mienfoo|20\/21|[from] Stealth Rock
|turn|5
|choice|switch 6|move bulkup
|
|switch|p1a: Honedge|Honedge, L5, M|24\/24
|move|p2a: Mienfoo|Bulk Up|p2a: Mienfoo
|-boost|p2a: Mienfoo|atk|1
|-boost|p2a: Mienfoo|def|1
|
|upkeep
|turn|6
|choice|move sacredsword|move knockoff
|
|move|p2a: Mienfoo|Knock Off|p1a: Honedge
|-supereffective|p1a: Honedge
|-crit|p1a: Honedge
|-damage|p1a: Honedge|0 fnt
|-enditem|p1a: Honedge|Eviolite|[from] move: Knock Off|[of] p2a: Mienfoo
|-damage|p2a: Mienfoo|18\/21|[from] item: Life Orb
|faint|p1a: Honedge
|
|upkeep
|choice|switch 4|
|
|switch|p1a: Koffing|Koffing, L5, M|23\/23
|turn|7
|choice|move willowisp|move knockoff
|
|move|p2a: Mienfoo|Knock Off|p1a: Koffing
|-damage|p1a: Koffing|14\/23
|-enditem|p1a: Koffing|Eviolite|[from] move: Knock Off|[of] p2a: Mienfoo
|-damage|p2a: Mienfoo|16\/21|[from] item: Life Orb
|move|p1a: Koffing|Will-O-Wisp|p2a: Mienfoo
|-status|p2a: Mienfoo|brn
|
|-damage|p2a: Mienfoo|14\/21 brn|[from] brn
|upkeep
|turn|8
|choice|move clearsmog|move drainpunch
|
|move|p2a: Mienfoo|Drain Punch|p1a: Koffing
|-resisted|p1a: Koffing
|-crit|p1a: Koffing
|-damage|p1a: Koffing|8\/23
|-heal|p2a: Mienfoo|17\/21 brn|[from] drain|[of] p1a: Koffing
|-damage|p2a: Mienfoo|15\/21 brn|[from] item: Life Orb
|move|p1a: Koffing|Clear Smog|p2a: Mienfoo
|-damage|p2a: Mienfoo|8\/21 brn
|-clearboost|p2a: Mienfoo
|
|-damage|p2a: Mienfoo|6\/21 brn|[from] brn
|upkeep
|turn|9
|choice|move painsplit|move drainpunch
|
|move|p2a: Mienfoo|Drain Punch|p1a: Koffing
|-resisted|p1a: Koffing
|-damage|p1a: Koffing|5\/23
|-heal|p2a: Mienfoo|8\/21 brn|[from] drain|[of] p1a: Koffing
|-damage|p2a: Mienfoo|6\/21 brn|[from] item: Life Orb
|move|p1a: Koffing|Pain Split|p2a: Mienfoo
|-sethp|p2a: Mienfoo|5\/21 brn|p1a: Koffing|5\/23|[from] move: Pain Split
|
|-damage|p2a: Mienfoo|3\/21 brn|[from] brn
|upkeep
|turn|10
|choice|move toxicspikes|move drainpunch
|
|move|p2a: Mienfoo|Drain Punch|p1a: Koffing
|-resisted|p1a: Koffing
|-damage|p1a: Koffing|2\/23
|-heal|p2a: Mienfoo|5\/21 brn|[from] drain|[of] p1a: Koffing
|-damage|p2a: Mienfoo|3\/21 brn|[from] item: Life Orb
|move|p1a: Koffing|Toxic Spikes|p2a: Mienfoo
|-sidestart|p2: SebsGilmour|move: Toxic Spikes
|
|-damage|p2a: Mienfoo|1\/21 brn|[from] brn
|upkeep
|turn|11
|choice|move toxicspikes|move drainpunch
|
|move|p2a: Mienfoo|Drain Punch|p1a: Koffing
|-resisted|p1a: Koffing
|-damage|p1a: Koffing|1\/23
|-heal|p2a: Mienfoo|2\/21 brn|[from] drain|[of] p1a: Koffing
|-damage|p2a: Mienfoo|0 fnt|[from] item: Life Orb
|faint|p2a: Mienfoo
|move|p1a: Koffing|Toxic Spikes|p2: Mienfoo
|-sidestart|p2: SebsGilmour|move: Toxic Spikes
|
|upkeep
|choice||switch 3
|
|switch|p2a: Litleo|Litleo, L5, M|23\/23
|-ability|p2a: Litleo|Unnerve|p1: yayamama
|-damage|p2a: Litleo|18\/23|[from] Stealth Rock
|-status|p2a: Litleo|tox
|turn|12
|choice|move painsplit|move flamethrower
|
|move|p2a: Litleo|Flamethrower|p1a: Koffing
|-damage|p1a: Koffing|0 fnt
|faint|p1a: Koffing
|
|-heal|p2a: Litleo|19\/23 tox|[from] item: Leftovers
|-damage|p2a: Litleo|18\/23 tox|[from] psn
|upkeep
|choice|switch 6|
|
|switch|p1a: Phanpy|Phanpy, L5, F|18\/28
|turn|13
|choice|move earthquake|move hypervoice
|
|move|p2a: Litleo|Hyper Voice|p1a: Phanpy
|-damage|p1a: Phanpy|2\/28
|-enditem|p1a: Phanpy|Berry Juice
|-heal|p1a: Phanpy|22\/28|[from] item: Berry Juice
|move|p1a: Phanpy|Earthquake|p2a: Litleo
|-supereffective|p2a: Litleo
|-damage|p2a: Litleo|0 fnt
|faint|p2a: Litleo
|
|upkeep
|choice||switch 2
|
|switch|p2a: Omanyte|Omanyte, L5, F|23\/23
|-damage|p2a: Omanyte|21\/23|[from] Stealth Rock
|-status|p2a: Omanyte|tox
|turn|14
|choice|move earthquake|move scald
|
|move|p2a: Omanyte|Scald|p1a: Phanpy
|-supereffective|p1a: Phanpy
|-damage|p1a: Phanpy|0 fnt
|faint|p1a: Phanpy
|
|-damage|p2a: Omanyte|20\/23 tox|[from] psn
|upkeep
|choice|switch 3|
|
|switch|p1a: Porygon|Porygon, L5|26\/26
|-ability|p1a: Porygon|Weak Armor|[from] ability: Trace|[of] p2a: Omanyte
|turn|15
|choice|move triattack|move scald
|
|move|p2a: Omanyte|Scald|p1a: Porygon
|-crit|p1a: Porygon
|-damage|p1a: Porygon|14\/26
|move|p1a: Porygon|Tri Attack|p2a: Omanyte
|-resisted|p2a: Omanyte
|-crit|p2a: Omanyte
|-damage|p2a: Omanyte|10\/23 tox
|
|-damage|p2a: Omanyte|8\/23 tox|[from] psn
|upkeep
|turn|16
|choice|move recover|move scald
|
|move|p2a: Omanyte|Scald|p1a: Porygon
|-damage|p1a: Porygon|7\/26
|move|p1a: Porygon|Recover|p1a: Porygon
|-heal|p1a: Porygon|20\/26
|
|-damage|p2a: Omanyte|5\/23 tox|[from] psn
|upkeep
|turn|17
|choice|move recover|move scald
|
|move|p2a: Omanyte|Scald|p1a: Porygon
|-damage|p1a: Porygon|13\/26
|move|p1a: Porygon|Recover|p1a: Porygon
|-heal|p1a: Porygon|26\/26
|
|-damage|p2a: Omanyte|1\/23 tox|[from] psn
|upkeep
|turn|18
|choice|move recover|move scald
|
|move|p2a: Omanyte|Scald|p1a: Porygon
|-damage|p1a: Porygon|19\/26
|move|p1a: Porygon|Recover|p1a: Porygon
|-heal|p1a: Porygon|26\/26
|
|-damage|p2a: Omanyte|0 fnt|[from] psn
|upkeep
|faint|p2a: Omanyte
|choice||switch 5
|
|switch|p2a: Lileep|Lileep, L5, F|23\/23
|-status|p2a: Lileep|tox
|-damage|p2a: Lileep|21\/23 tox|[from] Stealth Rock
|turn|19
|choice|move shadowball|move toxic
|
|move|p1a: Porygon|Shadow Ball|p2a: Lileep
|-damage|p2a: Lileep|15\/23 tox
|move|p2a: Lileep|Toxic|p1a: Porygon
|-status|p1a: Porygon|tox
|
|-heal|p2a: Lileep|16\/23 tox|[from] item: Leftovers
|-damage|p1a: Porygon|25\/26 tox|[from] psn
|-damage|p2a: Lileep|15\/23 tox|[from] psn
|upkeep
|turn|20
|choice|move triattack|move rest
|
|move|p1a: Porygon|Tri Attack|p2a: Lileep
|-resisted|p2a: Lileep
|-damage|p2a: Lileep|11\/23 tox
|move|p2a: Lileep|Rest|p2a: Lileep
|-status|p2a: Lileep|slp
|-heal|p2a: Lileep|23\/23 slp|[silent]
|-status|p2a: Lileep|slp|[from] move: Rest
|
|-damage|p1a: Porygon|23\/26 tox|[from] psn
|upkeep
|turn|21
|choice|switch 2|move rocktomb
|
|switch|p1a: Mankey|Mankey, L5, M|21\/21
|cant|p2a: Lileep|slp
|
|upkeep
|turn|22
|choice|move closecombat|move toxic
|
|move|p1a: Mankey|Close Combat|p2a: Lileep
|-supereffective|p2a: Lileep
|-crit|p2a: Lileep
|-damage|p2a: Lileep|0 fnt
|-unboost|p1a: Mankey|def|1
|-unboost|p1a: Mankey|spd|1
|faint|p2a: Lileep
|
|upkeep
|choice||switch 6
|
|switch|p2a: Aipom|Aipom, L5, F|23\/23
|-status|p2a: Aipom|tox
|-damage|p2a: Aipom|21\/23 tox|[from] Stealth Rock
|turn|23
|c|★yayamama|gg
|choice|move closecombat|move fakeout
|
|move|p2a: Aipom|Fake Out|p1a: Mankey
|-damage|p1a: Mankey|2\/21
|-damage|p2a: Aipom|19\/23 tox|[from] item: Life Orb
|cant|p1a: Mankey|flinch
|
|-damage|p2a: Aipom|18\/23 tox|[from] psn
|upkeep
|turn|24
|choice|move closecombat|move facade
|
|move|p1a: Mankey|Close Combat|p2a: Aipom
|-supereffective|p2a: Aipom
|-damage|p2a: Aipom|0 fnt
|-unboost|p1a: Mankey|def|1
|-unboost|p1a: Mankey|spd|1
|faint|p2a: Aipom
|
|win|yayamama
|player|p1
|player|p2
|c|★SebsGilmour|so close
|l|SebsGilmour</script>
</div>
<div class="battle-log battle-log-inline"><div class="inner"><div class="battle-options"></div><div class="inner"><div class="chat"><small>yayamama joined.</small></div><div class="chat"><small>SebsGilmour joined.</small></div><div class=""><small>Format:</small> <br><strong>LC</strong></div><div class="rated"><strong>Rated battle</strong></div><div class=""><small><em>Sleep Clause Mod:</em> Limit one foe put to sleep</small></div><div class=""><small><em>Species Clause:</em> Limit one of each Pokémon</small></div><div class=""><small><em>OHKO Clause:</em> OHKO moves are banned</small></div><div class=""><small><em>Moody Clause:</em> Moody is banned</small></div><div class=""><small><em>Evasion Moves Clause:</em> Evasion moves are banned</small></div><div class=""><small><em>Endless Battle Clause:</em> Forcing endless battles is banned</small></div><div class=""><small><em>HP Percentage Mod:</em> HP is shown in percentages</small></div><div class="chat battle-history"><strong>yayamama's team:</strong> <em style="color:#445566;display:block;">Koffing / Mankey / Porygon / Phanpy / Natu / Honedge</em></div><div class="chat battle-history"><strong>SebsGilmour's team:</strong> <em style="color:#445566;display:block;">Snivy / Omanyte / Litleo / Mienfoo / Lileep / Aipom</em></div><div class="spacer battle-history"><br></div><div class="battle-history">Battle started between yayamama and SebsGilmour!<br></div><div class="spacer battle-history"><br></div><div class="battle-history">Go! <strong>Phanpy</strong>!<br></div><div class="spacer battle-history"><br></div><div class="battle-history">SebsGilmour sent out <strong>Mienfoo</strong>!<br></div><div class="spacer battle-history"><br></div><h2 class="battle-history">Turn 1</h2><div class="spacer battle-history"><br></div><div class="battle-history">The opposing Mienfoo used <strong>U-turn</strong>!<br></div><div class="battle-history"><small>(Phanpy lost <abbr title="−10/28">35.7%</abbr> of its health!)</small><br></div><div class="battle-history"><small>The opposing Mienfoo lost some of its HP!</small><br></div><div class="spacer battle-history"><br></div><div class="battle-history">The opposing Mienfoo went back to SebsGilmour!<br></div><div class="battle-history">SebsGilmour sent out <strong>Snivy</strong>!<br></div><div class="spacer battle-history"><br></div><div class="battle-history">Phanpy used <strong>Stealth Rock</strong>!<br></div><div class="battle-history"><small>Pointed stones float in the air around the opposing team!</small><br></div><div class="spacer battle-history"><br></div><h2 class="battle-history">Turn 2</h2><div class="spacer battle-history"><br></div><div class="battle-history">Phanpy, come back!<br></div><div class="battle-history">Go! <strong>Natu</strong>!<br></div><div class="spacer battle-history"><br></div><div class="battle-history">The opposing Snivy used <strong>Leaf Storm</strong>!<br></div><div class="battle-history"><small>It's not very effective...</small><br></div><div class="battle-history"><small>(Natu lost <abbr title="−11/21">52.4%</abbr> of its health!)</small><br></div><div class="battle-history"><small>The opposing Snivy's Special Attack rose sharply!</small><br></div><div class="spacer battle-history"><br></div><h2 class="battle-history">Turn 3</h2><div class="spacer battle-history"><br></div><div class="battle-history">Natu used <strong>Heat Wave</strong>!<br></div><div class="battle-history"><small>It's super effective!</small><br></div><div class="battle-history"><small>(The opposing Snivy lost <abbr title="−22/24">91.7%</abbr> of its health!)</small><br></div><div class="spacer battle-history"><br></div><div class="battle-history">The opposing Snivy used <strong>Leaf Storm</strong>!<br></div><div class="battle-history"><small>It's not very effective...</small><br></div><div class="battle-history"><small>(Natu lost <abbr title="−10/21">47.6%</abbr> of its health!)</small><br></div><div class="battle-history"><small>The opposing Snivy's Special Attack rose sharply!</small><br></div><div class="spacer battle-history"><br></div><div class="battle-history">Natu fainted!<br></div><div class="spacer battle-history"><br></div><div class="battle-history"><small>The opposing Snivy restored a little HP using its Leftovers!</small><br></div><div class="spacer battle-history"><br></div><div class="battle-history">Go! <strong>Phanpy</strong>!<br></div><div class="spacer battle-history"><br></div><h2 class="battle-history">Turn 4</h2><div class="spacer battle-history"><br></div><div class="battle-history">Phanpy used <strong>Ice Shard</strong>!<br></div><div class="battle-history"><small>It's super effective!</small><br></div><div class="battle-history"><small>(The opposing Snivy lost <abbr title="−3/24">12.5%</abbr> of its health!)</small><br></div><div class="spacer battle-history"><br></div><div class="battle-history">The opposing Snivy fainted!<br></div><div class="spacer battle-history"><br></div><div class="battle-history">SebsGilmour sent out <strong>Mienfoo</strong>!<br></div><div class="battle-history"><small>Pointed stones dug into the opposing Mienfoo!</small><br></div><div class="spacer battle-history"><br></div><h2 class="battle-history">Turn 5</h2><div class="spacer battle-history"><br></div><div class="battle-history">Phanpy, come back!<br></div><div class="battle-history">Go! <strong>Honedge</strong>!<br></div><div class="spacer battle-history"><br></div><div class="battle-history">The opposing Mienfoo used <strong>Bulk Up</strong>!<br></div><div class="battle-history"><small>The opposing Mienfoo's Attack rose!</small><br></div><div class="battle-history"><small>The opposing Mienfoo's Defense rose!</small><br></div><div class="spacer battle-history"><br></div><h2 class="battle-history">Turn 6</h2><div class="spacer battle-history"><br></div><div class="battle-history">The opposing Mienfoo used <strong>Knock Off</strong>!<br></div><div class="battle-history"><small>It's super effective!</small><br></div><div class="battle-history"><small>A critical hit!</small><br></div><div class="battle-history"><small>(Honedge lost <abbr title="−24/24">100%</abbr> of its health!)</small><br></div><div class="battle-history"><small>The opposing Mienfoo knocked off Honedge's Eviolite!</small><br></div><div class="battle-history"><small>The opposing Mienfoo lost some of its HP!</small><br></div><div class="spacer battle-history"><br></div><div class="battle-history">Honedge fainted!<br></div><div class="spacer battle-history"><br></div><div class="battle-history">Go! <strong>Koffing</strong>!<br></div><div class="spacer battle-history"><br></div><h2 class="battle-history">Turn 7</h2><div class="spacer battle-history"><br></div><div class="battle-history">The opposing Mienfoo used <strong>Knock Off</strong>!<br></div><div class="battle-history"><small>(Koffing lost <abbr title="−9/23">39.1%</abbr> of its health!)</small><br></div><div class="battle-history"><small>The opposing Mienfoo knocked off Koffing's Eviolite!</small><br></div><div class="battle-history"><small>The opposing Mienfoo lost some of its HP!</small><br></div><div class="spacer battle-history"><br></div><div class="battle-history">Koffing used <strong>Will-O-Wisp</strong>!<br></div><div class="battle-history"><small>The opposing Mienfoo was burned!</small><br></div><div class="spacer battle-history"><br></div><div class="battle-history"><small>The opposing Mienfoo was hurt by its burn!</small><br></div><div class="spacer battle-history"><br></div><h2 class="battle-history">Turn 8</h2><div class="spacer battle-history"><br></div><div class="battle-history">The opposing Mienfoo used <strong>Drain Punch</strong>!<br></div><div class="battle-history"><small>It's not very effective...</small><br></div><div class="battle-history"><small>A critical hit!</small><br></div><div class="battle-history"><small>(Koffing lost <abbr title="−6/23">26.1%</abbr> of its health!)</small><br></div><div class="battle-history"><small>Koffing had its energy drained!</small><br></div><div class="battle-history"><small>The opposing Mienfoo lost some of its HP!</small><br></div><div class="spacer battle-history"><br></div><div class="battle-history">Koffing used <strong>Clear Smog</strong>!<br></div><div class="battle-history"><small>(The opposing Mienfoo lost <abbr title="−7/21">33.3%</abbr> of its health!)</small><br></div><div class="battle-history"><small>The opposing Mienfoo's stat changes were removed!</small><br></div><div class="spacer battle-history"><br></div><div class="battle-history"><small>The opposing Mienfoo was hurt by its burn!</small><br></div><div class="spacer battle-history"><br></div><h2 class="battle-history">Turn 9</h2><div class="spacer battle-history"><br></div><div class="battle-history">The opposing Mienfoo used <strong>Drain Punch</strong>!<br></div><div class="battle-history"><small>It's not very effective...</small><br></div><div class="battle-history"><small>(Koffing lost <abbr title="−3/23">13.0%</abbr> of its health!)</small><br></div><div class="battle-history"><small>Koffing had its energy drained!</small><br></div><div class="battle-history"><small>The opposing Mienfoo lost some of its HP!</small><br></div><div class="spacer battle-history"><br></div><div class="battle-history">Koffing used <strong>Pain Split</strong>!<br></div><div class="battle-history"><small>The battlers shared their pain!</small><br></div><div class="spacer battle-history"><br></div><div class="battle-history"><small>The opposing Mienfoo was hurt by its burn!</small><br></div><div class="spacer battle-history"><br></div><h2 class="battle-history">Turn 10</h2><div class="spacer battle-history"><br></div><div class="battle-history">The opposing Mienfoo used <strong>Drain Punch</strong>!<br></div><div class="battle-history"><small>It's not very effective...</small><br></div><div class="battle-history"><small>(Koffing lost <abbr title="−3/23">13.0%</abbr> of its health!)</small><br></div><div class="battle-history"><small>Koffing had its energy drained!</small><br></div><div class="battle-history"><small>The opposing Mienfoo lost some of its HP!</small><br></div><div class="spacer battle-history"><br></div><div class="battle-history">Koffing used <strong>Toxic Spikes</strong>!<br></div><div class="battle-history"><small>Poison spikes were scattered on the ground all around the opposing team!</small><br></div><div class="spacer battle-history"><br></div><div class="battle-history"><small>The opposing Mienfoo was hurt by its burn!</small><br></div><div class="spacer battle-history"><br></div><h2 class="battle-history">Turn 11</h2><div class="spacer battle-history"><br></div><div class="battle-history">The opposing Mienfoo used <strong>Drain Punch</strong>!<br></div><div class="battle-history"><small>It's not very effective...</small><br></div><div class="battle-history"><small>(Koffing lost <abbr title="−1/23">4.3%</abbr> of its health!)</small><br></div><div class="battle-history"><small>Koffing had its energy drained!</small><br></div><div class="battle-history"><small>The opposing Mienfoo lost some of its HP!</small><br></div><div class="spacer battle-history"><br></div><div class="battle-history">The opposing Mienfoo fainted!<br></div><div class="battle-history">Koffing used <strong>Toxic Spikes</strong>!<br></div><div class="battle-history"><small>Poison spikes were scattered on the ground all around the opposing team!</small><br></div><div class="spacer battle-history"><br></div><div class="battle-history">SebsGilmour sent out <strong>Litleo</strong>!<br></div><div class="battle-history"><small>[The opposing Litleo's Unnerve]</small><br><small>Your team is too nervous to eat Berries!</small><br></div><div class="battle-history"><small>Pointed stones dug into the opposing Litleo!</small><br></div><div class="battle-history"><small>The opposing Litleo was badly poisoned!</small><br></div><div class="spacer battle-history"><br></div><h2 class="battle-history">Turn 12</h2><div class="spacer battle-history"><br></div><div class="battle-history">The opposing Litleo used <strong>Flamethrower</strong>!<br></div><div class="battle-history"><small>(Koffing lost <abbr title="−1/23">4.3%</abbr> of its health!)</small><br></div><div class="spacer battle-history"><br></div><div class="battle-history">Koffing fainted!<br></div><div class="spacer battle-history"><br></div><div class="battle-history"><small>The opposing Litleo restored a little HP using its Leftovers!</small><br></div><div class="battle-history"><small>The opposing Litleo was hurt by poison!</small><br></div><div class="spacer battle-history"><br></div><div class="battle-history">Go! <strong>Phanpy</strong>!<br></div><div class="spacer battle-history"><br></div><h2 class="battle-history">Turn 13</h2><div class="spacer battle-history"><br></div><div class="battle-history">The opposing Litleo used <strong>Hyper Voice</strong>!<br></div><div class="battle-history"><small>(Phanpy lost <abbr title="−16/28">57.1%</abbr> of its health!)</small><br></div><div class="battle-history"><small>(Phanpy used its Berry Juice!)</small><br></div><div class="battle-history"><small>Phanpy restored HP using its Berry Juice!</small><br></div><div class="spacer battle-history"><br></div><div class="battle-history">Phanpy used <strong>Earthquake</strong>!<br></div><div class="battle-history"><small>It's super effective!</small><br></div><div class="battle-history"><small>(The opposing Litleo lost <abbr title="−18/23">78.3%</abbr> of its health!)</small><br></div><div class="spacer battle-history"><br></div><div class="battle-history">The opposing Litleo fainted!<br></div><div class="spacer battle-history"><br></div><div class="battle-history">SebsGilmour sent out <strong>Omanyte</strong>!<br></div><div class="battle-history"><small>Pointed stones dug into the opposing Omanyte!</small><br></div><div class="battle-history"><small>The opposing Omanyte was badly poisoned!</small><br></div><div class="spacer battle-history"><br></div><h2 class="battle-history">Turn 14</h2><div class="spacer battle-history"><br></div><div class="battle-history">The opposing Omanyte used <strong>Scald</strong>!<br></div><div class="battle-history"><small>It's super effective!</small><br></div><div class="battle-history"><small>(Phanpy lost <abbr title="−22/28">78.6%</abbr> of its health!)</small><br></div><div class="spacer battle-history"><br></div><div class="battle-history">Phanpy fainted!<br></div><div class="spacer battle-history"><br></div><div class="battle-history"><small>The opposing Omanyte was hurt by poison!</small><br></div><div class="spacer battle-history"><br></div><div class="battle-history">Go! <strong>Porygon</strong>!<br></div><div class="battle-history"><small>[Porygon's Trace]</small><br><small>[Porygon's Weak Armor]</small><br><small>Porygon traced the opposing Omanyte's Weak Armor!</small><br></div><div class="spacer battle-history"><br></div><h2 class="battle-history">Turn 15</h2><div class="spacer battle-history"><br></div><div class="battle-history">The opposing Omanyte used <strong>Scald</strong>!<br></div><div class="battle-history"><small>A critical hit!</small><br></div><div class="battle-history"><small>(Porygon lost <abbr title="−12/26">46.2%</abbr> of its health!)</small><br></div><div class="spacer battle-history"><br></div><div class="battle-history">Porygon used <strong>Tri Attack</strong>!<br></div><div class="battle-history"><small>It's not very effective...</small><br></div><div class="battle-history"><small>A critical hit!</small><br></div><div class="battle-history"><small>(The opposing Omanyte lost <abbr title="−10/23">43.5%</abbr> of its health!)</small><br></div><div class="spacer battle-history"><br></div><div class="battle-history"><small>The opposing Omanyte was hurt by poison!</small><br></div><div class="spacer battle-history"><br></div><h2 class="battle-history">Turn 16</h2><div class="spacer battle-history"><br></div><div class="battle-history">The opposing Omanyte used <strong>Scald</strong>!<br></div><div class="battle-history"><small>(Porygon lost <abbr title="−7/26">26.9%</abbr> of its health!)</small><br></div><div class="spacer battle-history"><br></div><div class="battle-history">Porygon used <strong>Recover</strong>!<br></div><div class="battle-history"><small>Porygon restored its HP.</small><br></div><div class="spacer battle-history"><br></div><div class="battle-history"><small>The opposing Omanyte was hurt by poison!</small><br></div><div class="spacer battle-history"><br></div><h2 class="battle-history">Turn 17</h2><div class="spacer battle-history"><br></div><div class="battle-history">The opposing Omanyte used <strong>Scald</strong>!<br></div><div class="battle-history"><small>(Porygon lost <abbr title="−7/26">26.9%</abbr> of its health!)</small><br></div><div class="spacer battle-history"><br></div><div class="battle-history">Porygon used <strong>Recover</strong>!<br></div><div class="battle-history"><small>Porygon restored its HP.</small><br></div><div class="spacer battle-history"><br></div><div class="battle-history"><small>The opposing Omanyte was hurt by poison!</small><br></div><div class="spacer battle-history"><br></div><h2 class="battle-history">Turn 18</h2><div class="spacer battle-history"><br></div><div class="battle-history">The opposing Omanyte used <strong>Scald</strong>!<br></div><div class="battle-history"><small>(Porygon lost <abbr title="−7/26">26.9%</abbr> of its health!)</small><br></div><div class="spacer battle-history"><br></div><div class="battle-history">Porygon used <strong>Recover</strong>!<br></div><div class="battle-history"><small>Porygon restored its HP.</small><br></div><div class="spacer battle-history"><br></div><div class="battle-history"><small>The opposing Omanyte was hurt by poison!</small><br></div><div class="spacer battle-history"><br></div><div class="battle-history">The opposing Omanyte fainted!<br></div><div class="spacer battle-history"><br></div><div class="battle-history">SebsGilmour sent out <strong>Lileep</strong>!<br></div><div class="battle-history"><small>The opposing Lileep was badly poisoned!</small><br></div><div class="battle-history"><small>Pointed stones dug into the opposing Lileep!</small><br></div><div class="spacer battle-history"><br></div><h2 class="battle-history">Turn 19</h2><div class="spacer battle-history"><br></div><div class="battle-history">Porygon used <strong>Shadow Ball</strong>!<br></div><div class="battle-history"><small>(The opposing Lileep lost <abbr title="−6/23">26.1%</abbr> of its health!)</small><br></div><div class="spacer battle-history"><br></div><div class="battle-history">The opposing Lileep used <strong>Toxic</strong>!<br></div><div class="battle-history"><small>Porygon was badly poisoned!</small><br></div><div class="spacer battle-history"><br></div><div class="battle-history"><small>The opposing Lileep restored a little HP using its Leftovers!</small><br></div><div class="battle-history"><small>Porygon was hurt by poison!</small><br></div><div class="battle-history"><small>The opposing Lileep was hurt by poison!</small><br></div><div class="spacer battle-history"><br></div><h2 class="battle-history">Turn 20</h2><div class="spacer battle-history"><br></div><div class="battle-history">Porygon used <strong>Tri Attack</strong>!<br></div><div class="battle-history"><small>It's not very effective...</small><br></div><div class="battle-history"><small>(The opposing Lileep lost <abbr title="−4/23">17.4%</abbr> of its health!)</small><br></div><div class="spacer battle-history"><br></div><div class="battle-history">The opposing Lileep used <strong>Rest</strong>!<br></div><div class="battle-history"><small>The opposing Lileep fell asleep!</small><br></div><div class="battle-history"><small>The opposing Lileep slept and became healthy!</small><br></div><div class="spacer battle-history"><br></div><div class="battle-history"><small>Porygon was hurt by poison!</small><br></div><div class="spacer battle-history"><br></div><h2 class="battle-history">Turn 21</h2><div class="spacer battle-history"><br></div><div class="battle-history">Porygon, come back!<br></div><div class="battle-history">Go! <strong>Mankey</strong>!<br></div><div class="spacer battle-history"><br></div><div class="battle-history">The opposing Lileep is fast asleep.<br></div><div class="spacer battle-history"><br></div><h2 class="battle-history">Turn 22</h2><div class="spacer battle-history"><br></div><div class="battle-history">Mankey used <strong>Close Combat</strong>!<br></div><div class="battle-history"><small>It's super effective!</small><br></div><div class="battle-history"><small>A critical hit!</small><br></div><div class="battle-history"><small>(The opposing Lileep lost <abbr title="−23/23">100%</abbr> of its health!)</small><br></div><div class="battle-history"><small>Mankey's Defense fell!</small><br></div><div class="battle-history"><small>Mankey's Special Defense fell!</small><br></div><div class="spacer battle-history"><br></div><div class="battle-history">The opposing Lileep fainted!<br></div><div class="spacer battle-history"><br></div><div class="battle-history">SebsGilmour sent out <strong>Aipom</strong>!<br></div><div class="battle-history"><small>The opposing Aipom was badly poisoned!</small><br></div><div class="battle-history"><small>Pointed stones dug into the opposing Aipom!</small><br></div><div class="spacer battle-history"><br></div><h2 class="battle-history">Turn 23</h2><div class="chat chatmessage-yayamama"><strong style="color:hsl(346,88%,48%)"><small>★</small><span class="username" data-name="yayamama">yayamama</span>:</strong> <em>gg</em></div><div class="spacer battle-history"><br></div><div class="battle-history">The opposing Aipom used <strong>Fake Out</strong>!<br></div><div class="battle-history"><small>(Mankey lost <abbr title="−19/21">90.5%</abbr> of its health!)</small><br></div><div class="battle-history"><small>The opposing Aipom lost some of its HP!</small><br></div><div class="spacer battle-history"><br></div><div class="battle-history">Mankey flinched and couldn't move!<br></div><div class="spacer battle-history"><br></div><div class="battle-history"><small>The opposing Aipom was hurt by poison!</small><br></div><div class="spacer battle-history"><br></div><h2 class="battle-history">Turn 24</h2><div class="spacer battle-history"><br></div><div class="battle-history">Mankey used <strong>Close Combat</strong>!<br></div><div class="battle-history"><small>It's super effective!</small><br></div><div class="battle-history"><small>(The opposing Aipom lost <abbr title="−18/23">78.3%</abbr> of its health!)</small><br></div><div class="battle-history"><small>Mankey's Defense fell!</small><br></div><div class="battle-history"><small>Mankey's Special Defense fell!</small><br></div><div class="spacer battle-history"><br></div><div class="battle-history">The opposing Aipom fainted!<br></div><div class="spacer battle-history"><br></div><div class="battle-history"><strong>yayamama</strong> won the battle!<br></div><div class="chat chatmessage-sebsgilmour"><strong style="color:hsl(304,42%,50.0231901346652%)"><small>★</small><span class="username" data-name="SebsGilmour">SebsGilmour</span>:</strong> <em>so close</em></div><div class="chat"><small>SebsGilmour left.</small></div></div><div class="inner-preempt"></div></div></div>
</div>
<script>
let daily = Math.floor(Date.now()/1000/60/60/24);document.write('<script src="https://play.pokemonshowdown.com/js/replay-embed.js?version'+daily+'"></'+'script>');
</script>
