<!DOCTYPE html>
<meta charset="utf-8" />
<!-- version 1 -->
<title>LC replay: Joltage vs. sam-testings红梨</title>
<style>
html,body {font-family:Verdana, sans-serif;font-size:10pt;margin:0;padding:0;}body{padding:12px 0;} .battle-log {font-family:Verdana, sans-serif;font-size:10pt;} .battle-log-inline {border:1px solid #AAAAAA;background:#EEF2F5;color:black;max-width:640px;margin:0 auto 80px;padding-bottom:5px;} .battle-log .inner {padding:4px 8px 0px 8px;} .battle-log .inner-preempt {padding:0 8px 4px 8px;} .battle-log .inner-after {margin-top:0.5em;} .battle-log h2 {margin:0.5em -8px;padding:4px 8px;border:1px solid #AAAAAA;background:#E0E7EA;border-left:0;border-right:0;font-family:Verdana, sans-serif;font-size:13pt;} .battle-log .chat {vertical-align:middle;padding:3px 0 3px 0;font-size:8pt;} .battle-log .chat strong {color:#40576A;} .battle-log .chat em {padding:1px 4px 1px 3px;color:#000000;font-style:normal;} .chat.mine {background:rgba(0,0,0,0.05);margin-left:-8px;margin-right:-8px;padding-left:8px;padding-right:8px;} .spoiler {color:#BBBBBB;background:#BBBBBB;padding:0px 3px;} .spoiler:hover, .spoiler:active, .spoiler-shown {color:#000000;background:#E2E2E2;padding:0px 3px;} .spoiler a {color:#BBBBBB;} .spoiler:hover a, .spoiler:active a, .spoiler-shown a {color:#2288CC;} .chat code, .chat .spoiler:hover code, .chat .spoiler:active code, .chat .spoiler-shown code {border:1px solid #C0C0C0;background:#EEEEEE;color:black;padding:0 2px;} .chat .spoiler code {border:1px solid #CCCCCC;background:#CCCCCC;color:#CCCCCC;} .battle-log .rated {padding:3px 4px;} .battle-log .rated strong {color:white;background:#89A;padding:1px 4px;border-radius:4px;} .spacer {margin-top:0.5em;} .message-announce {background:#6688AA;color:white;padding:1px 4px 2px;} .message-announce a, .broadcast-green a, .broadcast-blue a, .broadcast-red a {color:#DDEEFF;} .broadcast-green {background-color:#559955;color:white;padding:2px 4px;} .broadcast-blue {background-color:#6688AA;color:white;padding:2px 4px;} .infobox {border:1px solid #6688AA;padding:2px 4px;} .infobox-limited {max-height:200px;overflow:auto;overflow-x:hidden;} .broadcast-red {background-color:#AA5544;color:white;padding:2px 4px;} .message-learn-canlearn {font-weight:bold;color:#228822;text-decoration:underline;} .message-learn-cannotlearn {font-weight:bold;color:#CC2222;text-decoration:underline;} .message-effect-weak {font-weight:bold;color:#CC2222;} .message-effect-resist {font-weight:bold;color:#6688AA;} .message-effect-immune {font-weight:bold;color:#666666;} .message-learn-list {margin-top:0;margin-bottom:0;} .message-throttle-notice, .message-error {color:#992222;} .message-overflow, .chat small.message-overflow {font-size:0pt;} .message-overflow::before {font-size:9pt;content:'...';} .subtle {color:#3A4A66;}
</style>
<div class="wrapper replay-wrapper" style="max-width:1180px;margin:0 auto">
<input type="hidden" name="replayid" value="lc-591211932" />
<div class="battle"></div><div class="battle-log"></div><div class="replay-controls"></div><div class="replay-controls-2"></div>
<h1 style="font-weight:normal;text-align:center"><strong>LC</strong><br /><a href="http://pokemonshowdown.com/users/joltage" class="subtle" target="_blank">Joltage</a> vs. <a href="http://pokemonshowdown.com/users/samtestings" class="subtle" target="_blank">sam-testings红梨</a></h1>
<script type="text/plain" class="battle-log-data">|j|Joltage
|j|sam-testings红梨
|player|p1|Joltage|239
|teamsize|p1|6
|player|p2|sam-testings红梨|280
|teamsize|p2|6
|gametype|singles
|gen|6
|tier|LC
|seed|34651,62206,16297,58616
|clearpoke
|poke|p1|Croagunk, L5, F|item
|poke|p1|Pawniard, L5, M|item
|poke|p1|Cottonee, L5, F|item
|poke|p1|Onix, L5, F|item
|poke|p1|Vullaby, L5, F|item
|poke|p1|Staryu, L5|item
|poke|p2|Vullaby, L5, F|item
|poke|p2|Fletchling, L5, M|
|poke|p2|Pawniard, L5, M|item
|poke|p2|Mienfoo, L5, F|item
|poke|p2|Gastly, L5, F|item
|poke|p2|Chinchou, L5, F|item
|rule|Sleep Clause Mod: Limit one foe put to sleep
|rule|Species Clause: Limit one of each Pokémon
|rule|OHKO Clause: OHKO moves are banned
|rule|Moody Clause: Moody is banned
|rule|Evasion Moves Clause: Evasion moves are banned
|rule|Endless Battle Clause: Forcing endless battles is banned
|rule|HP Percentage Mod: HP is shown in percentages
|teampreview
|c|☆sam-testings红梨|glhf
|c|☆Joltage|you too
|choice|team 3, team 2, team 1, team 4, team 5, team 6|team 4, team 2, team 3, team 1, team 5, team 6
|
|start
|switch|p1a: Cottonee|Cottonee, L5, F|23\/23
|switch|p2a: Mienfoo|Mienfoo, L5, F|21\/21
|turn|1
|choice|move knockoff|move uturn
|
|move|p2a: Mienfoo|U-turn|p1a: Cottonee
|-damage|p1a: Cottonee|18\/23
|choice||switch 3
|
|switch|p2a: Pawniard|Pawniard, L5, M|21\/21
|move|p1a: Cottonee|Knock Off|p2a: Pawniard
|-resisted|p2a: Pawniard
|-crit|p2a: Pawniard
|-damage|p2a: Pawniard|18\/21
|-enditem|p2a: Pawniard|Eviolite|[from] move: Knock Off|[of] p1a: Cottonee
|
|upkeep
|turn|2
|j|Finchinator
|j|Drew
|c| Finchinator|I'm gay
|l|Finchinator
|j|ItzViper482
|c| ItzViper482|gooo Joltage
|j|F i l l e
|j|Shlubbz
|j|Gummysaurus
|c|☆sam-testings红梨|does this week matter for u guys joltage
|c| ItzViper482|n'
|c| Gummysaurus|joltage joltage he's our man if he cant do it no one can
|c| ItzViper482|it matters on what seed we get tho
|c|☆sam-testings红梨|ah
|c|☆sam-testings红梨|whats the series record btw
|c|☆sam-testings红梨|or are ew first
|c| ItzViper482|u are 1 up
|c| Gummysaurus|0-1?
|choice|switch 3|move stealthrock
|
|switch|p1a: Croagunk|Croagunk, L5, F|22\/22
|move|p2a: Pawniard|Stealth Rock|p1a: Croagunk
|-sidestart|p1: Joltage|move: Stealth Rock
|
|upkeep
|turn|3
|c| ItzViper482|cause ya lucked kuru lord
|c| ItzViper482|(jk not salty lol)
|c| Shlubbz|Sam's avatar is thicc
|c|☆sam-testings红梨|kk
|choice|move focusblast|switch 2
|
|switch|p2a: Fletchling|Fletchling, L5, M|22\/22
|move|p1a: Croagunk|Focus Blast|p2a: Fletchling
|-damage|p2a: Fletchling|0 fnt
|faint|p2a: Fletchling
|
|upkeep
|c| Gummysaurus|jesus
|c| ItzViper482|gone
|c|☆sam-testings红梨|by
|c| Shlubbz|woah
|choice||switch 4
|
|switch|p2a: Vullaby|Vullaby, L5, F|25\/25
|turn|4
|choice|switch 4|move heatwave
|
|switch|p1a: Onix|Onix, L5, F|21\/21
|-damage|p1a: Onix|20\/21|[from] Stealth Rock
|move|p2a: Vullaby|Heat Wave|p1a: Onix|[miss]
|-miss|p2a: Vullaby|p1a: Onix
|
|upkeep
|turn|5
|c| Gummysaurus|did innovation exist in oras every single lcpl oras game i see is like sm but without wacky zmove lures
|c|☆Joltage|haha
|choice|move stealthrock|switch 3
|
|switch|p2a: Mienfoo|Mienfoo, L5, F|21\/21
|move|p1a: Onix|Stealth Rock|p2a: Mienfoo
|-sidestart|p2: sam-testings红梨|move: Stealth Rock
|
|upkeep
|turn|6
|choice|switch 5|move knockoff
|
|switch|p1a: Vullaby|Vullaby, L5, F|25\/25
|-damage|p1a: Vullaby|19\/25|[from] Stealth Rock
|move|p2a: Mienfoo|Knock Off|p1a: Vullaby
|-resisted|p1a: Vullaby
|-damage|p1a: Vullaby|16\/25
|-ability|p1a: Vullaby|Weak Armor|boost
|-unboost|p1a: Vullaby|def|1
|-boost|p1a: Vullaby|spe|1
|-enditem|p1a: Vullaby|Eviolite|[from] move: Knock Off|[of] p2a: Mienfoo
|
|upkeep
|turn|7
|c| Gummysaurus|actually i guess special gunk was an innovation back then
|c|☆sam-testings红梨|wait fuck
|choice|move airslash|move uturn
|
|move|p1a: Vullaby|Air Slash|p2a: Mienfoo
|-supereffective|p2a: Mienfoo
|-damage|p2a: Mienfoo|3\/21
|cant|p2a: Mienfoo|flinch
|
|upkeep
|turn|8
|c|☆sam-testings红梨|special gunk was not an onnovation
|c|☆sam-testings红梨|lul
|choice|move darkpulse|switch 6
|
|switch|p2a: Chinchou|Chinchou, L5, F|25\/25
|-damage|p2a: Chinchou|22\/25|[from] Stealth Rock
|move|p1a: Vullaby|Dark Pulse|p2a: Chinchou
|-damage|p2a: Chinchou|10\/25
|-enditem|p2a: Chinchou|Berry Juice
|-heal|p2a: Chinchou|25\/25|[from] item: Berry Juice
|
|upkeep
|turn|9
|c|☆Joltage|nor am i special gunk
|c|☆sam-testings红梨|yeah
|c|☆sam-testings红梨|thats mixed damage
|c|☆sam-testings红梨|:^)
|choice|switch 3|move icebeam
|
|switch|p1a: Cottonee|Cottonee, L5, F|18\/23
|-damage|p1a: Cottonee|16\/23|[from] Stealth Rock
|move|p2a: Chinchou|Ice Beam|p1a: Cottonee
|-supereffective|p1a: Cottonee
|-damage|p1a: Cottonee|4\/23
|-status|p1a: Cottonee|frz
|
|upkeep
|turn|10
|c| Gummysaurus|:weary:
|c|☆sam-testings红梨|rip
|c|☆Joltage|not a big deal
|choice|move gigadrain|move scald
|
|cant|p1a: Cottonee|frz
|move|p2a: Chinchou|Scald|p1a: Cottonee
|-resisted|p1a: Cottonee
|-damage|p1a: Cottonee|1\/23 frz
|-curestatus|p1a: Cottonee|frz|[msg]
|-status|p1a: Cottonee|brn
|
|-damage|p1a: Cottonee|0 fnt|[from] brn
|upkeep
|faint|p1a: Cottonee
|c| Gummysaurus|this cottonee
|c| Gummysaurus|cannot catch a break
|choice|switch 4|
|
|switch|p1a: Croagunk|Croagunk, L5, F|22\/22
|-damage|p1a: Croagunk|21\/22|[from] Stealth Rock
|turn|11
|choice|move sludgebomb|move voltswitch
|
|move|p2a: Chinchou|Volt Switch|p1a: Croagunk
|-damage|p1a: Croagunk|11\/22
|choice||switch 5
|
|switch|p2a: Gastly|Gastly, L5, F|19\/19
|-damage|p2a: Gastly|17\/19|[from] Stealth Rock
|move|p1a: Croagunk|Sludge Bomb|p2a: Gastly
|-resisted|p2a: Gastly
|-crit|p2a: Gastly
|-damage|p2a: Gastly|11\/19
|
|upkeep
|turn|12
|c| ItzViper482|huh
|c| ItzViper482|lol
|c|☆sam-testings红梨|isn't special huh
|c|☆Joltage|nope
|c|☆sam-testings红梨|physical with special moves
|c|☆sam-testings红梨|ofc
|c|☆Joltage|yeah dude
|c|☆Joltage|standard stuff of course
|choice|switch 2|move shadowball
|
|switch|p1a: Pawniard|Pawniard, L5, M|21\/21
|-damage|p1a: Pawniard|20\/21|[from] Stealth Rock
|move|p2a: Gastly|Shadow Ball|p1a: Pawniard
|-resisted|p1a: Pawniard
|-crit|p1a: Pawniard
|-damage|p1a: Pawniard|10\/21
|-damage|p2a: Gastly|10\/19|[from] item: Life Orb
|
|upkeep
|turn|13
|choice|move pursuit|switch 6
|
|-activate|p2a: Gastly|move: Pursuit
|move|p1a: Pawniard|Pursuit|p2a: Gastly|[from]Pursuit
|-supereffective|p2a: Gastly
|-damage|p2a: Gastly|0 fnt
|faint|p2a: Gastly
|
|upkeep
|choice||switch 6
|
|switch|p2a: Mienfoo|Mienfoo, L5, F|10\/21
|-damage|p2a: Mienfoo|9\/21|[from] Stealth Rock
|turn|14
|c|☆Joltage|oh man i love that set
|choice|move suckerpunch|move drainpunch
|
|move|p1a: Pawniard|Sucker Punch|p2a: Mienfoo
|-resisted|p2a: Mienfoo
|-damage|p2a: Mienfoo|5\/21
|move|p2a: Mienfoo|Drain Punch|p1a: Pawniard
|-supereffective|p1a: Pawniard
|-damage|p1a: Pawniard|0 fnt
|-heal|p2a: Mienfoo|10\/21|[from] drain|[of] p1a: Pawniard
|faint|p1a: Pawniard
|
|upkeep
|choice|switch 6|
|
|switch|p1a: Staryu|Staryu, L5|19\/19
|-damage|p1a: Staryu|17\/19|[from] Stealth Rock
|turn|15
|choice|move scald|move uturn
|
|move|p1a: Staryu|Scald|p2a: Mienfoo
|-damage|p2a: Mienfoo|1\/21
|-status|p2a: Mienfoo|brn
|move|p2a: Mienfoo|U-turn|p1a: Staryu
|-damage|p1a: Staryu|15\/19
|choice||switch 5
|
|switch|p2a: Chinchou|Chinchou, L5, F|25\/25
|-damage|p2a: Chinchou|22\/25|[from] Stealth Rock
|
|upkeep
|turn|16
|choice|switch 5|move scald
|
|switch|p1a: Onix|Onix, L5, F|20\/21
|-damage|p1a: Onix|19\/21|[from] Stealth Rock
|move|p2a: Chinchou|Scald|p1a: Onix
|-supereffective|p1a: Onix
|-damage|p1a: Onix|0 fnt
|faint|p1a: Onix
|
|upkeep
|l|Angelz andd Yakuza
|c| ItzViper482|nooo
|j|Finchinator
|c|☆Joltage|damn
|c|☆sam-testings红梨|i want to end my lcpl positive
|c|☆sam-testings红梨|:^)
|c| Finchinator|I'm less gay now
|c| Finchinator|sad
|c|☆sam-testings红梨|conversion therapy finch?
|c| Gummysaurus|sam ending neutral isnt half bad
|l|Finchinator
|c|☆sam-testings红梨|no but ending positive looks good
|c|☆sam-testings红梨|and will stop people from being annoying
|c| Gummysaurus|sam
|c| Gummysaurus|having a positive record
|c| Gummysaurus|wont stop people from telling you to eat the sock.
|choice|switch 5|
|
|switch|p1a: Staryu|Staryu, L5|15\/19
|-damage|p1a: Staryu|13\/19|[from] Stealth Rock
|turn|17
|choice|move psychic|move voltswitch
|
|move|p1a: Staryu|Psychic|p2a: Chinchou
|-damage|p2a: Chinchou|12\/25
|move|p2a: Chinchou|Volt Switch|p1a: Staryu
|-supereffective|p1a: Staryu
|-damage|p1a: Staryu|0 fnt
|faint|p1a: Staryu
|choice||switch 5
|
|switch|p2a: Mienfoo|Mienfoo, L5, F|8\/21 brn
|-damage|p2a: Mienfoo|7\/21 brn|[from] Stealth Rock
|
|-damage|p2a: Mienfoo|5\/21 brn|[from] brn
|upkeep
|choice|switch 2|
|
|switch|p1a: Croagunk|Croagunk, L5, F|11\/22
|-damage|p1a: Croagunk|10\/22|[from] Stealth Rock
|turn|18
|choice|move vacuumwave|move knockoff
|
|move|p1a: Croagunk|Vacuum Wave|p2a: Mienfoo
|-damage|p2a: Mienfoo|0 fnt
|faint|p2a: Mienfoo
|
|upkeep
|choice||switch 3
|
|switch|p2a: Vullaby|Vullaby, L5, F|25\/25
|-damage|p2a: Vullaby|19\/25|[from] Stealth Rock
|turn|19
|choice|move focusblast|move airslash
|
|move|p2a: Vullaby|Air Slash|p1a: Croagunk
|-supereffective|p1a: Croagunk
|-damage|p1a: Croagunk|0 fnt
|faint|p1a: Croagunk
|
|upkeep
|choice|switch 3|
|
|switch|p1a: Vullaby|Vullaby, L5, F|16\/25
|-damage|p1a: Vullaby|10\/25|[from] Stealth Rock
|turn|20
|choice|move airslash|move airslash
|
|move|p2a: Vullaby|Air Slash|p1a: Vullaby
|-damage|p1a: Vullaby|1\/25
|move|p1a: Vullaby|Air Slash|p2a: Vullaby
|-damage|p2a: Vullaby|12\/25
|
|upkeep
|turn|21
|choice|move airslash|move airslash
|
|move|p1a: Vullaby|Air Slash|p2a: Vullaby
|-damage|p2a: Vullaby|5\/25
|move|p2a: Vullaby|Air Slash|p1a: Vullaby
|-crit|p1a: Vullaby
|-damage|p1a: Vullaby|0 fnt
|faint|p1a: Vullaby
|
|win|sam-testings红梨
|c|☆Joltage|gg
|c|☆sam-testings红梨|gg
|l|ItzViper482
|l|Gummysaurus
|c|☆sam-testings红梨|were we both np vull</script>
</div>
<div class="battle-log battle-log-inline"><div class="inner"><div class="battle-options"></div><div class="inner"><div class="chat"><small>Joltage joined.</small></div><div class="chat"><small>sam-testings红梨 joined.</small></div><div class=""><small>Format:</small> <br><strong>LC</strong></div><div class=""><small><em>Sleep Clause Mod:</em> Limit one foe put to sleep</small></div><div class=""><small><em>Species Clause:</em> Limit one of each Pokémon</small></div><div class=""><small><em>OHKO Clause:</em> OHKO moves are banned</small></div><div class=""><small><em>Moody Clause:</em> Moody is banned</small></div><div class=""><small><em>Evasion Moves Clause:</em> Evasion moves are banned</small></div><div class=""><small><em>Endless Battle Clause:</em> Forcing endless battles is banned</small></div><div class=""><small><em>HP Percentage Mod:</em> HP is shown in percentages</small></div><div class="chat battle-history"><strong>Joltage's team:</strong> <em style="color:#445566;display:block;">Croagunk / Pawniard / Cottonee / Onix / Vullaby / Staryu</em></div><div class="chat battle-history"><strong>sam-testings红梨's team:</strong> <em style="color:#445566;display:block;">Vullaby / Fletchling / Pawniard / Mienfoo / Gastly / Chinchou</em></div><div class="chat chatmessage-samtestings"><strong style="color:hsl(238,53%,66.86618285152721%)"><small>☆</small><span class="username" data-name="sam-testings红梨">sam-testings红梨</span>:</strong> <em>glhf</em></div><div class="chat chatmessage-joltage"><strong style="color:hsl(135,42%,44%)"><small>☆</small><span class="username" data-name="Joltage">Joltage</span>:</strong> <em>you too</em></div><div class="spacer battle-history"><br></div><div class="battle-history">Battle started between Joltage and sam-testings红梨!<br></div><div class="spacer battle-history"><br></div><div class="battle-history">Go! <strong>Cottonee</strong>!<br></div><div class="spacer battle-history"><br></div><div class="battle-history">sam-testings红梨 sent out <strong>Mienfoo</strong>!<br></div><div class="spacer battle-history"><br></div><h2 class="battle-history">Turn 1</h2><div class="spacer battle-history"><br></div><div class="battle-history">The opposing Mienfoo used <strong>U-turn</strong>!<br></div><div class="battle-history"><small>(Cottonee lost <abbr title="−5/23">21.7%</abbr> of its health!)</small><br></div><div class="spacer battle-history"><br></div><div class="battle-history">The opposing Mienfoo went back to sam-testings红梨!<br></div><div class="battle-history">sam-testings红梨 sent out <strong>Pawniard</strong>!<br></div><div class="spacer battle-history"><br></div><div class="battle-history">Cottonee used <strong>Knock Off</strong>!<br></div><div class="battle-history"><small>It's not very effective...</small><br></div><div class="battle-history"><small>A critical hit!</small><br></div><div class="battle-history"><small>(The opposing Pawniard lost <abbr title="−3/21">14.3%</abbr> of its health!)</small><br></div><div class="battle-history"><small>Cottonee knocked off the opposing Pawniard's Eviolite!</small><br></div><div class="spacer battle-history"><br></div><h2 class="battle-history">Turn 2</h2><div class="chat"><small>Finchinator joined.</small></div><div class="chat"><small>Drew joined.</small></div><div class="chat chatmessage-finchinator"><strong style="color:hsl(235,76%,58.96121738613333%)"><small> </small><span class="username" data-name="Finchinator">Finchinator</span>:</strong> <em>I'm gay</em></div><div class="chat"><small>Finchinator left.</small></div><div class="chat"><small>ItzViper482 joined.</small></div><div class="chat chatmessage-itzviper482"><strong style="color:hsl(213,55%,47.223109525696195%)"><small> </small><span class="username" data-name="ItzViper482">ItzViper482</span>:</strong> <em>gooo Joltage</em></div><div class="chat"><small>F i l l e joined.</small></div><div class="chat"><small>Shlubbz joined.</small></div><div class="chat"><small>Gummysaurus joined.</small></div><div class="chat chatmessage-samtestings"><strong style="color:hsl(238,53%,66.86618285152721%)"><small>☆</small><span class="username" data-name="sam-testings红梨">sam-testings红梨</span>:</strong> <em>does this week matter for u guys joltage</em></div><div class="chat chatmessage-itzviper482"><strong style="color:hsl(213,55%,47.223109525696195%)"><small> </small><span class="username" data-name="ItzViper482">ItzViper482</span>:</strong> <em>n'</em></div><div class="chat chatmessage-gummysaurus"><strong style="color:hsl(87,53%,42.28892728853937%)"><small> </small><span class="username" data-name="Gummysaurus">Gummysaurus</span>:</strong> <em>joltage joltage he's our man if he cant do it no one can</em></div><div class="chat chatmessage-itzviper482"><strong style="color:hsl(213,55%,47.223109525696195%)"><small> </small><span class="username" data-name="ItzViper482">ItzViper482</span>:</strong> <em>it matters on what seed we get tho</em></div><div class="chat chatmessage-samtestings"><strong style="color:hsl(238,53%,66.86618285152721%)"><small>☆</small><span class="username" data-name="sam-testings红梨">sam-testings红梨</span>:</strong> <em>ah</em></div><div class="chat chatmessage-samtestings"><strong style="color:hsl(238,53%,66.86618285152721%)"><small>☆</small><span class="username" data-name="sam-testings红梨">sam-testings红梨</span>:</strong> <em>whats the series record btw</em></div><div class="chat chatmessage-samtestings"><strong style="color:hsl(238,53%,66.86618285152721%)"><small>☆</small><span class="username" data-name="sam-testings红梨">sam-testings红梨</span>:</strong> <em>or are ew first</em></div><div class="chat chatmessage-itzviper482"><strong style="color:hsl(213,55%,47.223109525696195%)"><small> </small><span class="username" data-name="ItzViper482">ItzViper482</span>:</strong> <em>u are 1 up</em></div><div class="chat chatmessage-gummysaurus"><strong style="color:hsl(87,53%,42.28892728853937%)"><small> </small><span class="username" data-name="Gummysaurus">Gummysaurus</span>:</strong> <em>0-1?</em></div><div class="spacer battle-history"><br></div><div class="battle-history">Cottonee, come back!<br></div><div class="battle-history">Go! <strong>Croagunk</strong>!<br></div><div class="spacer battle-history"><br></div><div class="battle-history">The opposing Pawniard used <strong>Stealth Rock</strong>!<br></div><div class="battle-history"><small>Pointed stones float in the air around your team!</small><br></div><div class="spacer battle-history"><br></div><h2 class="battle-history">Turn 3</h2><div class="chat chatmessage-itzviper482"><strong style="color:hsl(213,55%,47.223109525696195%)"><small> </small><span class="username" data-name="ItzViper482">ItzViper482</span>:</strong> <em>cause ya lucked kuru lord</em></div><div class="chat chatmessage-itzviper482"><strong style="color:hsl(213,55%,47.223109525696195%)"><small> </small><span class="username" data-name="ItzViper482">ItzViper482</span>:</strong> <em>(jk not salty lol)</em></div><div class="chat chatmessage-shlubbz"><strong style="color:hsl(324,88%,45%)"><small> </small><span class="username" data-name="Shlubbz">Shlubbz</span>:</strong> <em>Sam's avatar is thicc</em></div><div class="chat chatmessage-samtestings"><strong style="color:hsl(238,53%,66.86618285152721%)"><small>☆</small><span class="username" data-name="sam-testings红梨">sam-testings红梨</span>:</strong> <em>kk</em></div><div class="spacer battle-history"><br></div><div class="battle-history">sam-testings红梨 withdrew Pawniard!<br></div><div class="battle-history">sam-testings红梨 sent out <strong>Fletchling</strong>!<br></div><div class="spacer battle-history"><br></div><div class="battle-history">Croagunk used <strong>Focus Blast</strong>!<br></div><div class="battle-history"><small>(The opposing Fletchling lost <abbr title="−22/22">100%</abbr> of its health!)</small><br></div><div class="spacer battle-history"><br></div><div class="battle-history">The opposing Fletchling fainted!<br></div><div class="chat chatmessage-gummysaurus"><strong style="color:hsl(87,53%,42.28892728853937%)"><small> </small><span class="username" data-name="Gummysaurus">Gummysaurus</span>:</strong> <em>jesus</em></div><div class="chat chatmessage-itzviper482"><strong style="color:hsl(213,55%,47.223109525696195%)"><small> </small><span class="username" data-name="ItzViper482">ItzViper482</span>:</strong> <em>gone</em></div><div class="chat chatmessage-samtestings"><strong style="color:hsl(238,53%,66.86618285152721%)"><small>☆</small><span class="username" data-name="sam-testings红梨">sam-testings红梨</span>:</strong> <em>by</em></div><div class="chat chatmessage-shlubbz"><strong style="color:hsl(324,88%,45%)"><small> </small><span class="username" data-name="Shlubbz">Shlubbz</span>:</strong> <em>woah</em></div><div class="spacer battle-history"><br></div><div class="battle-history">sam-testings红梨 sent out <strong>Vullaby</strong>!<br></div><div class="spacer battle-history"><br></div><h2 class="battle-history">Turn 4</h2><div class="spacer battle-history"><br></div><div class="battle-history">Croagunk, come back!<br></div><div class="battle-history">Go! <strong>Onix</strong>!<br></div><div class="battle-history"><small>Pointed stones dug into Onix!</small><br></div><div class="spacer battle-history"><br></div><div class="battle-history">The opposing Vullaby used <strong>Heat Wave</strong>!<br></div><div class="battle-history"><small>Onix avoided the attack!</small><br></div><div class="spacer battle-history"><br></div><h2 class="battle-history">Turn 5</h2><div class="chat chatmessage-gummysaurus"><strong style="color:hsl(87,53%,42.28892728853937%)"><small> </small><span class="username" data-name="Gummysaurus">Gummysaurus</span>:</strong> <em>did innovation exist in oras every single lcpl oras game i see is like sm but without wacky zmove lures</em></div><div class="chat chatmessage-joltage"><strong style="color:hsl(135,42%,44%)"><small>☆</small><span class="username" data-name="Joltage">Joltage</span>:</strong> <em>haha</em></div><div class="spacer battle-history"><br></div><div class="battle-history">sam-testings红梨 withdrew Vullaby!<br></div><div class="battle-history">sam-testings红梨 sent out <strong>Mienfoo</strong>!<br></div><div class="spacer battle-history"><br></div><div class="battle-history">Onix used <strong>Stealth Rock</strong>!<br></div><div class="battle-history"><small>Pointed stones float in the air around the opposing team!</small><br></div><div class="spacer battle-history"><br></div><h2 class="battle-history">Turn 6</h2><div class="spacer battle-history"><br></div><div class="battle-history">Onix, come back!<br></div><div class="battle-history">Go! <strong>Vullaby</strong>!<br></div><div class="battle-history"><small>Pointed stones dug into Vullaby!</small><br></div><div class="spacer battle-history"><br></div><div class="battle-history">The opposing Mienfoo used <strong>Knock Off</strong>!<br></div><div class="battle-history"><small>It's not very effective...</small><br></div><div class="battle-history"><small>(Vullaby lost <abbr title="−3/25">12%</abbr> of its health!)</small><br></div><div class="battle-history"><small>[Vullaby's Weak Armor]</small><br></div><div class="battle-history"><small>Vullaby's Defense fell!</small><br></div><div class="battle-history"><small>Vullaby's Speed rose!</small><br></div><div class="battle-history"><small>The opposing Mienfoo knocked off Vullaby's Eviolite!</small><br></div><div class="spacer battle-history"><br></div><h2 class="battle-history">Turn 7</h2><div class="chat chatmessage-gummysaurus"><strong style="color:hsl(87,53%,42.28892728853937%)"><small> </small><span class="username" data-name="Gummysaurus">Gummysaurus</span>:</strong> <em>actually i guess special gunk was an innovation back then</em></div><div class="chat chatmessage-samtestings"><strong style="color:hsl(238,53%,66.86618285152721%)"><small>☆</small><span class="username" data-name="sam-testings红梨">sam-testings红梨</span>:</strong> <em>wait fuck</em></div><div class="spacer battle-history"><br></div><div class="battle-history">Vullaby used <strong>Air Slash</strong>!<br></div><div class="battle-history"><small>It's super effective!</small><br></div><div class="battle-history"><small>(The opposing Mienfoo lost <abbr title="−18/21">85.7%</abbr> of its health!)</small><br></div><div class="spacer battle-history"><br></div><div class="battle-history">The opposing Mienfoo flinched and couldn't move!<br></div><div class="spacer battle-history"><br></div><h2 class="battle-history">Turn 8</h2><div class="chat chatmessage-samtestings"><strong style="color:hsl(238,53%,66.86618285152721%)"><small>☆</small><span class="username" data-name="sam-testings红梨">sam-testings红梨</span>:</strong> <em>special gunk was not an onnovation</em></div><div class="chat chatmessage-samtestings"><strong style="color:hsl(238,53%,66.86618285152721%)"><small>☆</small><span class="username" data-name="sam-testings红梨">sam-testings红梨</span>:</strong> <em>lul</em></div><div class="spacer battle-history"><br></div><div class="battle-history">sam-testings红梨 withdrew Mienfoo!<br></div><div class="battle-history">sam-testings红梨 sent out <strong>Chinchou</strong>!<br></div><div class="battle-history"><small>Pointed stones dug into the opposing Chinchou!</small><br></div><div class="spacer battle-history"><br></div><div class="battle-history">Vullaby used <strong>Dark Pulse</strong>!<br></div><div class="battle-history"><small>(The opposing Chinchou lost <abbr title="−12/25">48%</abbr> of its health!)</small><br></div><div class="battle-history"><small>(The opposing Chinchou used its Berry Juice!)</small><br></div><div class="battle-history"><small>The opposing Chinchou restored HP using its Berry Juice!</small><br></div><div class="spacer battle-history"><br></div><h2 class="battle-history">Turn 9</h2><div class="chat chatmessage-joltage"><strong style="color:hsl(135,42%,44%)"><small>☆</small><span class="username" data-name="Joltage">Joltage</span>:</strong> <em>nor am i special gunk</em></div><div class="chat chatmessage-samtestings"><strong style="color:hsl(238,53%,66.86618285152721%)"><small>☆</small><span class="username" data-name="sam-testings红梨">sam-testings红梨</span>:</strong> <em>yeah</em></div><div class="chat chatmessage-samtestings"><strong style="color:hsl(238,53%,66.86618285152721%)"><small>☆</small><span class="username" data-name="sam-testings红梨">sam-testings红梨</span>:</strong> <em>thats mixed damage</em></div><div class="chat chatmessage-samtestings"><strong style="color:hsl(238,53%,66.86618285152721%)"><small>☆</small><span class="username" data-name="sam-testings红梨">sam-testings红梨</span>:</strong> <em>:^)</em></div><div class="spacer battle-history"><br></div><div class="battle-history">Vullaby, come back!<br></div><div class="battle-history">Go! <strong>Cottonee</strong>!<br></div><div class="battle-history"><small>Pointed stones dug into Cottonee!</small><br></div><div class="spacer battle-history"><br></div><div class="battle-history">The opposing Chinchou used <strong>Ice Beam</strong>!<br></div><div class="battle-history"><small>It's super effective!</small><br></div><div class="battle-history"><small>(Cottonee lost <abbr title="−12/23">52.2%</abbr> of its health!)</small><br></div><div class="battle-history"><small>Cottonee was frozen solid!</small><br></div><div class="spacer battle-history"><br></div><h2 class="battle-history">Turn 10</h2><div class="chat chatmessage-gummysaurus"><strong style="color:hsl(87,53%,42.28892728853937%)"><small> </small><span class="username" data-name="Gummysaurus">Gummysaurus</span>:</strong> <em>:weary:</em></div><div class="chat chatmessage-samtestings"><strong style="color:hsl(238,53%,66.86618285152721%)"><small>☆</small><span class="username" data-name="sam-testings红梨">sam-testings红梨</span>:</strong> <em>rip</em></div><div class="chat chatmessage-joltage"><strong style="color:hsl(135,42%,44%)"><small>☆</small><span class="username" data-name="Joltage">Joltage</span>:</strong> <em>not a big deal</em></div><div class="spacer battle-history"><br></div><div class="battle-history">Cottonee is frozen solid!<br></div><div class="spacer battle-history"><br></div><div class="battle-history">The opposing Chinchou used <strong>Scald</strong>!<br></div><div class="battle-history"><small>It's not very effective...</small><br></div><div class="battle-history"><small>(Cottonee lost <abbr title="−3/23">13.0%</abbr> of its health!)</small><br></div><div class="battle-history"><small>Cottonee thawed out!</small><br></div><div class="battle-history"><small>Cottonee was burned!</small><br></div><div class="spacer battle-history"><br></div><div class="battle-history"><small>Cottonee was hurt by its burn!</small><br></div><div class="spacer battle-history"><br></div><div class="battle-history">Cottonee fainted!<br></div><div class="chat chatmessage-gummysaurus"><strong style="color:hsl(87,53%,42.28892728853937%)"><small> </small><span class="username" data-name="Gummysaurus">Gummysaurus</span>:</strong> <em>this cottonee</em></div><div class="chat chatmessage-gummysaurus"><strong style="color:hsl(87,53%,42.28892728853937%)"><small> </small><span class="username" data-name="Gummysaurus">Gummysaurus</span>:</strong> <em>cannot catch a break</em></div><div class="spacer battle-history"><br></div><div class="battle-history">Go! <strong>Croagunk</strong>!<br></div><div class="battle-history"><small>Pointed stones dug into Croagunk!</small><br></div><div class="spacer battle-history"><br></div><h2 class="battle-history">Turn 11</h2><div class="spacer battle-history"><br></div><div class="battle-history">The opposing Chinchou used <strong>Volt Switch</strong>!<br></div><div class="battle-history"><small>(Croagunk lost <abbr title="−10/22">45.5%</abbr> of its health!)</small><br></div><div class="spacer battle-history"><br></div><div class="battle-history">The opposing Chinchou went back to sam-testings红梨!<br></div><div class="battle-history">sam-testings红梨 sent out <strong>Gastly</strong>!<br></div><div class="battle-history"><small>Pointed stones dug into the opposing Gastly!</small><br></div><div class="spacer battle-history"><br></div><div class="battle-history">Croagunk used <strong>Sludge Bomb</strong>!<br></div><div class="battle-history"><small>It's not very effective...</small><br></div><div class="battle-history"><small>A critical hit!</small><br></div><div class="battle-history"><small>(The opposing Gastly lost <abbr title="−6/19">31.6%</abbr> of its health!)</small><br></div><div class="spacer battle-history"><br></div><h2 class="battle-history">Turn 12</h2><div class="chat chatmessage-itzviper482"><strong style="color:hsl(213,55%,47.223109525696195%)"><small> </small><span class="username" data-name="ItzViper482">ItzViper482</span>:</strong> <em>huh</em></div><div class="chat chatmessage-itzviper482"><strong style="color:hsl(213,55%,47.223109525696195%)"><small> </small><span class="username" data-name="ItzViper482">ItzViper482</span>:</strong> <em>lol</em></div><div class="chat chatmessage-samtestings"><strong style="color:hsl(238,53%,66.86618285152721%)"><small>☆</small><span class="username" data-name="sam-testings红梨">sam-testings红梨</span>:</strong> <em>isn't special huh</em></div><div class="chat chatmessage-joltage"><strong style="color:hsl(135,42%,44%)"><small>☆</small><span class="username" data-name="Joltage">Joltage</span>:</strong> <em>nope</em></div><div class="chat chatmessage-samtestings"><strong style="color:hsl(238,53%,66.86618285152721%)"><small>☆</small><span class="username" data-name="sam-testings红梨">sam-testings红梨</span>:</strong> <em>physical with special moves</em></div><div class="chat chatmessage-samtestings"><strong style="color:hsl(238,53%,66.86618285152721%)"><small>☆</small><span class="username" data-name="sam-testings红梨">sam-testings红梨</span>:</strong> <em>ofc</em></div><div class="chat chatmessage-joltage"><strong style="color:hsl(135,42%,44%)"><small>☆</small><span class="username" data-name="Joltage">Joltage</span>:</strong> <em>yeah dude</em></div><div class="chat chatmessage-joltage"><strong style="color:hsl(135,42%,44%)"><small>☆</small><span class="username" data-name="Joltage">Joltage</span>:</strong> <em>standard stuff of course</em></div><div class="spacer battle-history"><br></div><div class="battle-history">Croagunk, come back!<br></div><div class="battle-history">Go! <strong>Pawniard</strong>!<br></div><div class="battle-history"><small>Pointed stones dug into Pawniard!</small><br></div><div class="spacer battle-history"><br></div><div class="battle-history">The opposing Gastly used <strong>Shadow Ball</strong>!<br></div><div class="battle-history"><small>It's not very effective...</small><br></div><div class="battle-history"><small>A critical hit!</small><br></div><div class="battle-history"><small>(Pawniard lost <abbr title="−10/21">47.6%</abbr> of its health!)</small><br></div><div class="battle-history"><small>The opposing Gastly lost some of its HP!</small><br></div><div class="spacer battle-history"><br></div><h2 class="battle-history">Turn 13</h2><div class="spacer battle-history"><br></div><div class="battle-history"><small>(The opposing Gastly is being withdrawn...)</small><br></div><div class="spacer battle-history"><br></div><div class="battle-history">Pawniard used <strong>Pursuit</strong>!<br></div><div class="battle-history"><small>It's super effective!</small><br></div><div class="battle-history"><small>(The opposing Gastly lost <abbr title="−10/19">52.6%</abbr> of its health!)</small><br></div><div class="spacer battle-history"><br></div><div class="battle-history">The opposing Gastly fainted!<br></div><div class="spacer battle-history"><br></div><div class="battle-history">sam-testings红梨 sent out <strong>Mienfoo</strong>!<br></div><div class="battle-history"><small>Pointed stones dug into the opposing Mienfoo!</small><br></div><div class="spacer battle-history"><br></div><h2 class="battle-history">Turn 14</h2><div class="chat chatmessage-joltage"><strong style="color:hsl(135,42%,44%)"><small>☆</small><span class="username" data-name="Joltage">Joltage</span>:</strong> <em>oh man i love that set</em></div><div class="spacer battle-history"><br></div><div class="battle-history">Pawniard used <strong>Sucker Punch</strong>!<br></div><div class="battle-history"><small>It's not very effective...</small><br></div><div class="battle-history"><small>(The opposing Mienfoo lost <abbr title="−4/21">19.0%</abbr> of its health!)</small><br></div><div class="spacer battle-history"><br></div><div class="battle-history">The opposing Mienfoo used <strong>Drain Punch</strong>!<br></div><div class="battle-history"><small>It's super effective!</small><br></div><div class="battle-history"><small>(Pawniard lost <abbr title="−10/21">47.6%</abbr> of its health!)</small><br></div><div class="battle-history"><small>Pawniard had its energy drained!</small><br></div><div class="spacer battle-history"><br></div><div class="battle-history">Pawniard fainted!<br></div><div class="spacer battle-history"><br></div><div class="battle-history">Go! <strong>Staryu</strong>!<br></div><div class="battle-history"><small>Pointed stones dug into Staryu!</small><br></div><div class="spacer battle-history"><br></div><h2 class="battle-history">Turn 15</h2><div class="spacer battle-history"><br></div><div class="battle-history">Staryu used <strong>Scald</strong>!<br></div><div class="battle-history"><small>(The opposing Mienfoo lost <abbr title="−9/21">42.9%</abbr> of its health!)</small><br></div><div class="battle-history"><small>The opposing Mienfoo was burned!</small><br></div><div class="spacer battle-history"><br></div><div class="battle-history">The opposing Mienfoo used <strong>U-turn</strong>!<br></div><div class="battle-history"><small>(Staryu lost <abbr title="−2/19">10.5%</abbr> of its health!)</small><br></div><div class="spacer battle-history"><br></div><div class="battle-history">The opposing Mienfoo went back to sam-testings红梨!<br></div><div class="battle-history">sam-testings红梨 sent out <strong>Chinchou</strong>!<br></div><div class="battle-history"><small>Pointed stones dug into the opposing Chinchou!</small><br></div><div class="spacer battle-history"><br></div><h2 class="battle-history">Turn 16</h2><div class="spacer battle-history"><br></div><div class="battle-history">Staryu, come back!<br></div><div class="battle-history">Go! <strong>Onix</strong>!<br></div><div class="battle-history"><small>Pointed stones dug into Onix!</small><br></div><div class="spacer battle-history"><br></div><div class="battle-history">The opposing Chinchou used <strong>Scald</strong>!<br></div><div class="battle-history"><small>It's super effective!</small><br></div><div class="battle-history"><small>(Onix lost <abbr title="−19/21">90.5%</abbr> of its health!)</small><br></div><div class="spacer battle-history"><br></div><div class="battle-history">Onix fainted!<br></div><div class="chat"><small>Angelz andd Yakuza left.</small></div><div class="chat chatmessage-itzviper482"><strong style="color:hsl(213,55%,47.223109525696195%)"><small> </small><span class="username" data-name="ItzViper482">ItzViper482</span>:</strong> <em>nooo</em></div><div class="chat"><small>Finchinator joined.</small></div><div class="chat chatmessage-joltage"><strong style="color:hsl(135,42%,44%)"><small>☆</small><span class="username" data-name="Joltage">Joltage</span>:</strong> <em>damn</em></div><div class="chat chatmessage-samtestings"><strong style="color:hsl(238,53%,66.86618285152721%)"><small>☆</small><span class="username" data-name="sam-testings红梨">sam-testings红梨</span>:</strong> <em>i want to end my lcpl positive</em></div><div class="chat chatmessage-samtestings"><strong style="color:hsl(238,53%,66.86618285152721%)"><small>☆</small><span class="username" data-name="sam-testings红梨">sam-testings红梨</span>:</strong> <em>:^)</em></div><div class="chat chatmessage-finchinator"><strong style="color:hsl(235,76%,58.96121738613333%)"><small> </small><span class="username" data-name="Finchinator">Finchinator</span>:</strong> <em>I'm less gay now</em></div><div class="chat chatmessage-finchinator"><strong style="color:hsl(235,76%,58.96121738613333%)"><small> </small><span class="username" data-name="Finchinator">Finchinator</span>:</strong> <em>sad</em></div><div class="chat chatmessage-samtestings"><strong style="color:hsl(238,53%,66.86618285152721%)"><small>☆</small><span class="username" data-name="sam-testings红梨">sam-testings红梨</span>:</strong> <em>conversion therapy finch?</em></div><div class="chat chatmessage-gummysaurus"><strong style="color:hsl(87,53%,42.28892728853937%)"><small> </small><span class="username" data-name="Gummysaurus">Gummysaurus</span>:</strong> <em>sam ending neutral isnt half bad</em></div><div class="chat"><small>Finchinator left.</small></div><div class="chat chatmessage-samtestings"><strong style="color:hsl(238,53%,66.86618285152721%)"><small>☆</small><span class="username" data-name="sam-testings红梨">sam-testings红梨</span>:</strong> <em>no but ending positive looks good</em></div><div class="chat chatmessage-samtestings"><strong style="color:hsl(238,53%,66.86618285152721%)"><small>☆</small><span class="username" data-name="sam-testings红梨">sam-testings红梨</span>:</strong> <em>and will stop people from being annoying</em></div><div class="chat chatmessage-gummysaurus"><strong style="color:hsl(87,53%,42.28892728853937%)"><small> </small><span class="username" data-name="Gummysaurus">Gummysaurus</span>:</strong> <em>sam</em></div><div class="chat chatmessage-gummysaurus"><strong style="color:hsl(87,53%,42.28892728853937%)"><small> </small><span class="username" data-name="Gummysaurus">Gummysaurus</span>:</strong> <em>having a positive record</em></div><div class="chat chatmessage-gummysaurus"><strong style="color:hsl(87,53%,42.28892728853937%)"><small> </small><span class="username" data-name="Gummysaurus">Gummysaurus</span>:</strong> <em>wont stop people from telling you to eat the sock.</em></div><div class="spacer battle-history"><br></div><div class="battle-history">Go! <strong>Staryu</strong>!<br></div><div class="battle-history"><small>Pointed stones dug into Staryu!</small><br></div><div class="spacer battle-history"><br></div><h2 class="battle-history">Turn 17</h2><div class="spacer battle-history"><br></div><div class="battle-history">Staryu used <strong>Psychic</strong>!<br></div><div class="battle-history"><small>(The opposing Chinchou lost <abbr title="−10/25">40%</abbr> of its health!)</small><br></div><div class="spacer battle-history"><br></div><div class="battle-history">The opposing Chinchou used <strong>Volt Switch</strong>!<br></div><div class="battle-history"><small>It's super effective!</small><br></div><div class="battle-history"><small>(Staryu lost <abbr title="−13/19">68.4%</abbr> of its health!)</small><br></div><div class="spacer battle-history"><br></div><div class="battle-history">Staryu fainted!<br></div><div class="spacer battle-history"><br></div><div class="battle-history">The opposing Chinchou went back to sam-testings红梨!<br></div><div class="battle-history">sam-testings红梨 sent out <strong>Mienfoo</strong>!<br></div><div class="battle-history"><small>Pointed stones dug into the opposing Mienfoo!</small><br></div><div class="spacer battle-history"><br></div><div class="battle-history"><small>The opposing Mienfoo was hurt by its burn!</small><br></div><div class="spacer battle-history"><br></div><div class="battle-history">Go! <strong>Croagunk</strong>!<br></div><div class="battle-history"><small>Pointed stones dug into Croagunk!</small><br></div><div class="spacer battle-history"><br></div><h2 class="battle-history">Turn 18</h2><div class="spacer battle-history"><br></div><div class="battle-history">Croagunk used <strong>Vacuum Wave</strong>!<br></div><div class="battle-history"><small>(The opposing Mienfoo lost <abbr title="−5/21">23.8%</abbr> of its health!)</small><br></div><div class="spacer battle-history"><br></div><div class="battle-history">The opposing Mienfoo fainted!<br></div><div class="spacer battle-history"><br></div><div class="battle-history">sam-testings红梨 sent out <strong>Vullaby</strong>!<br></div><div class="battle-history"><small>Pointed stones dug into the opposing Vullaby!</small><br></div><div class="spacer battle-history"><br></div><h2 class="battle-history">Turn 19</h2><div class="spacer battle-history"><br></div><div class="battle-history">The opposing Vullaby used <strong>Air Slash</strong>!<br></div><div class="battle-history"><small>It's super effective!</small><br></div><div class="battle-history"><small>(Croagunk lost <abbr title="−10/22">45.5%</abbr> of its health!)</small><br></div><div class="spacer battle-history"><br></div><div class="battle-history">Croagunk fainted!<br></div><div class="spacer battle-history"><br></div><div class="battle-history">Go! <strong>Vullaby</strong>!<br></div><div class="battle-history"><small>Pointed stones dug into Vullaby!</small><br></div><div class="spacer battle-history"><br></div><h2 class="battle-history">Turn 20</h2><div class="spacer battle-history"><br></div><div class="battle-history">The opposing Vullaby used <strong>Air Slash</strong>!<br></div><div class="battle-history"><small>(Vullaby lost <abbr title="−9/25">36%</abbr> of its health!)</small><br></div><div class="spacer battle-history"><br></div><div class="battle-history">Vullaby used <strong>Air Slash</strong>!<br></div><div class="battle-history"><small>(The opposing Vullaby lost <abbr title="−7/25">28.0%</abbr> of its health!)</small><br></div><div class="spacer battle-history"><br></div><h2 class="battle-history">Turn 21</h2><div class="spacer battle-history"><br></div><div class="battle-history">Vullaby used <strong>Air Slash</strong>!<br></div><div class="battle-history"><small>(The opposing Vullaby lost <abbr title="−7/25">28.0%</abbr> of its health!)</small><br></div><div class="spacer battle-history"><br></div><div class="battle-history">The opposing Vullaby used <strong>Air Slash</strong>!<br></div><div class="battle-history"><small>A critical hit!</small><br></div><div class="battle-history"><small>(Vullaby lost <abbr title="−1/25">4%</abbr> of its health!)</small><br></div><div class="spacer battle-history"><br></div><div class="battle-history">Vullaby fainted!<br></div><div class="spacer battle-history"><br></div><div class="battle-history"><strong>sam-testings红梨</strong> won the battle!<br></div><div class="chat chatmessage-joltage"><strong style="color:hsl(135,42%,44%)"><small>☆</small><span class="username" data-name="Joltage">Joltage</span>:</strong> <em>gg</em></div><div class="chat chatmessage-samtestings"><strong style="color:hsl(238,53%,66.86618285152721%)"><small>☆</small><span class="username" data-name="sam-testings红梨">sam-testings红梨</span>:</strong> <em>gg</em></div><div class="chat"><small>ItzViper482 left.</small></div><div class="chat"><small>Gummysaurus left.</small></div><div class="chat chatmessage-samtestings"><strong style="color:hsl(238,53%,66.86618285152721%)"><small>☆</small><span class="username" data-name="sam-testings红梨">sam-testings红梨</span>:</strong> <em>were we both np vull</em></div></div><div class="inner-preempt"></div></div></div>
</div>
<script>
let daily = Math.floor(Date.now()/1000/60/60/24);document.write('<script src="https://play.pokemonshowdown.com/js/replay-embed.js?version'+daily+'"></'+'script>');
</script>
