<!DOCTYPE html>
<meta charset="utf-8" />
<!-- version 1 -->
<title>LC replay: Drevix vs. In-figthter</title>
<style>
html,body {font-family:Verdana, sans-serif;font-size:10pt;margin:0;padding:0;}body{padding:12px 0;} .battle-log {font-family:Verdana, sans-serif;font-size:10pt;} .battle-log-inline {border:1px solid #AAAAAA;background:#EEF2F5;color:black;max-width:640px;margin:0 auto 80px;padding-bottom:5px;} .battle-log .inner {padding:4px 8px 0px 8px;} .battle-log .inner-preempt {padding:0 8px 4px 8px;} .battle-log .inner-after {margin-top:0.5em;} .battle-log h2 {margin:0.5em -8px;padding:4px 8px;border:1px solid #AAAAAA;background:#E0E7EA;border-left:0;border-right:0;font-family:Verdana, sans-serif;font-size:13pt;} .battle-log .chat {vertical-align:middle;padding:3px 0 3px 0;font-size:8pt;} .battle-log .chat strong {color:#40576A;} .battle-log .chat em {padding:1px 4px 1px 3px;color:#000000;font-style:normal;} .chat.mine {background:rgba(0,0,0,0.05);margin-left:-8px;margin-right:-8px;padding-left:8px;padding-right:8px;} .spoiler {color:#BBBBBB;background:#BBBBBB;padding:0px 3px;} .spoiler:hover, .spoiler:active, .spoiler-shown {color:#000000;background:#E2E2E2;padding:0px 3px;} .spoiler a {color:#BBBBBB;} .spoiler:hover a, .spoiler:active a, .spoiler-shown a {color:#2288CC;} .chat code, .chat .spoiler:hover code, .chat .spoiler:active code, .chat .spoiler-shown code {border:1px solid #C0C0C0;background:#EEEEEE;color:black;padding:0 2px;} .chat .spoiler code {border:1px solid #CCCCCC;background:#CCCCCC;color:#CCCCCC;} .battle-log .rated {padding:3px 4px;} .battle-log .rated strong {color:white;background:#89A;padding:1px 4px;border-radius:4px;} .spacer {margin-top:0.5em;} .message-announce {background:#6688AA;color:white;padding:1px 4px 2px;} .message-announce a, .broadcast-green a, .broadcast-blue a, .broadcast-red a {color:#DDEEFF;} .broadcast-green {background-color:#559955;color:white;padding:2px 4px;} .broadcast-blue {background-color:#6688AA;color:white;padding:2px 4px;} .infobox {border:1px solid #6688AA;padding:2px 4px;} .infobox-limited {max-height:200px;overflow:auto;overflow-x:hidden;} .broadcast-red {background-color:#AA5544;color:white;padding:2px 4px;} .message-learn-canlearn {font-weight:bold;color:#228822;text-decoration:underline;} .message-learn-cannotlearn {font-weight:bold;color:#CC2222;text-decoration:underline;} .message-effect-weak {font-weight:bold;color:#CC2222;} .message-effect-resist {font-weight:bold;color:#6688AA;} .message-effect-immune {font-weight:bold;color:#666666;} .message-learn-list {margin-top:0;margin-bottom:0;} .message-throttle-notice, .message-error {color:#992222;} .message-overflow, .chat small.message-overflow {font-size:0pt;} .message-overflow::before {font-size:9pt;content:'...';} .subtle {color:#3A4A66;}
</style>
<div class="wrapper replay-wrapper" style="max-width:1180px;margin:0 auto">
<input type="hidden" name="replayid" value="lc-483332374" />
<div class="battle"></div><div class="battle-log"></div><div class="replay-controls"></div><div class="replay-controls-2"></div>
<h1 style="font-weight:normal;text-align:center"><strong>LC</strong><br /><a href="http://pokemonshowdown.com/users/drevix" class="subtle" target="_blank">Drevix</a> vs. <a href="http://pokemonshowdown.com/users/infigthter" class="subtle" target="_blank">In-figthter</a></h1>
<script type="text/plain" class="battle-log-data">|j|Drevix
|j|In-figthter
|player|p1|Drevix|23
|player|p2|In-figthter|265
|gametype|singles
|gen|6
|tier|LC
|rated
|seed|42991,43730,28894,41109
|clearpoke
|poke|p1|Torchic, L5, F|item
|poke|p1|Cubone, L5, F|item
|poke|p1|Magby, L5, F|item
|poke|p1|Snivy, L5, F|item
|poke|p1|Gastly, L5, F|item
|poke|p1|Pancham, L5, M|item
|poke|p2|Gastly, L5, M|item
|poke|p2|Porygon, L5|item
|poke|p2|Vullaby, L5, F|item
|poke|p2|Mienfoo, L5, F|item
|poke|p2|Cottonee, L5, M|item
|poke|p2|Cranidos, L5, M|item
|rule|Sleep Clause Mod: Limit one foe put to sleep
|rule|Species Clause: Limit one of each Pokémon
|rule|OHKO Clause: OHKO moves are banned
|rule|Moody Clause: Moody is banned
|rule|Evasion Moves Clause: Evasion moves are banned
|rule|Endless Battle Clause: Forcing endless battles is banned
|rule|HP Percentage Mod: HP is shown in percentages
|teampreview
|choice|team 1, team 2, team 3, team 4, team 5, team 6|team 6, team 2, team 3, team 4, team 5, team 1
|
|start
|switch|p1a: Torchic|Torchic, L5, F|24\/24
|switch|p2a: Cranidos|Cranidos, L5, M|23\/23
|turn|1
|choice|move swordsdance|move stealthrock
|
|move|p2a: Cranidos|Stealth Rock|p1a: Torchic
|-sidestart|p1: Drevix|move: Stealth Rock
|move|p1a: Torchic|Swords Dance|p1a: Torchic
|-boost|p1a: Torchic|atk|2
|
|-ability|p1a: Torchic|Speed Boost|boost
|-boost|p1a: Torchic|spe|1
|turn|2
|choice|move flamecharge|move rockslide
|
|move|p1a: Torchic|Flame Charge|p2a: Cranidos
|-resisted|p2a: Cranidos
|-damage|p2a: Cranidos|18\/23
|-boost|p1a: Torchic|spe|1
|move|p2a: Cranidos|Rock Slide|p1a: Torchic
|-supereffective|p1a: Torchic
|-crit|p1a: Torchic
|-enditem|p1a: Torchic|Focus Sash
|-damage|p1a: Torchic|1\/24
|
|-ability|p1a: Torchic|Speed Boost|boost
|-boost|p1a: Torchic|spe|1
|turn|3
|choice|move batonpass|move pursuit
|
|move|p1a: Torchic|Baton Pass|p1a: Torchic
|choice|switch 2|
|
|switch|p1a: Cubone|Cubone, L5, F|21\/21
|-damage|p1a: Cubone|20\/21|[from] Stealth Rock
|move|p2a: Cranidos|Pursuit|p1a: Cubone
|-damage|p1a: Cubone|15\/21
|
|turn|4
|choice|move poweruppunch|switch 3
|
|switch|p2a: Vullaby|Vullaby, L5, F|25\/25
|move|p1a: Cubone|Power-Up Punch|p2a: Vullaby
|-damage|p2a: Vullaby|14\/25
|-boost|p1a: Cubone|atk|1
|
|turn|5
|choice|move thunderpunch|move knockoff
|
|move|p1a: Cubone|Thunder Punch|p2a: Vullaby
|-supereffective|p2a: Vullaby
|-damage|p2a: Vullaby|0 fnt
|faint|p2a: Vullaby
|
|choice||switch 5
|
|switch|p2a: Cottonee|Cottonee, L5, M|21\/21
|turn|6
|choice|move aerialace|move encore
|
|move|p2a: Cottonee|Encore|p1a: Cubone
|-start|p1a: Cubone|Encore
|move|p1a: Cubone|Thunder Punch|p2a: Cottonee
|-resisted|p2a: Cottonee
|-crit|p2a: Cottonee
|-damage|p2a: Cottonee|6\/21
|
|turn|7
|choice|move thunderpunch|move gigadrain
|
|move|p1a: Cubone|Thunder Punch|p2a: Cottonee
|-resisted|p2a: Cottonee
|-damage|p2a: Cottonee|0 fnt
|faint|p2a: Cottonee
|
|choice||switch 2
|
|switch|p2a: Porygon|Porygon, L5|26\/26
|-ability|p2a: Porygon|Battle Armor|[from] ability: Trace|[of] p1a: Cubone
|turn|8
|choice|move thunderpunch|move icebeam
|
|move|p1a: Cubone|Thunder Punch|p2a: Porygon
|-damage|p2a: Porygon|7\/26
|move|p2a: Porygon|Ice Beam|p1a: Cubone
|-supereffective|p1a: Cubone
|-damage|p1a: Cubone|0 fnt
|faint|p1a: Cubone
|
|choice|switch 4|
|
|switch|p1a: Snivy|Snivy, L5, F|21\/21
|-damage|p1a: Snivy|19\/21|[from] Stealth Rock
|turn|9
|choice|move leafstorm|switch 6
|
|switch|p2a: Gastly|Gastly, L5, M|19\/19
|move|p1a: Snivy|Leaf Storm|p2a: Gastly
|-resisted|p2a: Gastly
|-damage|p2a: Gastly|10\/19
|-boost|p1a: Snivy|spa|2
|
|turn|10
|choice|move leafstorm|move substitute
|
|move|p2a: Gastly|Substitute|p2a: Gastly
|-start|p2a: Gastly|Substitute
|-damage|p2a: Gastly|6\/19
|move|p1a: Snivy|Leaf Storm|p2a: Gastly|[miss]
|-miss|p1a: Snivy|p2a: Gastly
|
|turn|11
|choice|move gigadrain|move sludgebomb
|
|move|p2a: Gastly|Sludge Bomb|p1a: Snivy
|-supereffective|p1a: Snivy
|-damage|p1a: Snivy|0 fnt
|-damage|p2a: Gastly|5\/19|[from] item: Life Orb
|faint|p1a: Snivy
|
|choice|switch 6|
|
|switch|p1a: Pancham|Pancham, L5, M|23\/23
|-damage|p1a: Pancham|22\/23|[from] Stealth Rock
|turn|12
|choice|move poweruppunch|move dazzlinggleam
|
|move|p2a: Gastly|Dazzling Gleam|p1a: Pancham
|-supereffective|p1a: Pancham
|-damage|p1a: Pancham|1\/23
|-damage|p2a: Gastly|4\/19|[from] item: Life Orb
|move|p1a: Pancham|Power-Up Punch|p2a: Gastly
|-resisted|p2a: Gastly
|-end|p2a: Gastly|Substitute
|-boost|p1a: Pancham|atk|1
|-damage|p1a: Pancham|0 fnt|[from] item: Life Orb
|faint|p1a: Pancham
|
|choice|switch 5|
|
|switch|p1a: Gastly|Gastly, L5, F|19\/19
|-damage|p1a: Gastly|17\/19|[from] Stealth Rock
|turn|13
|choice|move suckerpunch|move shadowball
|
|move|p1a: Gastly|Sucker Punch|p2a: Gastly
|-supereffective|p2a: Gastly
|-damage|p2a: Gastly|0 fnt
|faint|p2a: Gastly
|
|choice||switch 6
|
|switch|p2a: Porygon|Porygon, L5|7\/26
|-ability|p2a: Porygon|Levitate|[from] ability: Trace|[of] p1a: Gastly
|turn|14
|choice|move sludgebomb|move thunderwave
|
|move|p1a: Gastly|Sludge Bomb|p2a: Porygon
|-damage|p2a: Porygon|0 fnt
|faint|p2a: Porygon
|
|choice||switch 4
|
|switch|p2a: Mienfoo|Mienfoo, L5, F|21\/21
|turn|15
|choice|move destinybond|move knockoff
|
|move|p2a: Mienfoo|Knock Off|p1a: Gastly
|-supereffective|p1a: Gastly
|-crit|p1a: Gastly
|-damage|p1a: Gastly|0 fnt
|-enditem|p1a: Gastly|Focus Sash|[from] move: Knock Off|[of] p2a: Mienfoo
|faint|p1a: Gastly
|
|choice|switch 3|
|
|switch|p1a: Magby|Magby, L5, F|22\/22
|-damage|p1a: Magby|17\/22|[from] Stealth Rock
|turn|16
|choice|move firepunch|switch 3
|
|switch|p2a: Cranidos|Cranidos, L5, M|18\/23
|move|p1a: Magby|Fire Punch|p2a: Cranidos
|-resisted|p2a: Cranidos
|-damage|p2a: Cranidos|12\/23
|
|turn|17
|choice|move machpunch|move rockslide
|
|move|p1a: Magby|Mach Punch|p2a: Cranidos
|-supereffective|p2a: Cranidos
|-damage|p2a: Cranidos|2\/23
|-enditem|p2a: Cranidos|Berry Juice
|-heal|p2a: Cranidos|22\/23|[from] item: Berry Juice
|move|p2a: Cranidos|Rock Slide|p1a: Magby
|-supereffective|p1a: Magby
|-damage|p1a: Magby|0 fnt
|faint|p1a: Magby
|
|-message|Drevix forfeited.
|
|win|In-figthter
|player|p1
|player|p2
|l|Drevix</script>
</div>
<div class="battle-log battle-log-inline"><div class="inner"><div class="battle-options"></div><div class="inner"><div class="chat"><small>Drevix joined.</small></div><div class="chat"><small>In-figthter joined.</small></div><div class=""><small>Format:</small> <br><strong>LC</strong></div><div class="rated"><strong>Rated battle</strong></div><div class=""><small><em>Sleep Clause Mod:</em> Limit one foe put to sleep</small></div><div class=""><small><em>Species Clause:</em> Limit one of each Pokémon</small></div><div class=""><small><em>OHKO Clause:</em> OHKO moves are banned</small></div><div class=""><small><em>Moody Clause:</em> Moody is banned</small></div><div class=""><small><em>Evasion Moves Clause:</em> Evasion moves are banned</small></div><div class=""><small><em>Endless Battle Clause:</em> Forcing endless battles is banned</small></div><div class=""><small><em>HP Percentage Mod:</em> HP is shown in percentages</small></div><div class="chat battle-history"><strong>Drevix's team:</strong> <em style="color:#445566;display:block;">Torchic / Cubone / Magby / Snivy / Gastly / Pancham</em></div><div class="chat battle-history"><strong>In-figthter's team:</strong> <em style="color:#445566;display:block;">Gastly / Porygon / Vullaby / Mienfoo / Cottonee / Cranidos</em></div><div class="spacer battle-history"><br></div><div class="battle-history">Battle started between Drevix and In-figthter!<br></div><div class="spacer battle-history"><br></div><div class="battle-history">Go! <strong>Torchic</strong>!<br></div><div class="spacer battle-history"><br></div><div class="battle-history">In-figthter sent out <strong>Cranidos</strong>!<br></div><div class="spacer battle-history"><br></div><h2 class="battle-history">Turn 1</h2><div class="spacer battle-history"><br></div><div class="battle-history">The opposing Cranidos used <strong>Stealth Rock</strong>!<br></div><div class="battle-history"><small>Pointed stones float in the air around your team!</small><br></div><div class="spacer battle-history"><br></div><div class="battle-history">Torchic used <strong>Swords Dance</strong>!<br></div><div class="battle-history"><small>Torchic's Attack rose sharply!</small><br></div><div class="spacer battle-history"><br></div><div class="battle-history"><small>[Torchic's Speed Boost]</small><br></div><div class="battle-history"><small>Torchic's Speed rose!</small><br></div><div class="spacer battle-history"><br></div><h2 class="battle-history">Turn 2</h2><div class="spacer battle-history"><br></div><div class="battle-history">Torchic used <strong>Flame Charge</strong>!<br></div><div class="battle-history"><small>It's not very effective...</small><br></div><div class="battle-history"><small>(The opposing Cranidos lost <abbr title="−5/23">21.7%</abbr> of its health!)</small><br></div><div class="battle-history"><small>Torchic's Speed rose!</small><br></div><div class="spacer battle-history"><br></div><div class="battle-history">The opposing Cranidos used <strong>Rock Slide</strong>!<br></div><div class="battle-history"><small>It's super effective!</small><br></div><div class="battle-history"><small>A critical hit!</small><br></div><div class="battle-history"><small>Torchic hung on using its Focus Sash!</small><br></div><div class="battle-history"><small>(Torchic lost <abbr title="−23/24">95.8%</abbr> of its health!)</small><br></div><div class="spacer battle-history"><br></div><div class="battle-history"><small>[Torchic's Speed Boost]</small><br></div><div class="battle-history"><small>Torchic's Speed rose!</small><br></div><div class="spacer battle-history"><br></div><h2 class="battle-history">Turn 3</h2><div class="spacer battle-history"><br></div><div class="battle-history">Torchic used <strong>Baton Pass</strong>!<br></div><div class="spacer battle-history"><br></div><div class="battle-history">Go! <strong>Cubone</strong>!<br></div><div class="battle-history"><small>Pointed stones dug into Cubone!</small><br></div><div class="spacer battle-history"><br></div><div class="battle-history">The opposing Cranidos used <strong>Pursuit</strong>!<br></div><div class="battle-history"><small>(Cubone lost <abbr title="−5/21">23.8%</abbr> of its health!)</small><br></div><div class="spacer battle-history"><br></div><h2 class="battle-history">Turn 4</h2><div class="spacer battle-history"><br></div><div class="battle-history">In-figthter withdrew Cranidos!<br></div><div class="battle-history">In-figthter sent out <strong>Vullaby</strong>!<br></div><div class="spacer battle-history"><br></div><div class="battle-history">Cubone used <strong>Power-Up Punch</strong>!<br></div><div class="battle-history"><small>(The opposing Vullaby lost <abbr title="−11/25">44%</abbr> of its health!)</small><br></div><div class="battle-history"><small>Cubone's Attack rose!</small><br></div><div class="spacer battle-history"><br></div><h2 class="battle-history">Turn 5</h2><div class="spacer battle-history"><br></div><div class="battle-history">Cubone used <strong>Thunder Punch</strong>!<br></div><div class="battle-history"><small>It's super effective!</small><br></div><div class="battle-history"><small>(The opposing Vullaby lost <abbr title="−14/25">56.0%</abbr> of its health!)</small><br></div><div class="spacer battle-history"><br></div><div class="battle-history">The opposing Vullaby fainted!<br></div><div class="spacer battle-history"><br></div><div class="battle-history">In-figthter sent out <strong>Cottonee</strong>!<br></div><div class="spacer battle-history"><br></div><h2 class="battle-history">Turn 6</h2><div class="spacer battle-history"><br></div><div class="battle-history">The opposing Cottonee used <strong>Encore</strong>!<br></div><div class="battle-history"><small>Cubone received an encore!</small><br></div><div class="spacer battle-history"><br></div><div class="battle-history">Cubone used <strong>Thunder Punch</strong>!<br></div><div class="battle-history"><small>It's not very effective...</small><br></div><div class="battle-history"><small>A critical hit!</small><br></div><div class="battle-history"><small>(The opposing Cottonee lost <abbr title="−15/21">71.4%</abbr> of its health!)</small><br></div><div class="spacer battle-history"><br></div><h2 class="battle-history">Turn 7</h2><div class="spacer battle-history"><br></div><div class="battle-history">Cubone used <strong>Thunder Punch</strong>!<br></div><div class="battle-history"><small>It's not very effective...</small><br></div><div class="battle-history"><small>(The opposing Cottonee lost <abbr title="−6/21">28.6%</abbr> of its health!)</small><br></div><div class="spacer battle-history"><br></div><div class="battle-history">The opposing Cottonee fainted!<br></div><div class="spacer battle-history"><br></div><div class="battle-history">In-figthter sent out <strong>Porygon</strong>!<br></div><div class="battle-history"><small>[The opposing Porygon's Trace]</small><br><small>[The opposing Porygon's Battle Armor]</small><br><small>The opposing Porygon traced Cubone's Battle Armor!</small><br></div><div class="spacer battle-history"><br></div><h2 class="battle-history">Turn 8</h2><div class="spacer battle-history"><br></div><div class="battle-history">Cubone used <strong>Thunder Punch</strong>!<br></div><div class="battle-history"><small>(The opposing Porygon lost <abbr title="−19/26">73.1%</abbr> of its health!)</small><br></div><div class="spacer battle-history"><br></div><div class="battle-history">The opposing Porygon used <strong>Ice Beam</strong>!<br></div><div class="battle-history"><small>It's super effective!</small><br></div><div class="battle-history"><small>(Cubone lost <abbr title="−15/21">71.4%</abbr> of its health!)</small><br></div><div class="spacer battle-history"><br></div><div class="battle-history">Cubone fainted!<br></div><div class="spacer battle-history"><br></div><div class="battle-history">Go! <strong>Snivy</strong>!<br></div><div class="battle-history"><small>Pointed stones dug into Snivy!</small><br></div><div class="spacer battle-history"><br></div><h2 class="battle-history">Turn 9</h2><div class="spacer battle-history"><br></div><div class="battle-history">In-figthter withdrew Porygon!<br></div><div class="battle-history">In-figthter sent out <strong>Gastly</strong>!<br></div><div class="spacer battle-history"><br></div><div class="battle-history">Snivy used <strong>Leaf Storm</strong>!<br></div><div class="battle-history"><small>It's not very effective...</small><br></div><div class="battle-history"><small>(The opposing Gastly lost <abbr title="−9/19">47.4%</abbr> of its health!)</small><br></div><div class="battle-history"><small>Snivy's Special Attack rose sharply!</small><br></div><div class="spacer battle-history"><br></div><h2 class="battle-history">Turn 10</h2><div class="spacer battle-history"><br></div><div class="battle-history">The opposing Gastly used <strong>Substitute</strong>!<br></div><div class="battle-history"><small>The opposing Gastly put in a substitute!</small><br></div><div class="battle-history"><small>(The opposing Gastly lost <abbr title="−4/19">21.1%</abbr> of its health!)</small><br></div><div class="spacer battle-history"><br></div><div class="battle-history">Snivy used <strong>Leaf Storm</strong>!<br></div><div class="battle-history"><small>The opposing Gastly avoided the attack!</small><br></div><div class="spacer battle-history"><br></div><h2 class="battle-history">Turn 11</h2><div class="spacer battle-history"><br></div><div class="battle-history">The opposing Gastly used <strong>Sludge Bomb</strong>!<br></div><div class="battle-history"><small>It's super effective!</small><br></div><div class="battle-history"><small>(Snivy lost <abbr title="−19/21">90.5%</abbr> of its health!)</small><br></div><div class="battle-history"><small>The opposing Gastly lost some of its HP!</small><br></div><div class="spacer battle-history"><br></div><div class="battle-history">Snivy fainted!<br></div><div class="spacer battle-history"><br></div><div class="battle-history">Go! <strong>Pancham</strong>!<br></div><div class="battle-history"><small>Pointed stones dug into Pancham!</small><br></div><div class="spacer battle-history"><br></div><h2 class="battle-history">Turn 12</h2><div class="spacer battle-history"><br></div><div class="battle-history">The opposing Gastly used <strong>Dazzling Gleam</strong>!<br></div><div class="battle-history"><small>It's super effective!</small><br></div><div class="battle-history"><small>(Pancham lost <abbr title="−21/23">91.3%</abbr> of its health!)</small><br></div><div class="battle-history"><small>The opposing Gastly lost some of its HP!</small><br></div><div class="spacer battle-history"><br></div><div class="battle-history">Pancham used <strong>Power-Up Punch</strong>!<br></div><div class="battle-history"><small>It's not very effective...</small><br></div><div class="battle-history"><small>The opposing Gastly's substitute faded!</small><br></div><div class="battle-history"><small>Pancham's Attack rose!</small><br></div><div class="battle-history"><small>Pancham lost some of its HP!</small><br></div><div class="spacer battle-history"><br></div><div class="battle-history">Pancham fainted!<br></div><div class="spacer battle-history"><br></div><div class="battle-history">Go! <strong>Gastly</strong>!<br></div><div class="battle-history"><small>Pointed stones dug into Gastly!</small><br></div><div class="spacer battle-history"><br></div><h2 class="battle-history">Turn 13</h2><div class="spacer battle-history"><br></div><div class="battle-history">Gastly used <strong>Sucker Punch</strong>!<br></div><div class="battle-history"><small>It's super effective!</small><br></div><div class="battle-history"><small>(The opposing Gastly lost <abbr title="−4/19">21.1%</abbr> of its health!)</small><br></div><div class="spacer battle-history"><br></div><div class="battle-history">The opposing Gastly fainted!<br></div><div class="spacer battle-history"><br></div><div class="battle-history">In-figthter sent out <strong>Porygon</strong>!<br></div><div class="battle-history"><small>[The opposing Porygon's Trace]</small><br><small>[The opposing Porygon's Levitate]</small><br><small>The opposing Porygon traced Gastly's Levitate!</small><br></div><div class="spacer battle-history"><br></div><h2 class="battle-history">Turn 14</h2><div class="spacer battle-history"><br></div><div class="battle-history">Gastly used <strong>Sludge Bomb</strong>!<br></div><div class="battle-history"><small>(The opposing Porygon lost <abbr title="−7/26">26.9%</abbr> of its health!)</small><br></div><div class="spacer battle-history"><br></div><div class="battle-history">The opposing Porygon fainted!<br></div><div class="spacer battle-history"><br></div><div class="battle-history">In-figthter sent out <strong>Mienfoo</strong>!<br></div><div class="spacer battle-history"><br></div><h2 class="battle-history">Turn 15</h2><div class="spacer battle-history"><br></div><div class="battle-history">The opposing Mienfoo used <strong>Knock Off</strong>!<br></div><div class="battle-history"><small>It's super effective!</small><br></div><div class="battle-history"><small>A critical hit!</small><br></div><div class="battle-history"><small>(Gastly lost <abbr title="−17/19">89.5%</abbr> of its health!)</small><br></div><div class="battle-history"><small>The opposing Mienfoo knocked off Gastly's Focus Sash!</small><br></div><div class="spacer battle-history"><br></div><div class="battle-history">Gastly fainted!<br></div><div class="spacer battle-history"><br></div><div class="battle-history">Go! <strong>Magby</strong>!<br></div><div class="battle-history"><small>Pointed stones dug into Magby!</small><br></div><div class="spacer battle-history"><br></div><h2 class="battle-history">Turn 16</h2><div class="spacer battle-history"><br></div><div class="battle-history">In-figthter withdrew Mienfoo!<br></div><div class="battle-history">In-figthter sent out <strong>Cranidos</strong>!<br></div><div class="spacer battle-history"><br></div><div class="battle-history">Magby used <strong>Fire Punch</strong>!<br></div><div class="battle-history"><small>It's not very effective...</small><br></div><div class="battle-history"><small>(The opposing Cranidos lost <abbr title="−6/23">26.1%</abbr> of its health!)</small><br></div><div class="spacer battle-history"><br></div><h2 class="battle-history">Turn 17</h2><div class="spacer battle-history"><br></div><div class="battle-history">Magby used <strong>Mach Punch</strong>!<br></div><div class="battle-history"><small>It's super effective!</small><br></div><div class="battle-history"><small>(The opposing Cranidos lost <abbr title="−10/23">43.5%</abbr> of its health!)</small><br></div><div class="battle-history"><small>(The opposing Cranidos used its Berry Juice!)</small><br></div><div class="battle-history"><small>The opposing Cranidos restored HP using its Berry Juice!</small><br></div><div class="spacer battle-history"><br></div><div class="battle-history">The opposing Cranidos used <strong>Rock Slide</strong>!<br></div><div class="battle-history"><small>It's super effective!</small><br></div><div class="battle-history"><small>(Magby lost <abbr title="−17/22">77.3%</abbr> of its health!)</small><br></div><div class="spacer battle-history"><br></div><div class="battle-history">Magby fainted!<br></div><div class="spacer battle-history"><br></div><div class="battle-history"><small>Drevix forfeited.</small><br></div><div class="spacer battle-history"><br></div><div class="battle-history"><strong>In-figthter</strong> won the battle!<br></div><div class="chat"><small>Drevix left.</small></div></div><div class="inner-preempt"></div></div></div>
</div>
<script>
let daily = Math.floor(Date.now()/1000/60/60/24);document.write('<script src="https://play.pokemonshowdown.com/js/replay-embed.js?version'+daily+'"></'+'script>');
</script>
