<!DOCTYPE html>
<meta charset="utf-8" />
<!-- version 1 -->
<title>LC replay: Hunter_30197 vs. vdctrainer</title>
<style>
html,body {font-family:Verdana, sans-serif;font-size:10pt;margin:0;padding:0;}body{padding:12px 0;} .battle-log {font-family:Verdana, sans-serif;font-size:10pt;} .battle-log-inline {border:1px solid #AAAAAA;background:#EEF2F5;color:black;max-width:640px;margin:0 auto 80px;padding-bottom:5px;} .battle-log .inner {padding:4px 8px 0px 8px;} .battle-log .inner-preempt {padding:0 8px 4px 8px;} .battle-log .inner-after {margin-top:0.5em;} .battle-log h2 {margin:0.5em -8px;padding:4px 8px;border:1px solid #AAAAAA;background:#E0E7EA;border-left:0;border-right:0;font-family:Verdana, sans-serif;font-size:13pt;} .battle-log .chat {vertical-align:middle;padding:3px 0 3px 0;font-size:8pt;} .battle-log .chat strong {color:#40576A;} .battle-log .chat em {padding:1px 4px 1px 3px;color:#000000;font-style:normal;} .chat.mine {background:rgba(0,0,0,0.05);margin-left:-8px;margin-right:-8px;padding-left:8px;padding-right:8px;} .spoiler {color:#BBBBBB;background:#BBBBBB;padding:0px 3px;} .spoiler:hover, .spoiler:active, .spoiler-shown {color:#000000;background:#E2E2E2;padding:0px 3px;} .spoiler a {color:#BBBBBB;} .spoiler:hover a, .spoiler:active a, .spoiler-shown a {color:#2288CC;} .chat code, .chat .spoiler:hover code, .chat .spoiler:active code, .chat .spoiler-shown code {border:1px solid #C0C0C0;background:#EEEEEE;color:black;padding:0 2px;} .chat .spoiler code {border:1px solid #CCCCCC;background:#CCCCCC;color:#CCCCCC;} .battle-log .rated {padding:3px 4px;} .battle-log .rated strong {color:white;background:#89A;padding:1px 4px;border-radius:4px;} .spacer {margin-top:0.5em;} .message-announce {background:#6688AA;color:white;padding:1px 4px 2px;} .message-announce a, .broadcast-green a, .broadcast-blue a, .broadcast-red a {color:#DDEEFF;} .broadcast-green {background-color:#559955;color:white;padding:2px 4px;} .broadcast-blue {background-color:#6688AA;color:white;padding:2px 4px;} .infobox {border:1px solid #6688AA;padding:2px 4px;} .infobox-limited {max-height:200px;overflow:auto;overflow-x:hidden;} .broadcast-red {background-color:#AA5544;color:white;padding:2px 4px;} .message-learn-canlearn {font-weight:bold;color:#228822;text-decoration:underline;} .message-learn-cannotlearn {font-weight:bold;color:#CC2222;text-decoration:underline;} .message-effect-weak {font-weight:bold;color:#CC2222;} .message-effect-resist {font-weight:bold;color:#6688AA;} .message-effect-immune {font-weight:bold;color:#666666;} .message-learn-list {margin-top:0;margin-bottom:0;} .message-throttle-notice, .message-error {color:#992222;} .message-overflow, .chat small.message-overflow {font-size:0pt;} .message-overflow::before {font-size:9pt;content:'...';} .subtle {color:#3A4A66;}
</style>
<div class="wrapper replay-wrapper" style="max-width:1180px;margin:0 auto">
<input type="hidden" name="replayid" value="lc-514179047" />
<div class="battle"></div><div class="battle-log"></div><div class="replay-controls"></div><div class="replay-controls-2"></div>
<h1 style="font-weight:normal;text-align:center"><strong>LC</strong><br /><a href="http://pokemonshowdown.com/users/hunter30197" class="subtle" target="_blank">Hunter_30197</a> vs. <a href="http://pokemonshowdown.com/users/vdctrainer" class="subtle" target="_blank">vdctrainer</a></h1>
<script type="text/plain" class="battle-log-data">|j|Hunter_30197
|j|vdctrainer
|player|p1|Hunter_30197|290
|player|p2|vdctrainer|2
|gametype|singles
|gen|6
|tier|LC
|rated
|seed|3550,30398,65192,52401
|clearpoke
|poke|p1|Mienfoo, L5, M|item
|poke|p1|Chinchou, L5, F|item
|poke|p1|Fletchling, L5, F|
|poke|p1|Solosis, L5, F|item
|poke|p1|Gastly, L5, M|item
|poke|p1|Houndour, L5, F|item
|poke|p2|Dratini, L5, F, shiny|item
|poke|p2|Litwick, L5, F, shiny|item
|poke|p2|Clamperl, L5, F, shiny|item
|poke|p2|Porygon, L5, shiny|item
|poke|p2|Trubbish, L5, F, shiny|item
|poke|p2|Elgyem, L5, M, shiny|item
|rule|Sleep Clause Mod: Limit one foe put to sleep
|rule|Species Clause: Limit one of each Pokémon
|rule|OHKO Clause: OHKO moves are banned
|rule|Moody Clause: Moody is banned
|rule|Evasion Moves Clause: Evasion moves are banned
|rule|Endless Battle Clause: Forcing endless battles is banned
|rule|HP Percentage Mod: HP is shown in percentages
|teampreview
|choice|team 3, team 2, team 1, team 4, team 5, team 6|team 2, team 1, team 3, team 4, team 5, team 6
|
|start
|switch|p1a: Fletchling|Fletchling, L5, F|23\/23
|switch|p2a: Litwick|Litwick, L5, F, shiny|23\/23
|turn|1
|choice|move swordsdance|move trickroom
|
|move|p1a: Fletchling|Swords Dance|p1a: Fletchling
|-boost|p1a: Fletchling|atk|2
|move|p2a: Litwick|Trick Room|p2a: Litwick
|-fieldstart|move: Trick Room|[of] p2a: Litwick
|
|upkeep
|turn|2
|choice|move acrobatics|move flamethrower
|
|move|p1a: Fletchling|Acrobatics|p2a: Litwick
|-damage|p2a: Litwick|0 fnt
|-status|p1a: Fletchling|brn|[from] ability: Flame Body|[of] p2a: Litwick
|faint|p2a: Litwick
|
|-damage|p1a: Fletchling|21\/23 brn|[from] brn
|upkeep
|choice||switch 3
|
|switch|p2a: Clamperl|Clamperl, L5, F, shiny|20\/20
|turn|3
|choice|move acrobatics|move substitute
|
|move|p1a: Fletchling|Acrobatics|p2a: Clamperl
|-damage|p2a: Clamperl|10\/20
|move|p2a: Clamperl|Substitute|p2a: Clamperl
|-start|p2a: Clamperl|Substitute
|-damage|p2a: Clamperl|5\/20
|
|-damage|p1a: Fletchling|19\/23 brn|[from] brn
|upkeep
|turn|4
|choice|move swordsdance|move icebeam
|
|move|p2a: Clamperl|Ice Beam|p1a: Fletchling
|-supereffective|p1a: Fletchling
|-damage|p1a: Fletchling|0 fnt
|faint|p1a: Fletchling
|
|upkeep
|choice|switch 4|
|
|switch|p1a: Solosis|Solosis, L5, F|22\/22
|turn|5
|choice|move psychic|move surf
|
|move|p1a: Solosis|Psychic|p2a: Clamperl
|-end|p2a: Clamperl|Substitute
|move|p2a: Clamperl|Surf|p1a: Solosis
|-damage|p1a: Solosis|3\/22
|
|-fieldend|move: Trick Room
|upkeep
|turn|6
|choice|move psychic|move surf
|
|move|p2a: Clamperl|Surf|p1a: Solosis
|-damage|p1a: Solosis|0 fnt
|faint|p1a: Solosis
|
|upkeep
|choice|switch 5|
|
|switch|p1a: Gastly|Gastly, L5, M|19\/19
|turn|7
|choice|move dazzlinggleam|move surf
|
|move|p1a: Gastly|Dazzling Gleam|p2a: Clamperl
|-damage|p2a: Clamperl|0 fnt
|-damage|p1a: Gastly|18\/19|[from] item: Life Orb
|faint|p2a: Clamperl
|
|upkeep
|choice||switch 4
|
|switch|p2a: Porygon|Porygon, L5, shiny|26\/26
|-ability|p2a: Porygon|Download|boost
|-boost|p2a: Porygon|atk|1
|turn|8
|choice|move sludgebomb|move thunderwave
|
|move|p1a: Gastly|Sludge Bomb|p2a: Porygon
|-damage|p2a: Porygon|14\/26
|-status|p2a: Porygon|psn
|-damage|p1a: Gastly|17\/19|[from] item: Life Orb
|move|p2a: Porygon|Thunder Wave|p1a: Gastly
|-status|p1a: Gastly|par
|
|-damage|p2a: Porygon|11\/26 psn|[from] psn
|upkeep
|turn|9
|choice|move substitute|move psychic
|
|move|p2a: Porygon|Psychic|p1a: Gastly
|-supereffective|p1a: Gastly
|-damage|p1a: Gastly|0 fnt
|faint|p1a: Gastly
|
|-damage|p2a: Porygon|8\/26 psn|[from] psn
|upkeep
|choice|switch 3|
|
|switch|p1a: Mienfoo|Mienfoo, L5, M|21\/21
|turn|10
|choice|move drainpunch|move thunderwave
|
|move|p1a: Mienfoo|Drain Punch|p2a: Porygon
|-supereffective|p2a: Porygon
|-damage|p2a: Porygon|0 fnt
|faint|p2a: Porygon
|
|upkeep
|choice||switch 6
|
|switch|p2a: Tooru|Elgyem, L5, M, shiny|22\/22
|turn|11
|choice|move knockoff|move psychic
|
|move|p1a: Mienfoo|Knock Off|p2a: Tooru
|-supereffective|p2a: Tooru
|-damage|p2a: Tooru|12\/22
|-enditem|p2a: Tooru|Eviolite|[from] move: Knock Off|[of] p1a: Mienfoo
|move|p2a: Tooru|Psychic|p1a: Mienfoo
|-supereffective|p1a: Mienfoo
|-damage|p1a: Mienfoo|1\/21
|
|upkeep
|turn|12
|choice|move uturn|move psychic
|
|move|p1a: Mienfoo|U-turn|p2a: Tooru
|-supereffective|p2a: Tooru
|-damage|p2a: Tooru|0 fnt
|faint|p2a: Tooru
|choice|switch 2|
|
|switch|p1a: Chinchou|Chinchou, L5, F|25\/25
|
|upkeep
|choice||switch 5
|
|switch|p2a: Trubbish|Trubbish, L5, F, shiny|21\/21
|turn|13
|choice|move scald|move curse
|
|move|p1a: Chinchou|Scald|p2a: Trubbish
|-damage|p2a: Trubbish|11\/21
|move|p2a: Trubbish|Curse|p2a: Trubbish
|-unboost|p2a: Trubbish|spe|1
|-boost|p2a: Trubbish|atk|1
|-boost|p2a: Trubbish|def|1
|
|upkeep
|turn|14
|choice|move icebeam|move drainpunch
|
|move|p1a: Chinchou|Ice Beam|p2a: Trubbish
|-damage|p2a: Trubbish|3\/21
|-enditem|p2a: Trubbish|Berry Juice
|-heal|p2a: Trubbish|21\/21|[from] item: Berry Juice
|move|p2a: Trubbish|Drain Punch|p1a: Chinchou
|-damage|p1a: Chinchou|15\/25
|
|upkeep
|turn|15
|choice|move icebeam|move toxicspikes
|
|move|p1a: Chinchou|Ice Beam|p2a: Trubbish
|-damage|p2a: Trubbish|13\/21
|-status|p2a: Trubbish|frz
|-curestatus|p2a: Trubbish|frz|[msg]
|move|p2a: Trubbish|Toxic Spikes|p1a: Chinchou
|-sidestart|p1: Hunter_30197|move: Toxic Spikes
|
|upkeep
|turn|16
|choice|move icebeam|move drainpunch
|
|move|p1a: Chinchou|Ice Beam|p2a: Trubbish
|-damage|p2a: Trubbish|6\/21
|move|p2a: Trubbish|Drain Punch|p1a: Chinchou
|-damage|p1a: Chinchou|5\/25
|-heal|p2a: Trubbish|11\/21|[from] drain|[of] p1a: Chinchou
|-enditem|p1a: Chinchou|Berry Juice
|-heal|p1a: Chinchou|25\/25|[from] item: Berry Juice
|
|upkeep
|turn|17
|choice|move icebeam|move drainpunch
|
|move|p1a: Chinchou|Ice Beam|p2a: Trubbish
|-damage|p2a: Trubbish|3\/21
|move|p2a: Trubbish|Drain Punch|p1a: Chinchou
|-damage|p1a: Chinchou|16\/25
|-heal|p2a: Trubbish|8\/21|[from] drain|[of] p1a: Chinchou
|
|upkeep
|turn|18
|choice|move icebeam|move drainpunch
|
|move|p1a: Chinchou|Ice Beam|p2a: Trubbish
|-damage|p2a: Trubbish|0 fnt
|faint|p2a: Trubbish
|
|upkeep
|choice||switch 2
|
|switch|p2a: Dratini|Dratini, L5, F, shiny|20\/20
|turn|19
|choice|move icebeam|move dragondance
|
|move|p2a: Dratini|Dragon Dance|p2a: Dratini
|-boost|p2a: Dratini|atk|1
|-boost|p2a: Dratini|spe|1
|move|p1a: Chinchou|Ice Beam|p2a: Dratini
|-supereffective|p2a: Dratini
|-damage|p2a: Dratini|2\/20
|
|upkeep
|turn|20
|choice|move icebeam|move extremespeed
|
|move|p2a: Dratini|Extreme Speed|p1a: Chinchou
|-damage|p1a: Chinchou|0 fnt
|-damage|p2a: Dratini|0 fnt|[from] item: Life Orb
|faint|p1a: Chinchou
|faint|p2a: Dratini
|
|win|Hunter_30197
|player|p1
|player|p2
|c|★vdctrainer|Gg</script>
</div>
<div class="battle-log battle-log-inline"><div class="inner"><div class="battle-options"></div><div class="inner"><div class="chat"><small>Hunter_30197 joined.</small></div><div class="chat"><small>vdctrainer joined.</small></div><div class=""><small>Format:</small> <br><strong>LC</strong></div><div class="rated"><strong>Rated battle</strong></div><div class=""><small><em>Sleep Clause Mod:</em> Limit one foe put to sleep</small></div><div class=""><small><em>Species Clause:</em> Limit one of each Pokémon</small></div><div class=""><small><em>OHKO Clause:</em> OHKO moves are banned</small></div><div class=""><small><em>Moody Clause:</em> Moody is banned</small></div><div class=""><small><em>Evasion Moves Clause:</em> Evasion moves are banned</small></div><div class=""><small><em>Endless Battle Clause:</em> Forcing endless battles is banned</small></div><div class=""><small><em>HP Percentage Mod:</em> HP is shown in percentages</small></div><div class="chat battle-history"><strong>Hunter_30197's team:</strong> <em style="color:#445566;display:block;">Mienfoo / Chinchou / Fletchling / Solosis / Gastly / Houndour</em></div><div class="chat battle-history"><strong>vdctrainer's team:</strong> <em style="color:#445566;display:block;">Dratini / Litwick / Clamperl / Porygon / Trubbish / Elgyem</em></div><div class="spacer battle-history"><br></div><div class="battle-history">Battle started between Hunter_30197 and vdctrainer!<br></div><div class="spacer battle-history"><br></div><div class="battle-history">Go! <strong>Fletchling</strong>!<br></div><div class="spacer battle-history"><br></div><div class="battle-history">vdctrainer sent out <strong>Litwick</strong>!<br></div><div class="spacer battle-history"><br></div><h2 class="battle-history">Turn 1</h2><div class="spacer battle-history"><br></div><div class="battle-history">Fletchling used <strong>Swords Dance</strong>!<br></div><div class="battle-history"><small>Fletchling's Attack rose sharply!</small><br></div><div class="spacer battle-history"><br></div><div class="battle-history">The opposing Litwick used <strong>Trick Room</strong>!<br></div><div class="battle-history"><small>The opposing Litwick twisted the dimensions!</small><br></div><div class="spacer battle-history"><br></div><h2 class="battle-history">Turn 2</h2><div class="spacer battle-history"><br></div><div class="battle-history">Fletchling used <strong>Acrobatics</strong>!<br></div><div class="battle-history"><small>(The opposing Litwick lost <abbr title="−23/23">100%</abbr> of its health!)</small><br></div><div class="battle-history"><small>[The opposing Litwick's Flame Body]</small><br><small>Fletchling was burned!</small><br></div><div class="spacer battle-history"><br></div><div class="battle-history">The opposing Litwick fainted!<br></div><div class="spacer battle-history"><br></div><div class="battle-history"><small>Fletchling was hurt by its burn!</small><br></div><div class="spacer battle-history"><br></div><div class="battle-history">vdctrainer sent out <strong>Clamperl</strong>!<br></div><div class="spacer battle-history"><br></div><h2 class="battle-history">Turn 3</h2><div class="spacer battle-history"><br></div><div class="battle-history">Fletchling used <strong>Acrobatics</strong>!<br></div><div class="battle-history"><small>(The opposing Clamperl lost <abbr title="−10/20">50%</abbr> of its health!)</small><br></div><div class="spacer battle-history"><br></div><div class="battle-history">The opposing Clamperl used <strong>Substitute</strong>!<br></div><div class="battle-history"><small>The opposing Clamperl put in a substitute!</small><br></div><div class="battle-history"><small>(The opposing Clamperl lost <abbr title="−5/20">25%</abbr> of its health!)</small><br></div><div class="spacer battle-history"><br></div><div class="battle-history"><small>Fletchling was hurt by its burn!</small><br></div><div class="spacer battle-history"><br></div><h2 class="battle-history">Turn 4</h2><div class="spacer battle-history"><br></div><div class="battle-history">The opposing Clamperl used <strong>Ice Beam</strong>!<br></div><div class="battle-history"><small>It's super effective!</small><br></div><div class="battle-history"><small>(Fletchling lost <abbr title="−19/23">82.6%</abbr> of its health!)</small><br></div><div class="spacer battle-history"><br></div><div class="battle-history">Fletchling fainted!<br></div><div class="spacer battle-history"><br></div><div class="battle-history">Go! <strong>Solosis</strong>!<br></div><div class="spacer battle-history"><br></div><h2 class="battle-history">Turn 5</h2><div class="spacer battle-history"><br></div><div class="battle-history">Solosis used <strong>Psychic</strong>!<br></div><div class="battle-history"><small>The opposing Clamperl's substitute faded!</small><br></div><div class="spacer battle-history"><br></div><div class="battle-history">The opposing Clamperl used <strong>Surf</strong>!<br></div><div class="battle-history"><small>(Solosis lost <abbr title="−19/22">86.4%</abbr> of its health!)</small><br></div><div class="spacer battle-history"><br></div><div class="battle-history"><small>The twisted dimensions returned to normal!</small><br></div><div class="spacer battle-history"><br></div><h2 class="battle-history">Turn 6</h2><div class="spacer battle-history"><br></div><div class="battle-history">The opposing Clamperl used <strong>Surf</strong>!<br></div><div class="battle-history"><small>(Solosis lost <abbr title="−3/22">13.6%</abbr> of its health!)</small><br></div><div class="spacer battle-history"><br></div><div class="battle-history">Solosis fainted!<br></div><div class="spacer battle-history"><br></div><div class="battle-history">Go! <strong>Gastly</strong>!<br></div><div class="spacer battle-history"><br></div><h2 class="battle-history">Turn 7</h2><div class="spacer battle-history"><br></div><div class="battle-history">Gastly used <strong>Dazzling Gleam</strong>!<br></div><div class="battle-history"><small>(The opposing Clamperl lost <abbr title="−5/20">25%</abbr> of its health!)</small><br></div><div class="battle-history"><small>Gastly lost some of its HP!</small><br></div><div class="spacer battle-history"><br></div><div class="battle-history">The opposing Clamperl fainted!<br></div><div class="spacer battle-history"><br></div><div class="battle-history">vdctrainer sent out <strong>Porygon</strong>!<br></div><div class="battle-history"><small>[The opposing Porygon's Download]</small><br></div><div class="battle-history"><small>The opposing Porygon's Attack rose!</small><br></div><div class="spacer battle-history"><br></div><h2 class="battle-history">Turn 8</h2><div class="spacer battle-history"><br></div><div class="battle-history">Gastly used <strong>Sludge Bomb</strong>!<br></div><div class="battle-history"><small>(The opposing Porygon lost <abbr title="−12/26">46.2%</abbr> of its health!)</small><br></div><div class="battle-history"><small>The opposing Porygon was poisoned!</small><br></div><div class="battle-history"><small>Gastly lost some of its HP!</small><br></div><div class="spacer battle-history"><br></div><div class="battle-history">The opposing Porygon used <strong>Thunder Wave</strong>!<br></div><div class="battle-history"><small>Gastly is paralyzed! It may be unable to move!</small><br></div><div class="spacer battle-history"><br></div><div class="battle-history"><small>The opposing Porygon was hurt by poison!</small><br></div><div class="spacer battle-history"><br></div><h2 class="battle-history">Turn 9</h2><div class="spacer battle-history"><br></div><div class="battle-history">The opposing Porygon used <strong>Psychic</strong>!<br></div><div class="battle-history"><small>It's super effective!</small><br></div><div class="battle-history"><small>(Gastly lost <abbr title="−17/19">89.5%</abbr> of its health!)</small><br></div><div class="spacer battle-history"><br></div><div class="battle-history">Gastly fainted!<br></div><div class="spacer battle-history"><br></div><div class="battle-history"><small>The opposing Porygon was hurt by poison!</small><br></div><div class="spacer battle-history"><br></div><div class="battle-history">Go! <strong>Mienfoo</strong>!<br></div><div class="spacer battle-history"><br></div><h2 class="battle-history">Turn 10</h2><div class="spacer battle-history"><br></div><div class="battle-history">Mienfoo used <strong>Drain Punch</strong>!<br></div><div class="battle-history"><small>It's super effective!</small><br></div><div class="battle-history"><small>(The opposing Porygon lost <abbr title="−8/26">30.8%</abbr> of its health!)</small><br></div><div class="spacer battle-history"><br></div><div class="battle-history">The opposing Porygon fainted!<br></div><div class="spacer battle-history"><br></div><div class="battle-history">vdctrainer sent out Tooru (<strong>Elgyem</strong>)!<br></div><div class="spacer battle-history"><br></div><h2 class="battle-history">Turn 11</h2><div class="spacer battle-history"><br></div><div class="battle-history">Mienfoo used <strong>Knock Off</strong>!<br></div><div class="battle-history"><small>It's super effective!</small><br></div><div class="battle-history"><small>(The opposing Tooru lost <abbr title="−10/22">45.5%</abbr> of its health!)</small><br></div><div class="battle-history"><small>Mienfoo knocked off the opposing Tooru's Eviolite!</small><br></div><div class="spacer battle-history"><br></div><div class="battle-history">The opposing Tooru used <strong>Psychic</strong>!<br></div><div class="battle-history"><small>It's super effective!</small><br></div><div class="battle-history"><small>(Mienfoo lost <abbr title="−20/21">95.2%</abbr> of its health!)</small><br></div><div class="spacer battle-history"><br></div><h2 class="battle-history">Turn 12</h2><div class="spacer battle-history"><br></div><div class="battle-history">Mienfoo used <strong>U-turn</strong>!<br></div><div class="battle-history"><small>It's super effective!</small><br></div><div class="battle-history"><small>(The opposing Tooru lost <abbr title="−12/22">54.5%</abbr> of its health!)</small><br></div><div class="spacer battle-history"><br></div><div class="battle-history">The opposing Tooru fainted!<br></div><div class="spacer battle-history"><br></div><div class="battle-history">Mienfoo went back to Hunter_30197!<br></div><div class="battle-history">Go! <strong>Chinchou</strong>!<br></div><div class="spacer battle-history"><br></div><div class="battle-history">vdctrainer sent out <strong>Trubbish</strong>!<br></div><div class="spacer battle-history"><br></div><h2 class="battle-history">Turn 13</h2><div class="spacer battle-history"><br></div><div class="battle-history">Chinchou used <strong>Scald</strong>!<br></div><div class="battle-history"><small>(The opposing Trubbish lost <abbr title="−10/21">47.6%</abbr> of its health!)</small><br></div><div class="spacer battle-history"><br></div><div class="battle-history">The opposing Trubbish used <strong>Curse</strong>!<br></div><div class="battle-history"><small>The opposing Trubbish's Speed fell!</small><br></div><div class="battle-history"><small>The opposing Trubbish's Attack rose!</small><br></div><div class="battle-history"><small>The opposing Trubbish's Defense rose!</small><br></div><div class="spacer battle-history"><br></div><h2 class="battle-history">Turn 14</h2><div class="spacer battle-history"><br></div><div class="battle-history">Chinchou used <strong>Ice Beam</strong>!<br></div><div class="battle-history"><small>(The opposing Trubbish lost <abbr title="−8/21">38.1%</abbr> of its health!)</small><br></div><div class="battle-history"><small>(The opposing Trubbish used its Berry Juice!)</small><br></div><div class="battle-history"><small>The opposing Trubbish restored HP using its Berry Juice!</small><br></div><div class="spacer battle-history"><br></div><div class="battle-history">The opposing Trubbish used <strong>Drain Punch</strong>!<br></div><div class="battle-history"><small>(Chinchou lost <abbr title="−10/25">40%</abbr> of its health!)</small><br></div><div class="spacer battle-history"><br></div><h2 class="battle-history">Turn 15</h2><div class="spacer battle-history"><br></div><div class="battle-history">Chinchou used <strong>Ice Beam</strong>!<br></div><div class="battle-history"><small>(The opposing Trubbish lost <abbr title="−8/21">38.1%</abbr> of its health!)</small><br></div><div class="battle-history"><small>The opposing Trubbish was frozen solid!</small><br></div><div class="battle-history"><small>The opposing Trubbish thawed out!</small><br></div><div class="spacer battle-history"><br></div><div class="battle-history">The opposing Trubbish used <strong>Toxic Spikes</strong>!<br></div><div class="battle-history"><small>Poison spikes were scattered on the ground all around your team!</small><br></div><div class="spacer battle-history"><br></div><h2 class="battle-history">Turn 16</h2><div class="spacer battle-history"><br></div><div class="battle-history">Chinchou used <strong>Ice Beam</strong>!<br></div><div class="battle-history"><small>(The opposing Trubbish lost <abbr title="−7/21">33.3%</abbr> of its health!)</small><br></div><div class="spacer battle-history"><br></div><div class="battle-history">The opposing Trubbish used <strong>Drain Punch</strong>!<br></div><div class="battle-history"><small>(Chinchou lost <abbr title="−10/25">40%</abbr> of its health!)</small><br></div><div class="battle-history"><small>Chinchou had its energy drained!</small><br></div><div class="battle-history"><small>(Chinchou used its Berry Juice!)</small><br></div><div class="battle-history"><small>Chinchou restored HP using its Berry Juice!</small><br></div><div class="spacer battle-history"><br></div><h2 class="battle-history">Turn 17</h2><div class="spacer battle-history"><br></div><div class="battle-history">Chinchou used <strong>Ice Beam</strong>!<br></div><div class="battle-history"><small>(The opposing Trubbish lost <abbr title="−8/21">38.1%</abbr> of its health!)</small><br></div><div class="spacer battle-history"><br></div><div class="battle-history">The opposing Trubbish used <strong>Drain Punch</strong>!<br></div><div class="battle-history"><small>(Chinchou lost <abbr title="−9/25">36%</abbr> of its health!)</small><br></div><div class="battle-history"><small>Chinchou had its energy drained!</small><br></div><div class="spacer battle-history"><br></div><h2 class="battle-history">Turn 18</h2><div class="spacer battle-history"><br></div><div class="battle-history">Chinchou used <strong>Ice Beam</strong>!<br></div><div class="battle-history"><small>(The opposing Trubbish lost <abbr title="−8/21">38.1%</abbr> of its health!)</small><br></div><div class="spacer battle-history"><br></div><div class="battle-history">The opposing Trubbish fainted!<br></div><div class="spacer battle-history"><br></div><div class="battle-history">vdctrainer sent out <strong>Dratini</strong>!<br></div><div class="spacer battle-history"><br></div><h2 class="battle-history">Turn 19</h2><div class="spacer battle-history"><br></div><div class="battle-history">The opposing Dratini used <strong>Dragon Dance</strong>!<br></div><div class="battle-history"><small>The opposing Dratini's Attack rose!</small><br></div><div class="battle-history"><small>The opposing Dratini's Speed rose!</small><br></div><div class="spacer battle-history"><br></div><div class="battle-history">Chinchou used <strong>Ice Beam</strong>!<br></div><div class="battle-history"><small>It's super effective!</small><br></div><div class="battle-history"><small>(The opposing Dratini lost <abbr title="−18/20">90%</abbr> of its health!)</small><br></div><div class="spacer battle-history"><br></div><h2 class="battle-history">Turn 20</h2><div class="spacer battle-history"><br></div><div class="battle-history">The opposing Dratini used <strong>Extreme Speed</strong>!<br></div><div class="battle-history"><small>(Chinchou lost <abbr title="−16/25">64%</abbr> of its health!)</small><br></div><div class="battle-history"><small>The opposing Dratini lost some of its HP!</small><br></div><div class="spacer battle-history"><br></div><div class="battle-history">Chinchou fainted!<br></div><div class="battle-history">The opposing Dratini fainted!<br></div><div class="spacer battle-history"><br></div><div class="battle-history"><strong>Hunter_30197</strong> won the battle!<br></div><div class="chat chatmessage-vdctrainer"><strong style="color:hsl(256,53%,59.57951699274657%)"><small>★</small><span class="username" data-name="vdctrainer">vdctrainer</span>:</strong> <em>Gg</em></div></div><div class="inner-preempt"></div></div></div>
</div>
<script>
let daily = Math.floor(Date.now()/1000/60/60/24);document.write('<script src="https://play.pokemonshowdown.com/js/replay-embed.js?version'+daily+'"></'+'script>');
</script>
