<!DOCTYPE html>
<meta charset="utf-8" />
<!-- version 1 -->
<title>LC replay: Clarilla vs. Nashandra.gif</title>
<style>
html,body {font-family:Verdana, sans-serif;font-size:10pt;margin:0;padding:0;}body{padding:12px 0;} .battle-log {font-family:Verdana, sans-serif;font-size:10pt;} .battle-log-inline {border:1px solid #AAAAAA;background:#EEF2F5;color:black;max-width:640px;margin:0 auto 80px;padding-bottom:5px;} .battle-log .inner {padding:4px 8px 0px 8px;} .battle-log .inner-preempt {padding:0 8px 4px 8px;} .battle-log .inner-after {margin-top:0.5em;} .battle-log h2 {margin:0.5em -8px;padding:4px 8px;border:1px solid #AAAAAA;background:#E0E7EA;border-left:0;border-right:0;font-family:Verdana, sans-serif;font-size:13pt;} .battle-log .chat {vertical-align:middle;padding:3px 0 3px 0;font-size:8pt;} .battle-log .chat strong {color:#40576A;} .battle-log .chat em {padding:1px 4px 1px 3px;color:#000000;font-style:normal;} .chat.mine {background:rgba(0,0,0,0.05);margin-left:-8px;margin-right:-8px;padding-left:8px;padding-right:8px;} .spoiler {color:#BBBBBB;background:#BBBBBB;padding:0px 3px;} .spoiler:hover, .spoiler:active, .spoiler-shown {color:#000000;background:#E2E2E2;padding:0px 3px;} .spoiler a {color:#BBBBBB;} .spoiler:hover a, .spoiler:active a, .spoiler-shown a {color:#2288CC;} .chat code, .chat .spoiler:hover code, .chat .spoiler:active code, .chat .spoiler-shown code {border:1px solid #C0C0C0;background:#EEEEEE;color:black;padding:0 2px;} .chat .spoiler code {border:1px solid #CCCCCC;background:#CCCCCC;color:#CCCCCC;} .battle-log .rated {padding:3px 4px;} .battle-log .rated strong {color:white;background:#89A;padding:1px 4px;border-radius:4px;} .spacer {margin-top:0.5em;} .message-announce {background:#6688AA;color:white;padding:1px 4px 2px;} .message-announce a, .broadcast-green a, .broadcast-blue a, .broadcast-red a {color:#DDEEFF;} .broadcast-green {background-color:#559955;color:white;padding:2px 4px;} .broadcast-blue {background-color:#6688AA;color:white;padding:2px 4px;} .infobox {border:1px solid #6688AA;padding:2px 4px;} .infobox-limited {max-height:200px;overflow:auto;overflow-x:hidden;} .broadcast-red {background-color:#AA5544;color:white;padding:2px 4px;} .message-learn-canlearn {font-weight:bold;color:#228822;text-decoration:underline;} .message-learn-cannotlearn {font-weight:bold;color:#CC2222;text-decoration:underline;} .message-effect-weak {font-weight:bold;color:#CC2222;} .message-effect-resist {font-weight:bold;color:#6688AA;} .message-effect-immune {font-weight:bold;color:#666666;} .message-learn-list {margin-top:0;margin-bottom:0;} .message-throttle-notice, .message-error {color:#992222;} .message-overflow, .chat small.message-overflow {font-size:0pt;} .message-overflow::before {font-size:9pt;content:'...';} .subtle {color:#3A4A66;}
</style>
<div class="wrapper replay-wrapper" style="max-width:1180px;margin:0 auto">
<input type="hidden" name="replayid" value="lc-483558412" />
<div class="battle"></div><div class="battle-log"></div><div class="replay-controls"></div><div class="replay-controls-2"></div>
<h1 style="font-weight:normal;text-align:center"><strong>LC</strong><br /><a href="http://pokemonshowdown.com/users/clarilla" class="subtle" target="_blank">Clarilla</a> vs. <a href="http://pokemonshowdown.com/users/nashandragif" class="subtle" target="_blank">Nashandra.gif</a></h1>
<script type="text/plain" class="battle-log-data">|j|Clarilla
|j|Nashandra.gif
|player|p1|Clarilla|129
|player|p2|Nashandra.gif|169
|gametype|singles
|gen|6
|tier|LC
|seed|29679,35926,58007,4365
|clearpoke
|poke|p1|Chinchou, L5, F, shiny|item
|poke|p1|Mienfoo, L5, M, shiny|item
|poke|p1|Diglett, L5, M|item
|poke|p1|Snivy, L5, M, shiny|item
|poke|p1|Houndour, L5, M|item
|poke|p1|Snubbull, L5, F|item
|poke|p2|Magnemite, L5, shiny|item
|poke|p2|Ponyta, L5, F, shiny|item
|poke|p2|Nosepass, L5, F, shiny|item
|poke|p2|Spritzee, L5, F, shiny|item
|poke|p2|Abra, L5, M, shiny|item
|poke|p2|Carvanha, L5, F, shiny|item
|rule|Sleep Clause Mod: Limit one foe put to sleep
|rule|Species Clause: Limit one of each Pokémon
|rule|OHKO Clause: OHKO moves are banned
|rule|Moody Clause: Moody is banned
|rule|Evasion Moves Clause: Evasion moves are banned
|rule|Endless Battle Clause: Forcing endless battles is banned
|rule|HP Percentage Mod: HP is shown in percentages
|teampreview
|choice|team 4, team 2, team 3, team 1, team 5, team 6|team 3, team 2, team 1, team 4, team 5, team 6
|
|start
|switch|p1a: Yuuri|Snivy, L5, M, shiny|21\/21
|switch|p2a: Mariana Lopes|Nosepass, L5, F, shiny|19\/19
|turn|1
|choice|move glare|move stealthrock
|
|move|p1a: Yuuri|Glare|p2a: Mariana Lopes
|-status|p2a: Mariana Lopes|par
|move|p2a: Mariana Lopes|Stealth Rock|p1a: Yuuri
|-sidestart|p1: Clarilla|move: Stealth Rock
|
|turn|2
|choice|move leafstorm|switch 2
|
|switch|p2a: Grown Woman|Ponyta, L5, F, shiny|21\/21
|move|p1a: Yuuri|Leaf Storm|p2a: Grown Woman
|-resisted|p2a: Grown Woman
|-damage|p2a: Grown Woman|17\/21
|-boost|p1a: Yuuri|spa|2
|
|turn|3
|c|★Clarilla|tbm não seja tão predictable
|choice|switch 3|move willowisp
|
|switch|p1a: Dodoria|Diglett, L5, M|18\/18
|-damage|p1a: Dodoria|17\/18|[from] Stealth Rock
|move|p2a: Grown Woman|Will-O-Wisp|p1a: Dodoria
|-status|p1a: Dodoria|brn
|
|-damage|p1a: Dodoria|15\/18 brn|[from] brn
|turn|4
|choice|move earthquake|move protect
|
|move|p2a: Grown Woman|Protect|p2a: Grown Woman
|-singleturn|p2a: Grown Woman|Protect
|move|p1a: Dodoria|Earthquake|p2a: Grown Woman
|-activate|p2a: Grown Woman|move: Protect
|
|-damage|p1a: Dodoria|13\/18 brn|[from] brn
|turn|5
|choice|move earthquake|move flamethrower
|
|move|p1a: Dodoria|Earthquake|p2a: Grown Woman
|-supereffective|p2a: Grown Woman
|-damage|p2a: Grown Woman|8\/21
|move|p2a: Grown Woman|Flamethrower|p1a: Dodoria
|-damage|p1a: Dodoria|1\/18 brn
|
|-damage|p1a: Dodoria|0 fnt|[from] brn
|faint|p1a: Dodoria
|choice|switch 4|
|
|switch|p1a: Me Leva|Chinchou, L5, F, shiny|24\/24
|-damage|p1a: Me Leva|21\/24|[from] Stealth Rock
|turn|6
|choice|move scald|switch 3
|
|switch|p2a: Lorna II|Magnemite, L5, shiny|19\/19
|move|p1a: Me Leva|Scald|p2a: Lorna II
|-damage|p2a: Lorna II|6\/19
|
|turn|7
|c|★Nashandra.gif|q
|choice|move scald|move hiddenpower
|
|move|p1a: Me Leva|Scald|p2a: Lorna II
|-damage|p2a: Lorna II|0 fnt
|faint|p2a: Lorna II
|
|c|★Clarilla|q o q
|c|★Clarilla|falta water resist no seu time
|choice||switch 2
|
|switch|p2a: Mariana Lopes|Nosepass, L5, F, shiny|19\/19 par
|turn|8
|c|★Clarilla|e o carvanha n pode tomar burn
|choice|move scald|move earthquake
|
|move|p1a: Me Leva|Scald|p2a: Mariana Lopes
|-supereffective|p2a: Mariana Lopes
|-damage|p2a: Mariana Lopes|1\/19 par
|-enditem|p2a: Mariana Lopes|Berry Juice
|-heal|p2a: Mariana Lopes|19\/19 par|[from] item: Berry Juice
|cant|p2a: Mariana Lopes|par
|
|turn|9
|c|★Nashandra.gif|porra
|choice|move scald|move earthquake
|
|move|p1a: Me Leva|Scald|p2a: Mariana Lopes
|-supereffective|p2a: Mariana Lopes
|-damage|p2a: Mariana Lopes|1\/19 par
|move|p2a: Mariana Lopes|Earthquake|p1a: Me Leva
|-supereffective|p1a: Me Leva
|-damage|p1a: Me Leva|5\/24
|
|turn|10
|choice|move scald|move earthquake
|
|move|p1a: Me Leva|Scald|p2a: Mariana Lopes
|-supereffective|p2a: Mariana Lopes
|-damage|p2a: Mariana Lopes|0 fnt
|faint|p2a: Mariana Lopes
|
|choice||switch 4
|
|switch|p2a: Perfume|Spritzee, L5, F, shiny|27\/27
|turn|11
|choice|switch 5|move moonblast
|
|switch|p1a: Viktor|Houndour, L5, M|21\/21
|-damage|p1a: Viktor|16\/21|[from] Stealth Rock
|move|p2a: Perfume|Moonblast|p1a: Viktor
|-damage|p1a: Viktor|3\/21
|-unboost|p1a: Viktor|spa|1
|
|turn|12
|choice|move destinybond|move moonblast
|
|move|p1a: Viktor|Destiny Bond|p1a: Viktor
|-singlemove|p1a: Viktor|Destiny Bond
|move|p2a: Perfume|Moonblast|p1a: Viktor
|-crit|p1a: Viktor
|-damage|p1a: Viktor|0 fnt
|faint|p1a: Viktor
|-activate|p1a: Viktor|move: Destiny Bond
|faint|p2a: Perfume
|
|choice|switch 2|switch 5
|
|switch|p2a: Orlando|Abra, L5, M, shiny|19\/19
|switch|p1a: Yurio|Mienfoo, L5, M, shiny|21\/21
|-damage|p1a: Yurio|20\/21|[from] Stealth Rock
|turn|13
|choice|move uturn|move psychic
|
|move|p2a: Orlando|Psychic|p1a: Yurio
|-supereffective|p1a: Yurio
|-damage|p1a: Yurio|0 fnt
|faint|p1a: Yurio
|
|choice|switch 6|
|
|switch|p1a: Princesa|Snubbull, L5, F|23\/23
|-damage|p1a: Princesa|21\/23|[from] Stealth Rock
|-ability|p1a: Princesa|Intimidate|boost
|-unboost|p2a: Orlando|atk|1
|turn|14
|choice|move thief|move knockoff
|
|move|p2a: Orlando|Knock Off|p1a: Princesa
|-resisted|p1a: Princesa
|-damage|p1a: Princesa|20\/23
|-enditem|p1a: Princesa|Berry Juice|[from] move: Knock Off|[of] p2a: Orlando
|move|p1a: Princesa|Thief|p2a: Orlando
|-supereffective|p2a: Orlando
|-enditem|p2a: Orlando|Focus Sash
|-damage|p2a: Orlando|1\/19
|
|turn|15
|choice|move thief|move psychic
|
|move|p2a: Orlando|Psychic|p1a: Princesa
|-damage|p1a: Princesa|1\/23
|-unboost|p1a: Princesa|spd|1
|move|p1a: Princesa|Thief|p2a: Orlando
|-supereffective|p2a: Orlando
|-damage|p2a: Orlando|0 fnt
|faint|p2a: Orlando
|
|c|★Nashandra.gif|eu pensei que fada era fraco contra dark
|choice||switch 3
|
|switch|p2a: Grown Woman|Ponyta, L5, F, shiny|8\/21
|turn|16
|c|★Clarilla|fada é forte contra dark
|c|★Nashandra.gif|saco
|choice|move earthquake|move morningsun
|
|move|p2a: Grown Woman|Morning Sun|p2a: Grown Woman
|-heal|p2a: Grown Woman|18\/21
|move|p1a: Princesa|Earthquake|p2a: Grown Woman
|-supereffective|p2a: Grown Woman
|-damage|p2a: Grown Woman|4\/21
|
|turn|17
|choice|move earthquake|move flamethrower
|
|move|p2a: Grown Woman|Flamethrower|p1a: Princesa
|-crit|p1a: Princesa
|-damage|p1a: Princesa|0 fnt
|faint|p1a: Princesa
|
|c|★Clarilla|n adianta stallear
|choice|switch 5|
|
|switch|p1a: Me Leva|Chinchou, L5, F, shiny|5\/24
|-damage|p1a: Me Leva|2\/24|[from] Stealth Rock
|turn|18
|choice|move scald|move flamethrower
|
|move|p1a: Me Leva|Scald|p2a: Grown Woman
|-supereffective|p2a: Grown Woman
|-damage|p2a: Grown Woman|0 fnt
|faint|p2a: Grown Woman
|
|choice||switch 6
|
|switch|p2a: Larissanha|Carvanha, L5, F, shiny|21\/21
|turn|19
|c|★Clarilla|gg more
|choice|move scald|move crunch
|
|move|p1a: Me Leva|Scald|p2a: Larissanha
|-resisted|p2a: Larissanha
|-crit|p2a: Larissanha
|-damage|p2a: Larissanha|10\/21
|move|p2a: Larissanha|Crunch|p1a: Me Leva
|-damage|p1a: Me Leva|0 fnt
|-damage|p2a: Larissanha|8\/21|[from] item: Life Orb
|faint|p1a: Me Leva
|
|-ability|p2a: Larissanha|Speed Boost|boost
|-boost|p2a: Larissanha|spe|1
|c|★Clarilla|vai ser 6-5
|c|★Clarilla|pelo menos
|choice|switch 3|
|
|switch|p1a: Yuuri|Snivy, L5, M, shiny|21\/21
|-damage|p1a: Yuuri|19\/21|[from] Stealth Rock
|turn|20
|c|★Nashandra.gif|sera que eu teria ganho
|c|★Clarilla|oq
|c|★Nashandra.gif|se nao tivesse usado knock off
|c|★Clarilla|quando
|choice|move leafstorm|move crunch
|
|move|p2a: Larissanha|Crunch|p1a: Yuuri
|-damage|p1a: Yuuri|6\/21
|-damage|p2a: Larissanha|6\/21|[from] item: Life Orb
|move|p1a: Yuuri|Leaf Storm|p2a: Larissanha
|-supereffective|p2a: Larissanha
|-damage|p2a: Larissanha|0 fnt
|-boost|p1a: Yuuri|spa|2
|faint|p2a: Larissanha
|
|win|Clarilla
|player|p1
|player|p2
|c|★Clarilla|knock off foi importante
|c|★Clarilla|a princesa tem eviolite, sobreviveria tudo
|c|★Nashandra.gif|a
|c|★Nashandra.gif|o flop foi menor agora
|c|★Clarilla|pq vc jogou direito
|c|★Clarilla|vc já tinha perdido pelos erros
|c|★Clarilla|alex ganhou pq vc e o guto erraram
|c|★Clarilla|vc errou muito coverage, o guto errou switch crucial
|c|★Clarilla|alex tem o pior time</script>
</div>
<div class="battle-log battle-log-inline"><div class="inner"><div class="battle-options"></div><div class="inner"><div class="chat"><small>Clarilla joined.</small></div><div class="chat"><small>Nashandra.gif joined.</small></div><div class=""><small>Format:</small> <br><strong>LC</strong></div><div class=""><small><em>Sleep Clause Mod:</em> Limit one foe put to sleep</small></div><div class=""><small><em>Species Clause:</em> Limit one of each Pokémon</small></div><div class=""><small><em>OHKO Clause:</em> OHKO moves are banned</small></div><div class=""><small><em>Moody Clause:</em> Moody is banned</small></div><div class=""><small><em>Evasion Moves Clause:</em> Evasion moves are banned</small></div><div class=""><small><em>Endless Battle Clause:</em> Forcing endless battles is banned</small></div><div class=""><small><em>HP Percentage Mod:</em> HP is shown in percentages</small></div><div class="chat battle-history"><strong>Clarilla's team:</strong> <em style="color:#445566;display:block;">Chinchou / Mienfoo / Diglett / Snivy / Houndour / Snubbull</em></div><div class="chat battle-history"><strong>Nashandra.gif's team:</strong> <em style="color:#445566;display:block;">Magnemite / Ponyta / Nosepass / Spritzee / Abra / Carvanha</em></div><div class="spacer battle-history"><br></div><div class="battle-history">Battle started between Clarilla and Nashandra.gif!<br></div><div class="spacer battle-history"><br></div><div class="battle-history">Go! Yuuri (<strong>Snivy</strong>)!<br></div><div class="spacer battle-history"><br></div><div class="battle-history">Nashandra.gif sent out Mariana Lopes (<strong>Nosepass</strong>)!<br></div><div class="spacer battle-history"><br></div><h2 class="battle-history">Turn 1</h2><div class="spacer battle-history"><br></div><div class="battle-history">Yuuri used <strong>Glare</strong>!<br></div><div class="battle-history"><small>The opposing Mariana Lopes is paralyzed! It may be unable to move!</small><br></div><div class="spacer battle-history"><br></div><div class="battle-history">The opposing Mariana Lopes used <strong>Stealth Rock</strong>!<br></div><div class="battle-history"><small>Pointed stones float in the air around your team!</small><br></div><div class="spacer battle-history"><br></div><h2 class="battle-history">Turn 2</h2><div class="spacer battle-history"><br></div><div class="battle-history">Nashandra.gif withdrew Mariana Lopes!<br></div><div class="battle-history">Nashandra.gif sent out Grown Woman (<strong>Ponyta</strong>)!<br></div><div class="spacer battle-history"><br></div><div class="battle-history">Yuuri used <strong>Leaf Storm</strong>!<br></div><div class="battle-history"><small>It's not very effective...</small><br></div><div class="battle-history"><small>(The opposing Grown Woman lost <abbr title="−4/21">19.0%</abbr> of its health!)</small><br></div><div class="battle-history"><small>Yuuri's Special Attack rose sharply!</small><br></div><div class="spacer battle-history"><br></div><h2 class="battle-history">Turn 3</h2><div class="chat chatmessage-clarilla"><strong style="color:hsl(229,87%,58.43725446281813%)"><small>★</small><span class="username" data-name="Clarilla">Clarilla</span>:</strong> <em>tbm não seja tão predictable</em></div><div class="spacer battle-history"><br></div><div class="battle-history">Yuuri, come back!<br></div><div class="battle-history">Go! Dodoria (<strong>Diglett</strong>)!<br></div><div class="battle-history"><small>Pointed stones dug into Dodoria!</small><br></div><div class="spacer battle-history"><br></div><div class="battle-history">The opposing Grown Woman used <strong>Will-O-Wisp</strong>!<br></div><div class="battle-history"><small>Dodoria was burned!</small><br></div><div class="spacer battle-history"><br></div><div class="battle-history"><small>Dodoria was hurt by its burn!</small><br></div><div class="spacer battle-history"><br></div><h2 class="battle-history">Turn 4</h2><div class="spacer battle-history"><br></div><div class="battle-history">The opposing Grown Woman used <strong>Protect</strong>!<br></div><div class="battle-history"><small>The opposing Grown Woman protected itself!</small><br></div><div class="spacer battle-history"><br></div><div class="battle-history">Dodoria used <strong>Earthquake</strong>!<br></div><div class="battle-history"><small>The opposing Grown Woman protected itself!</small><br></div><div class="spacer battle-history"><br></div><div class="battle-history"><small>Dodoria was hurt by its burn!</small><br></div><div class="spacer battle-history"><br></div><h2 class="battle-history">Turn 5</h2><div class="spacer battle-history"><br></div><div class="battle-history">Dodoria used <strong>Earthquake</strong>!<br></div><div class="battle-history"><small>It's super effective!</small><br></div><div class="battle-history"><small>(The opposing Grown Woman lost <abbr title="−9/21">42.9%</abbr> of its health!)</small><br></div><div class="spacer battle-history"><br></div><div class="battle-history">The opposing Grown Woman used <strong>Flamethrower</strong>!<br></div><div class="battle-history"><small>(Dodoria lost <abbr title="−12/18">66.7%</abbr> of its health!)</small><br></div><div class="spacer battle-history"><br></div><div class="battle-history"><small>Dodoria was hurt by its burn!</small><br></div><div class="spacer battle-history"><br></div><div class="battle-history">Dodoria fainted!<br></div><div class="spacer battle-history"><br></div><div class="battle-history">Go! Me Leva (<strong>Chinchou</strong>)!<br></div><div class="battle-history"><small>Pointed stones dug into Me Leva!</small><br></div><div class="spacer battle-history"><br></div><h2 class="battle-history">Turn 6</h2><div class="spacer battle-history"><br></div><div class="battle-history">Nashandra.gif withdrew Grown Woman!<br></div><div class="battle-history">Nashandra.gif sent out Lorna II (<strong>Magnemite</strong>)!<br></div><div class="spacer battle-history"><br></div><div class="battle-history">Me Leva used <strong>Scald</strong>!<br></div><div class="battle-history"><small>(The opposing Lorna II lost <abbr title="−13/19">68.4%</abbr> of its health!)</small><br></div><div class="spacer battle-history"><br></div><h2 class="battle-history">Turn 7</h2><div class="chat chatmessage-nashandragif"><strong style="color:hsl(17,70%,40%)"><small>★</small><span class="username" data-name="Nashandra.gif">Nashandra.gif</span>:</strong> <em>q</em></div><div class="spacer battle-history"><br></div><div class="battle-history">Me Leva used <strong>Scald</strong>!<br></div><div class="battle-history"><small>(The opposing Lorna II lost <abbr title="−6/19">31.6%</abbr> of its health!)</small><br></div><div class="spacer battle-history"><br></div><div class="battle-history">The opposing Lorna II fainted!<br></div><div class="chat chatmessage-clarilla"><strong style="color:hsl(229,87%,58.43725446281813%)"><small>★</small><span class="username" data-name="Clarilla">Clarilla</span>:</strong> <em>q o q</em></div><div class="chat chatmessage-clarilla"><strong style="color:hsl(229,87%,58.43725446281813%)"><small>★</small><span class="username" data-name="Clarilla">Clarilla</span>:</strong> <em>falta water resist no seu time</em></div><div class="spacer battle-history"><br></div><div class="battle-history">Nashandra.gif sent out Mariana Lopes (<strong>Nosepass</strong>)!<br></div><div class="spacer battle-history"><br></div><h2 class="battle-history">Turn 8</h2><div class="chat chatmessage-clarilla"><strong style="color:hsl(229,87%,58.43725446281813%)"><small>★</small><span class="username" data-name="Clarilla">Clarilla</span>:</strong> <em>e o carvanha n pode tomar burn</em></div><div class="spacer battle-history"><br></div><div class="battle-history">Me Leva used <strong>Scald</strong>!<br></div><div class="battle-history"><small>It's super effective!</small><br></div><div class="battle-history"><small>(The opposing Mariana Lopes lost <abbr title="−18/19">94.7%</abbr> of its health!)</small><br></div><div class="battle-history"><small>(The opposing Mariana Lopes used its Berry Juice!)</small><br></div><div class="battle-history"><small>The opposing Mariana Lopes restored HP using its Berry Juice!</small><br></div><div class="spacer battle-history"><br></div><div class="battle-history">The opposing Mariana Lopes is paralyzed! It can't move!<br></div><div class="spacer battle-history"><br></div><h2 class="battle-history">Turn 9</h2><div class="chat chatmessage-nashandragif"><strong style="color:hsl(17,70%,40%)"><small>★</small><span class="username" data-name="Nashandra.gif">Nashandra.gif</span>:</strong> <em>porra</em></div><div class="spacer battle-history"><br></div><div class="battle-history">Me Leva used <strong>Scald</strong>!<br></div><div class="battle-history"><small>It's super effective!</small><br></div><div class="battle-history"><small>(The opposing Mariana Lopes lost <abbr title="−18/19">94.7%</abbr> of its health!)</small><br></div><div class="spacer battle-history"><br></div><div class="battle-history">The opposing Mariana Lopes used <strong>Earthquake</strong>!<br></div><div class="battle-history"><small>It's super effective!</small><br></div><div class="battle-history"><small>(Me Leva lost <abbr title="−16/24">66.7%</abbr> of its health!)</small><br></div><div class="spacer battle-history"><br></div><h2 class="battle-history">Turn 10</h2><div class="spacer battle-history"><br></div><div class="battle-history">Me Leva used <strong>Scald</strong>!<br></div><div class="battle-history"><small>It's super effective!</small><br></div><div class="battle-history"><small>(The opposing Mariana Lopes lost <abbr title="−1/19">5.3%</abbr> of its health!)</small><br></div><div class="spacer battle-history"><br></div><div class="battle-history">The opposing Mariana Lopes fainted!<br></div><div class="spacer battle-history"><br></div><div class="battle-history">Nashandra.gif sent out Perfume (<strong>Spritzee</strong>)!<br></div><div class="spacer battle-history"><br></div><h2 class="battle-history">Turn 11</h2><div class="spacer battle-history"><br></div><div class="battle-history">Me Leva, come back!<br></div><div class="battle-history">Go! Viktor (<strong>Houndour</strong>)!<br></div><div class="battle-history"><small>Pointed stones dug into Viktor!</small><br></div><div class="spacer battle-history"><br></div><div class="battle-history">The opposing Perfume used <strong>Moonblast</strong>!<br></div><div class="battle-history"><small>(Viktor lost <abbr title="−13/21">61.9%</abbr> of its health!)</small><br></div><div class="battle-history"><small>Viktor's Special Attack fell!</small><br></div><div class="spacer battle-history"><br></div><h2 class="battle-history">Turn 12</h2><div class="spacer battle-history"><br></div><div class="battle-history">Viktor used <strong>Destiny Bond</strong>!<br></div><div class="battle-history">Viktor is hoping to take its attacker down with it!<br></div><div class="spacer battle-history"><br></div><div class="battle-history">The opposing Perfume used <strong>Moonblast</strong>!<br></div><div class="battle-history"><small>A critical hit!</small><br></div><div class="battle-history"><small>(Viktor lost <abbr title="−3/21">14.3%</abbr> of its health!)</small><br></div><div class="spacer battle-history"><br></div><div class="battle-history">Viktor fainted!<br></div><div class="battle-history"><small>Viktor took its attacker down with it!</small><br></div><div class="spacer battle-history"><br></div><div class="battle-history">The opposing Perfume fainted!<br></div><div class="spacer battle-history"><br></div><div class="battle-history">Nashandra.gif sent out Orlando (<strong>Abra</strong>)!<br></div><div class="spacer battle-history"><br></div><div class="battle-history">Go! Yurio (<strong>Mienfoo</strong>)!<br></div><div class="battle-history"><small>Pointed stones dug into Yurio!</small><br></div><div class="spacer battle-history"><br></div><h2 class="battle-history">Turn 13</h2><div class="spacer battle-history"><br></div><div class="battle-history">The opposing Orlando used <strong>Psychic</strong>!<br></div><div class="battle-history"><small>It's super effective!</small><br></div><div class="battle-history"><small>(Yurio lost <abbr title="−20/21">95.2%</abbr> of its health!)</small><br></div><div class="spacer battle-history"><br></div><div class="battle-history">Yurio fainted!<br></div><div class="spacer battle-history"><br></div><div class="battle-history">Go! Princesa (<strong>Snubbull</strong>)!<br></div><div class="battle-history"><small>Pointed stones dug into Princesa!</small><br></div><div class="battle-history"><small>[Princesa's Intimidate]</small><br></div><div class="battle-history"><small>The opposing Orlando's Attack fell!</small><br></div><div class="spacer battle-history"><br></div><h2 class="battle-history">Turn 14</h2><div class="spacer battle-history"><br></div><div class="battle-history">The opposing Orlando used <strong>Knock Off</strong>!<br></div><div class="battle-history"><small>It's not very effective...</small><br></div><div class="battle-history"><small>(Princesa lost <abbr title="−1/23">4.3%</abbr> of its health!)</small><br></div><div class="battle-history"><small>The opposing Orlando knocked off Princesa's Berry Juice!</small><br></div><div class="spacer battle-history"><br></div><div class="battle-history">Princesa used <strong>Thief</strong>!<br></div><div class="battle-history"><small>It's super effective!</small><br></div><div class="battle-history"><small>The opposing Orlando hung on using its Focus Sash!</small><br></div><div class="battle-history"><small>(The opposing Orlando lost <abbr title="−18/19">94.7%</abbr> of its health!)</small><br></div><div class="spacer battle-history"><br></div><h2 class="battle-history">Turn 15</h2><div class="spacer battle-history"><br></div><div class="battle-history">The opposing Orlando used <strong>Psychic</strong>!<br></div><div class="battle-history"><small>(Princesa lost <abbr title="−19/23">82.6%</abbr> of its health!)</small><br></div><div class="battle-history"><small>Princesa's Special Defense fell!</small><br></div><div class="spacer battle-history"><br></div><div class="battle-history">Princesa used <strong>Thief</strong>!<br></div><div class="battle-history"><small>It's super effective!</small><br></div><div class="battle-history"><small>(The opposing Orlando lost <abbr title="−1/19">5.3%</abbr> of its health!)</small><br></div><div class="spacer battle-history"><br></div><div class="battle-history">The opposing Orlando fainted!<br></div><div class="chat chatmessage-nashandragif"><strong style="color:hsl(17,70%,40%)"><small>★</small><span class="username" data-name="Nashandra.gif">Nashandra.gif</span>:</strong> <em>eu pensei que fada era fraco contra dark</em></div><div class="spacer battle-history"><br></div><div class="battle-history">Nashandra.gif sent out Grown Woman (<strong>Ponyta</strong>)!<br></div><div class="spacer battle-history"><br></div><h2 class="battle-history">Turn 16</h2><div class="chat chatmessage-clarilla"><strong style="color:hsl(229,87%,58.43725446281813%)"><small>★</small><span class="username" data-name="Clarilla">Clarilla</span>:</strong> <em>fada é forte contra dark</em></div><div class="chat chatmessage-nashandragif"><strong style="color:hsl(17,70%,40%)"><small>★</small><span class="username" data-name="Nashandra.gif">Nashandra.gif</span>:</strong> <em>saco</em></div><div class="spacer battle-history"><br></div><div class="battle-history">The opposing Grown Woman used <strong>Morning Sun</strong>!<br></div><div class="battle-history"><small>The opposing Grown Woman restored its HP.</small><br></div><div class="spacer battle-history"><br></div><div class="battle-history">Princesa used <strong>Earthquake</strong>!<br></div><div class="battle-history"><small>It's super effective!</small><br></div><div class="battle-history"><small>(The opposing Grown Woman lost <abbr title="−14/21">66.7%</abbr> of its health!)</small><br></div><div class="spacer battle-history"><br></div><h2 class="battle-history">Turn 17</h2><div class="spacer battle-history"><br></div><div class="battle-history">The opposing Grown Woman used <strong>Flamethrower</strong>!<br></div><div class="battle-history"><small>A critical hit!</small><br></div><div class="battle-history"><small>(Princesa lost <abbr title="−1/23">4.3%</abbr> of its health!)</small><br></div><div class="spacer battle-history"><br></div><div class="battle-history">Princesa fainted!<br></div><div class="chat chatmessage-clarilla"><strong style="color:hsl(229,87%,58.43725446281813%)"><small>★</small><span class="username" data-name="Clarilla">Clarilla</span>:</strong> <em>n adianta stallear</em></div><div class="spacer battle-history"><br></div><div class="battle-history">Go! Me Leva (<strong>Chinchou</strong>)!<br></div><div class="battle-history"><small>Pointed stones dug into Me Leva!</small><br></div><div class="spacer battle-history"><br></div><h2 class="battle-history">Turn 18</h2><div class="spacer battle-history"><br></div><div class="battle-history">Me Leva used <strong>Scald</strong>!<br></div><div class="battle-history"><small>It's super effective!</small><br></div><div class="battle-history"><small>(The opposing Grown Woman lost <abbr title="−4/21">19.0%</abbr> of its health!)</small><br></div><div class="spacer battle-history"><br></div><div class="battle-history">The opposing Grown Woman fainted!<br></div><div class="spacer battle-history"><br></div><div class="battle-history">Nashandra.gif sent out Larissanha (<strong>Carvanha</strong>)!<br></div><div class="spacer battle-history"><br></div><h2 class="battle-history">Turn 19</h2><div class="chat chatmessage-clarilla"><strong style="color:hsl(229,87%,58.43725446281813%)"><small>★</small><span class="username" data-name="Clarilla">Clarilla</span>:</strong> <em>gg more</em></div><div class="spacer battle-history"><br></div><div class="battle-history">Me Leva used <strong>Scald</strong>!<br></div><div class="battle-history"><small>It's not very effective...</small><br></div><div class="battle-history"><small>A critical hit!</small><br></div><div class="battle-history"><small>(The opposing Larissanha lost <abbr title="−11/21">52.4%</abbr> of its health!)</small><br></div><div class="spacer battle-history"><br></div><div class="battle-history">The opposing Larissanha used <strong>Crunch</strong>!<br></div><div class="battle-history"><small>(Me Leva lost <abbr title="−2/24">8.3%</abbr> of its health!)</small><br></div><div class="battle-history"><small>The opposing Larissanha lost some of its HP!</small><br></div><div class="spacer battle-history"><br></div><div class="battle-history">Me Leva fainted!<br></div><div class="spacer battle-history"><br></div><div class="battle-history"><small>[The opposing Larissanha's Speed Boost]</small><br></div><div class="battle-history"><small>The opposing Larissanha's Speed rose!</small><br></div><div class="chat chatmessage-clarilla"><strong style="color:hsl(229,87%,58.43725446281813%)"><small>★</small><span class="username" data-name="Clarilla">Clarilla</span>:</strong> <em>vai ser 6-5</em></div><div class="chat chatmessage-clarilla"><strong style="color:hsl(229,87%,58.43725446281813%)"><small>★</small><span class="username" data-name="Clarilla">Clarilla</span>:</strong> <em>pelo menos</em></div><div class="spacer battle-history"><br></div><div class="battle-history">Go! Yuuri (<strong>Snivy</strong>)!<br></div><div class="battle-history"><small>Pointed stones dug into Yuuri!</small><br></div><div class="spacer battle-history"><br></div><h2 class="battle-history">Turn 20</h2><div class="chat chatmessage-nashandragif"><strong style="color:hsl(17,70%,40%)"><small>★</small><span class="username" data-name="Nashandra.gif">Nashandra.gif</span>:</strong> <em>sera que eu teria ganho</em></div><div class="chat chatmessage-clarilla"><strong style="color:hsl(229,87%,58.43725446281813%)"><small>★</small><span class="username" data-name="Clarilla">Clarilla</span>:</strong> <em>oq</em></div><div class="chat chatmessage-nashandragif"><strong style="color:hsl(17,70%,40%)"><small>★</small><span class="username" data-name="Nashandra.gif">Nashandra.gif</span>:</strong> <em>se nao tivesse usado knock off</em></div><div class="chat chatmessage-clarilla"><strong style="color:hsl(229,87%,58.43725446281813%)"><small>★</small><span class="username" data-name="Clarilla">Clarilla</span>:</strong> <em>quando</em></div><div class="spacer battle-history"><br></div><div class="battle-history">The opposing Larissanha used <strong>Crunch</strong>!<br></div><div class="battle-history"><small>(Yuuri lost <abbr title="−13/21">61.9%</abbr> of its health!)</small><br></div><div class="battle-history"><small>The opposing Larissanha lost some of its HP!</small><br></div><div class="spacer battle-history"><br></div><div class="battle-history">Yuuri used <strong>Leaf Storm</strong>!<br></div><div class="battle-history"><small>It's super effective!</small><br></div><div class="battle-history"><small>(The opposing Larissanha lost <abbr title="−6/21">28.6%</abbr> of its health!)</small><br></div><div class="battle-history"><small>Yuuri's Special Attack rose sharply!</small><br></div><div class="spacer battle-history"><br></div><div class="battle-history">The opposing Larissanha fainted!<br></div><div class="spacer battle-history"><br></div><div class="battle-history"><strong>Clarilla</strong> won the battle!<br></div><div class="chat chatmessage-clarilla"><strong style="color:hsl(229,87%,58.43725446281813%)"><small>★</small><span class="username" data-name="Clarilla">Clarilla</span>:</strong> <em>knock off foi importante</em></div><div class="chat chatmessage-clarilla"><strong style="color:hsl(229,87%,58.43725446281813%)"><small>★</small><span class="username" data-name="Clarilla">Clarilla</span>:</strong> <em>a princesa tem eviolite, sobreviveria tudo</em></div><div class="chat chatmessage-nashandragif"><strong style="color:hsl(17,70%,40%)"><small>★</small><span class="username" data-name="Nashandra.gif">Nashandra.gif</span>:</strong> <em>a</em></div><div class="chat chatmessage-nashandragif"><strong style="color:hsl(17,70%,40%)"><small>★</small><span class="username" data-name="Nashandra.gif">Nashandra.gif</span>:</strong> <em>o flop foi menor agora</em></div><div class="chat chatmessage-clarilla"><strong style="color:hsl(229,87%,58.43725446281813%)"><small>★</small><span class="username" data-name="Clarilla">Clarilla</span>:</strong> <em>pq vc jogou direito</em></div><div class="chat chatmessage-clarilla"><strong style="color:hsl(229,87%,58.43725446281813%)"><small>★</small><span class="username" data-name="Clarilla">Clarilla</span>:</strong> <em>vc já tinha perdido pelos erros</em></div><div class="chat chatmessage-clarilla"><strong style="color:hsl(229,87%,58.43725446281813%)"><small>★</small><span class="username" data-name="Clarilla">Clarilla</span>:</strong> <em>alex ganhou pq vc e o guto erraram</em></div><div class="chat chatmessage-clarilla"><strong style="color:hsl(229,87%,58.43725446281813%)"><small>★</small><span class="username" data-name="Clarilla">Clarilla</span>:</strong> <em>vc errou muito coverage, o guto errou switch crucial</em></div><div class="chat chatmessage-clarilla"><strong style="color:hsl(229,87%,58.43725446281813%)"><small>★</small><span class="username" data-name="Clarilla">Clarilla</span>:</strong> <em>alex tem o pior time</em></div></div><div class="inner-preempt"></div></div></div>
</div>
<script>
let daily = Math.floor(Date.now()/1000/60/60/24);document.write('<script src="https://play.pokemonshowdown.com/js/replay-embed.js?version'+daily+'"></'+'script>');
</script>
