<!DOCTYPE html>
<meta charset="utf-8" />
<!-- version 1 -->
<title>LC replay: YoutubeSellout vs. dialzza</title>
<style>
html,body {font-family:Verdana, sans-serif;font-size:10pt;margin:0;padding:0;}body{padding:12px 0;} .battle-log {font-family:Verdana, sans-serif;font-size:10pt;} .battle-log-inline {border:1px solid #AAAAAA;background:#EEF2F5;color:black;max-width:640px;margin:0 auto 80px;padding-bottom:5px;} .battle-log .inner {padding:4px 8px 0px 8px;} .battle-log .inner-preempt {padding:0 8px 4px 8px;} .battle-log .inner-after {margin-top:0.5em;} .battle-log h2 {margin:0.5em -8px;padding:4px 8px;border:1px solid #AAAAAA;background:#E0E7EA;border-left:0;border-right:0;font-family:Verdana, sans-serif;font-size:13pt;} .battle-log .chat {vertical-align:middle;padding:3px 0 3px 0;font-size:8pt;} .battle-log .chat strong {color:#40576A;} .battle-log .chat em {padding:1px 4px 1px 3px;color:#000000;font-style:normal;} .chat.mine {background:rgba(0,0,0,0.05);margin-left:-8px;margin-right:-8px;padding-left:8px;padding-right:8px;} .spoiler {color:#BBBBBB;background:#BBBBBB;padding:0px 3px;} .spoiler:hover, .spoiler:active, .spoiler-shown {color:#000000;background:#E2E2E2;padding:0px 3px;} .spoiler a {color:#BBBBBB;} .spoiler:hover a, .spoiler:active a, .spoiler-shown a {color:#2288CC;} .chat code, .chat .spoiler:hover code, .chat .spoiler:active code, .chat .spoiler-shown code {border:1px solid #C0C0C0;background:#EEEEEE;color:black;padding:0 2px;} .chat .spoiler code {border:1px solid #CCCCCC;background:#CCCCCC;color:#CCCCCC;} .battle-log .rated {padding:3px 4px;} .battle-log .rated strong {color:white;background:#89A;padding:1px 4px;border-radius:4px;} .spacer {margin-top:0.5em;} .message-announce {background:#6688AA;color:white;padding:1px 4px 2px;} .message-announce a, .broadcast-green a, .broadcast-blue a, .broadcast-red a {color:#DDEEFF;} .broadcast-green {background-color:#559955;color:white;padding:2px 4px;} .broadcast-blue {background-color:#6688AA;color:white;padding:2px 4px;} .infobox {border:1px solid #6688AA;padding:2px 4px;} .infobox-limited {max-height:200px;overflow:auto;overflow-x:hidden;} .broadcast-red {background-color:#AA5544;color:white;padding:2px 4px;} .message-learn-canlearn {font-weight:bold;color:#228822;text-decoration:underline;} .message-learn-cannotlearn {font-weight:bold;color:#CC2222;text-decoration:underline;} .message-effect-weak {font-weight:bold;color:#CC2222;} .message-effect-resist {font-weight:bold;color:#6688AA;} .message-effect-immune {font-weight:bold;color:#666666;} .message-learn-list {margin-top:0;margin-bottom:0;} .message-throttle-notice, .message-error {color:#992222;} .message-overflow, .chat small.message-overflow {font-size:0pt;} .message-overflow::before {font-size:9pt;content:'...';} .subtle {color:#3A4A66;}
</style>
<div class="wrapper replay-wrapper" style="max-width:1180px;margin:0 auto">
<input type="hidden" name="replayid" value="lc-485523416" />
<div class="battle"></div><div class="battle-log"></div><div class="replay-controls"></div><div class="replay-controls-2"></div>
<h1 style="font-weight:normal;text-align:center"><strong>LC</strong><br /><a href="http://pokemonshowdown.com/users/youtubesellout" class="subtle" target="_blank">YoutubeSellout</a> vs. <a href="http://pokemonshowdown.com/users/dialzza" class="subtle" target="_blank">dialzza</a></h1>
<script type="text/plain" class="battle-log-data">|j|YoutubeSellout
|j|dialzza
|player|p1|YoutubeSellout|1
|player|p2|dialzza|269
|gametype|singles
|gen|6
|tier|LC
|rated
|seed|25373,39459,25801,33707
|clearpoke
|poke|p1|Pawniard, L5, M|item
|poke|p1|Abra, L5, F|item
|poke|p1|Archen, L5, M|item
|poke|p1|Gastly, L5, M|item
|poke|p1|Clamperl, L5, F|item
|poke|p1|Snivy, L5, M|item
|poke|p2|Vulpix, L5, F|item
|poke|p2|Gastly, L5, M|item
|poke|p2|Bellsprout, L5, M, shiny|item
|poke|p2|Tentacool, L5, F|item
|poke|p2|Hoppip, L5, M|item
|poke|p2|Aron, L5, M|item
|rule|Sleep Clause Mod: Limit one foe put to sleep
|rule|Species Clause: Limit one of each Pokémon
|rule|OHKO Clause: OHKO moves are banned
|rule|Moody Clause: Moody is banned
|rule|Evasion Moves Clause: Evasion moves are banned
|rule|Endless Battle Clause: Forcing endless battles is banned
|rule|HP Percentage Mod: HP is shown in percentages
|teampreview
|choice|team 3, team 2, team 1, team 4, team 5, team 6|team 4, team 2, team 3, team 1, team 5, team 6
|
|start
|switch|p1a: Archen|Archen, L5, M|22\/22
|switch|p2a: Cool it|Tentacool, L5, F|21\/21
|turn|1
|choice|move stealthrock|move knockoff
|
|move|p1a: Archen|Stealth Rock|p2a: Cool it
|-sidestart|p2: dialzza|move: Stealth Rock
|move|p2a: Cool it|Knock Off|p1a: Archen
|-damage|p1a: Archen|15\/22
|-enditem|p1a: Archen|Berry Juice|[from] move: Knock Off|[of] p2a: Cool it
|
|turn|2
|choice|move acrobatics|move scald
|
|move|p1a: Archen|Acrobatics|p2a: Cool it
|-damage|p2a: Cool it|3\/21
|move|p2a: Cool it|Scald|p1a: Archen
|-supereffective|p1a: Archen
|-damage|p1a: Archen|0 fnt
|faint|p1a: Archen
|
|choice|switch 2|
|
|switch|p1a: Abra|Abra, L5, F|19\/19
|turn|3
|choice|move psychic|switch 6
|
|switch|p2a: Plink|Aron, L5, M|21\/21
|-damage|p2a: Plink|20\/21|[from] Stealth Rock
|move|p1a: Abra|Psychic|p2a: Plink
|-resisted|p2a: Plink
|-damage|p2a: Plink|11\/21
|
|turn|4
|j|HolyShinyArceus
|l|HolyShinyArceus
|choice|move energyball|move ironhead
|
|move|p1a: Abra|Energy Ball|p2a: Plink
|-damage|p2a: Plink|0 fnt
|faint|p2a: Plink
|
|choice||switch 4
|
|switch|p2a: Valp|Vulpix, L5, F|21\/21
|-damage|p2a: Valp|16\/21|[from] Stealth Rock
|-weather|SunnyDay|[from] ability: Drought|[of] p2a: Valp
|turn|5
|choice|move psychic|move flamethrower
|
|move|p1a: Abra|Psychic|p2a: Valp
|-crit|p2a: Valp
|-damage|p2a: Valp|0 fnt
|faint|p2a: Valp
|
|-weather|SunnyDay|[upkeep]
|choice||switch 3
|
|switch|p2a: The Bell Tolls|Bellsprout, L5, M, shiny|22\/22
|-damage|p2a: The Bell Tolls|20\/22|[from] Stealth Rock
|turn|6
|choice|move psychic|move sleeppowder
|
|move|p2a: The Bell Tolls|Sleep Powder|p1a: Abra
|-status|p1a: Abra|slp
|cant|p1a: Abra|slp
|
|-weather|SunnyDay|[upkeep]
|turn|7
|choice|move psychic|move growth
|
|move|p2a: The Bell Tolls|Growth|p2a: The Bell Tolls
|-boost|p2a: The Bell Tolls|atk|2
|-boost|p2a: The Bell Tolls|spa|2
|cant|p1a: Abra|slp
|
|-weather|SunnyDay|[upkeep]
|turn|8
|choice|move psychic|move solarbeam
|
|move|p2a: The Bell Tolls|Solar Beam|p1a: Abra|[still]
|-prepare|p2a: The Bell Tolls|Solar Beam|p1a: Abra
|-anim|p2a: The Bell Tolls|Solar Beam|p1a: Abra
|-crit|p1a: Abra
|-enditem|p1a: Abra|Focus Sash
|-damage|p1a: Abra|1\/19 slp
|-curestatus|p1a: Abra|slp|[msg]
|move|p1a: Abra|Psychic|p2a: The Bell Tolls
|-supereffective|p2a: The Bell Tolls
|-damage|p2a: The Bell Tolls|0 fnt
|faint|p2a: The Bell Tolls
|
|-weather|SunnyDay|[upkeep]
|choice||switch 5
|
|switch|p2a: Pip|Hoppip, L5, M|21\/21
|-damage|p2a: Pip|16\/21|[from] Stealth Rock
|turn|9
|choice|move psychic|move seedbomb
|
|move|p2a: Pip|Seed Bomb|p1a: Abra
|-crit|p1a: Abra
|-damage|p1a: Abra|0 fnt
|faint|p1a: Abra
|
|-weather|SunnyDay|[upkeep]
|choice|switch 4|
|
|switch|p1a: Gastly|Gastly, L5, M|19\/19
|turn|10
|choice|move sludgebomb|move sleeppowder
|
|move|p1a: Gastly|Sludge Bomb|p2a: Pip
|-supereffective|p2a: Pip
|-damage|p2a: Pip|0 fnt
|faint|p2a: Pip
|
|-weather|SunnyDay|[upkeep]
|choice||switch 2
|
|switch|p2a: Sp00ky|Gastly, L5, M|19\/19
|-damage|p2a: Sp00ky|17\/19|[from] Stealth Rock
|turn|11
|-message|dialzza forfeited.
|
|win|YoutubeSellout
|player|p1
|player|p2
|l|dialzza</script>
</div>
<div class="battle-log battle-log-inline"><div class="inner"><div class="battle-options"></div><div class="inner"><div class="chat"><small>YoutubeSellout joined.</small></div><div class="chat"><small>dialzza joined.</small></div><div class=""><small>Format:</small> <br><strong>LC</strong></div><div class="rated"><strong>Rated battle</strong></div><div class=""><small><em>Sleep Clause Mod:</em> Limit one foe put to sleep</small></div><div class=""><small><em>Species Clause:</em> Limit one of each Pokémon</small></div><div class=""><small><em>OHKO Clause:</em> OHKO moves are banned</small></div><div class=""><small><em>Moody Clause:</em> Moody is banned</small></div><div class=""><small><em>Evasion Moves Clause:</em> Evasion moves are banned</small></div><div class=""><small><em>Endless Battle Clause:</em> Forcing endless battles is banned</small></div><div class=""><small><em>HP Percentage Mod:</em> HP is shown in percentages</small></div><div class="chat battle-history"><strong>YoutubeSellout's team:</strong> <em style="color:#445566;display:block;">Pawniard / Abra / Archen / Gastly / Clamperl / Snivy</em></div><div class="chat battle-history"><strong>dialzza's team:</strong> <em style="color:#445566;display:block;">Vulpix / Gastly / Bellsprout / Tentacool / Hoppip / Aron</em></div><div class="spacer battle-history"><br></div><div class="battle-history">Battle started between YoutubeSellout and dialzza!<br></div><div class="spacer battle-history"><br></div><div class="battle-history">Go! <strong>Archen</strong>!<br></div><div class="spacer battle-history"><br></div><div class="battle-history">dialzza sent out Cool it (<strong>Tentacool</strong>)!<br></div><div class="spacer battle-history"><br></div><h2 class="battle-history">Turn 1</h2><div class="spacer battle-history"><br></div><div class="battle-history">Archen used <strong>Stealth Rock</strong>!<br></div><div class="battle-history"><small>Pointed stones float in the air around the opposing team!</small><br></div><div class="spacer battle-history"><br></div><div class="battle-history">The opposing Cool it used <strong>Knock Off</strong>!<br></div><div class="battle-history"><small>(Archen lost <abbr title="−7/22">31.8%</abbr> of its health!)</small><br></div><div class="battle-history"><small>The opposing Cool it knocked off Archen's Berry Juice!</small><br></div><div class="spacer battle-history"><br></div><h2 class="battle-history">Turn 2</h2><div class="spacer battle-history"><br></div><div class="battle-history">Archen used <strong>Acrobatics</strong>!<br></div><div class="battle-history"><small>(The opposing Cool it lost <abbr title="−18/21">85.7%</abbr> of its health!)</small><br></div><div class="spacer battle-history"><br></div><div class="battle-history">The opposing Cool it used <strong>Scald</strong>!<br></div><div class="battle-history"><small>It's super effective!</small><br></div><div class="battle-history"><small>(Archen lost <abbr title="−15/22">68.2%</abbr> of its health!)</small><br></div><div class="spacer battle-history"><br></div><div class="battle-history">Archen fainted!<br></div><div class="spacer battle-history"><br></div><div class="battle-history">Go! <strong>Abra</strong>!<br></div><div class="spacer battle-history"><br></div><h2 class="battle-history">Turn 3</h2><div class="spacer battle-history"><br></div><div class="battle-history">dialzza withdrew Cool it!<br></div><div class="battle-history">dialzza sent out Plink (<strong>Aron</strong>)!<br></div><div class="battle-history"><small>Pointed stones dug into the opposing Plink!</small><br></div><div class="spacer battle-history"><br></div><div class="battle-history">Abra used <strong>Psychic</strong>!<br></div><div class="battle-history"><small>It's not very effective...</small><br></div><div class="battle-history"><small>(The opposing Plink lost <abbr title="−9/21">42.9%</abbr> of its health!)</small><br></div><div class="spacer battle-history"><br></div><h2 class="battle-history">Turn 4</h2><div class="chat"><small>HolyShinyArceus joined.</small></div><div class="chat"><small>HolyShinyArceus left.</small></div><div class="spacer battle-history"><br></div><div class="battle-history">Abra used <strong>Energy Ball</strong>!<br></div><div class="battle-history"><small>(The opposing Plink lost <abbr title="−11/21">52.4%</abbr> of its health!)</small><br></div><div class="spacer battle-history"><br></div><div class="battle-history">The opposing Plink fainted!<br></div><div class="spacer battle-history"><br></div><div class="battle-history">dialzza sent out Valp (<strong>Vulpix</strong>)!<br></div><div class="battle-history"><small>Pointed stones dug into the opposing Valp!</small><br></div><div class="battle-history"><small>[The opposing Valp's Drought]</small><br><small>The sunlight turned harsh!</small><br></div><div class="spacer battle-history"><br></div><h2 class="battle-history">Turn 5</h2><div class="spacer battle-history"><br></div><div class="battle-history">Abra used <strong>Psychic</strong>!<br></div><div class="battle-history"><small>A critical hit!</small><br></div><div class="battle-history"><small>(The opposing Valp lost <abbr title="−16/21">76.2%</abbr> of its health!)</small><br></div><div class="spacer battle-history"><br></div><div class="battle-history">The opposing Valp fainted!<br></div><div class="spacer battle-history"><br></div><div class="battle-history"><small>(The sunlight is strong!)</small><br></div><div class="spacer battle-history"><br></div><div class="battle-history">dialzza sent out The Bell Tolls (<strong>Bellsprout</strong>)!<br></div><div class="battle-history"><small>Pointed stones dug into the opposing The Bell Tolls!</small><br></div><div class="spacer battle-history"><br></div><h2 class="battle-history">Turn 6</h2><div class="spacer battle-history"><br></div><div class="battle-history">The opposing The Bell Tolls used <strong>Sleep Powder</strong>!<br></div><div class="battle-history"><small>Abra fell asleep!</small><br></div><div class="spacer battle-history"><br></div><div class="battle-history">Abra is fast asleep.<br></div><div class="spacer battle-history"><br></div><div class="battle-history"><small>(The sunlight is strong!)</small><br></div><div class="spacer battle-history"><br></div><h2 class="battle-history">Turn 7</h2><div class="spacer battle-history"><br></div><div class="battle-history">The opposing The Bell Tolls used <strong>Growth</strong>!<br></div><div class="battle-history"><small>The opposing The Bell Tolls's Attack rose sharply!</small><br></div><div class="battle-history"><small>The opposing The Bell Tolls's Special Attack rose sharply!</small><br></div><div class="spacer battle-history"><br></div><div class="battle-history">Abra is fast asleep.<br></div><div class="spacer battle-history"><br></div><div class="battle-history"><small>(The sunlight is strong!)</small><br></div><div class="spacer battle-history"><br></div><h2 class="battle-history">Turn 8</h2><div class="spacer battle-history"><br></div><div class="battle-history">The opposing The Bell Tolls used <strong>Solar Beam</strong>!<br></div><div class="battle-history"><small>The opposing The Bell Tolls absorbed light!</small><br></div><div class="battle-history"><small>A critical hit!</small><br></div><div class="battle-history"><small>Abra hung on using its Focus Sash!</small><br></div><div class="battle-history"><small>(Abra lost <abbr title="−18/19">94.7%</abbr> of its health!)</small><br></div><div class="battle-history"><small>Abra woke up!</small><br></div><div class="spacer battle-history"><br></div><div class="battle-history">Abra used <strong>Psychic</strong>!<br></div><div class="battle-history"><small>It's super effective!</small><br></div><div class="battle-history"><small>(The opposing The Bell Tolls lost <abbr title="−20/22">90.9%</abbr> of its health!)</small><br></div><div class="spacer battle-history"><br></div><div class="battle-history">The opposing The Bell Tolls fainted!<br></div><div class="spacer battle-history"><br></div><div class="battle-history"><small>(The sunlight is strong!)</small><br></div><div class="spacer battle-history"><br></div><div class="battle-history">dialzza sent out Pip (<strong>Hoppip</strong>)!<br></div><div class="battle-history"><small>Pointed stones dug into the opposing Pip!</small><br></div><div class="spacer battle-history"><br></div><h2 class="battle-history">Turn 9</h2><div class="spacer battle-history"><br></div><div class="battle-history">The opposing Pip used <strong>Seed Bomb</strong>!<br></div><div class="battle-history"><small>A critical hit!</small><br></div><div class="battle-history"><small>(Abra lost <abbr title="−1/19">5.3%</abbr> of its health!)</small><br></div><div class="spacer battle-history"><br></div><div class="battle-history">Abra fainted!<br></div><div class="spacer battle-history"><br></div><div class="battle-history"><small>(The sunlight is strong!)</small><br></div><div class="spacer battle-history"><br></div><div class="battle-history">Go! <strong>Gastly</strong>!<br></div><div class="spacer battle-history"><br></div><h2 class="battle-history">Turn 10</h2><div class="spacer battle-history"><br></div><div class="battle-history">Gastly used <strong>Sludge Bomb</strong>!<br></div><div class="battle-history"><small>It's super effective!</small><br></div><div class="battle-history"><small>(The opposing Pip lost <abbr title="−16/21">76.2%</abbr> of its health!)</small><br></div><div class="spacer battle-history"><br></div><div class="battle-history">The opposing Pip fainted!<br></div><div class="spacer battle-history"><br></div><div class="battle-history"><small>(The sunlight is strong!)</small><br></div><div class="spacer battle-history"><br></div><div class="battle-history">dialzza sent out Sp00ky (<strong>Gastly</strong>)!<br></div><div class="battle-history"><small>Pointed stones dug into the opposing Sp00ky!</small><br></div><div class="spacer battle-history"><br></div><h2 class="battle-history">Turn 11</h2><div class="spacer battle-history"><br></div><div class="battle-history"><small>dialzza forfeited.</small><br></div><div class="spacer battle-history"><br></div><div class="battle-history"><strong>YoutubeSellout</strong> won the battle!<br></div><div class="chat"><small>dialzza left.</small></div></div><div class="inner-preempt"></div></div></div>
</div>
<script>
let daily = Math.floor(Date.now()/1000/60/60/24);document.write('<script src="https://play.pokemonshowdown.com/js/replay-embed.js?version'+daily+'"></'+'script>');
</script>
