<!DOCTYPE html>
<meta charset="utf-8" />
<!-- version 1 -->
<title>LC replay: FernandoAlvarez vs. TOmega.Kjold</title>
<style>
html,body {font-family:Verdana, sans-serif;font-size:10pt;margin:0;padding:0;}body{padding:12px 0;} .battle-log {font-family:Verdana, sans-serif;font-size:10pt;} .battle-log-inline {border:1px solid #AAAAAA;background:#EEF2F5;color:black;max-width:640px;margin:0 auto 80px;padding-bottom:5px;} .battle-log .inner {padding:4px 8px 0px 8px;} .battle-log .inner-preempt {padding:0 8px 4px 8px;} .battle-log .inner-after {margin-top:0.5em;} .battle-log h2 {margin:0.5em -8px;padding:4px 8px;border:1px solid #AAAAAA;background:#E0E7EA;border-left:0;border-right:0;font-family:Verdana, sans-serif;font-size:13pt;} .battle-log .chat {vertical-align:middle;padding:3px 0 3px 0;font-size:8pt;} .battle-log .chat strong {color:#40576A;} .battle-log .chat em {padding:1px 4px 1px 3px;color:#000000;font-style:normal;} .chat.mine {background:rgba(0,0,0,0.05);margin-left:-8px;margin-right:-8px;padding-left:8px;padding-right:8px;} .spoiler {color:#BBBBBB;background:#BBBBBB;padding:0px 3px;} .spoiler:hover, .spoiler:active, .spoiler-shown {color:#000000;background:#E2E2E2;padding:0px 3px;} .spoiler a {color:#BBBBBB;} .spoiler:hover a, .spoiler:active a, .spoiler-shown a {color:#2288CC;} .chat code, .chat .spoiler:hover code, .chat .spoiler:active code, .chat .spoiler-shown code {border:1px solid #C0C0C0;background:#EEEEEE;color:black;padding:0 2px;} .chat .spoiler code {border:1px solid #CCCCCC;background:#CCCCCC;color:#CCCCCC;} .battle-log .rated {padding:3px 4px;} .battle-log .rated strong {color:white;background:#89A;padding:1px 4px;border-radius:4px;} .spacer {margin-top:0.5em;} .message-announce {background:#6688AA;color:white;padding:1px 4px 2px;} .message-announce a, .broadcast-green a, .broadcast-blue a, .broadcast-red a {color:#DDEEFF;} .broadcast-green {background-color:#559955;color:white;padding:2px 4px;} .broadcast-blue {background-color:#6688AA;color:white;padding:2px 4px;} .infobox {border:1px solid #6688AA;padding:2px 4px;} .infobox-limited {max-height:200px;overflow:auto;overflow-x:hidden;} .broadcast-red {background-color:#AA5544;color:white;padding:2px 4px;} .message-learn-canlearn {font-weight:bold;color:#228822;text-decoration:underline;} .message-learn-cannotlearn {font-weight:bold;color:#CC2222;text-decoration:underline;} .message-effect-weak {font-weight:bold;color:#CC2222;} .message-effect-resist {font-weight:bold;color:#6688AA;} .message-effect-immune {font-weight:bold;color:#666666;} .message-learn-list {margin-top:0;margin-bottom:0;} .message-throttle-notice, .message-error {color:#992222;} .message-overflow, .chat small.message-overflow {font-size:0pt;} .message-overflow::before {font-size:9pt;content:'...';} .subtle {color:#3A4A66;}
</style>
<div class="wrapper replay-wrapper" style="max-width:1180px;margin:0 auto">
<input type="hidden" name="replayid" value="lc-478539413" />
<div class="battle"></div><div class="battle-log"></div><div class="replay-controls"></div><div class="replay-controls-2"></div>
<h1 style="font-weight:normal;text-align:center"><strong>LC</strong><br /><a href="http://pokemonshowdown.com/users/fernandoalvarez" class="subtle" target="_blank">FernandoAlvarez</a> vs. <a href="http://pokemonshowdown.com/users/tomegakjold" class="subtle" target="_blank">TOmega.Kjold</a></h1>
<script type="text/plain" class="battle-log-data">|j|FernandoAlvarez
|j|TOmega.Kjold
|player|p1|FernandoAlvarez|102
|player|p2|TOmega.Kjold|153
|gametype|singles
|gen|6
|tier|LC
|rated
|seed|40348,27795,49038,34840
|clearpoke
|poke|p1|Abra, L5, M|item
|poke|p1|Dwebble, L5, M|item
|poke|p1|Snivy, L5, F|item
|poke|p1|Koffing, L5, F|item
|poke|p1|Squirtle, L5, F|item
|poke|p1|Geodude, L5, M|item
|poke|p2|Noibat, L5, F|item
|poke|p2|Ponyta, L5, M|item
|poke|p2|Treecko, L5, F|item
|poke|p2|Archen, L5, F|item
|poke|p2|Chinchou, L5, M|item
|poke|p2|Yamask, L5, F|item
|rule|Sleep Clause Mod: Limit one foe put to sleep
|rule|Species Clause: Limit one of each Pokémon
|rule|OHKO Clause: OHKO moves are banned
|rule|Moody Clause: Moody is banned
|rule|Evasion Moves Clause: Evasion moves are banned
|rule|Endless Battle Clause: Forcing endless battles is banned
|rule|HP Percentage Mod: HP is shown in percentages
|teampreview
|choice|team 6, team 2, team 3, team 4, team 5, team 1|team 6, team 2, team 3, team 4, team 5, team 1
|
|start
|switch|p1a: Geodude|Geodude, L5, M|21\/21
|switch|p2a: Yamask|Yamask, L5, F|20\/20
|turn|1
|choice|move autotomize|switch 5
|
|switch|p2a: Chinchou|Chinchou, L5, M|24\/24
|move|p1a: Geodude|Autotomize|p1a: Geodude
|-boost|p1a: Geodude|spe|2
|-start|p1a: Geodude|Autotomize
|
|turn|2
|choice|move autotomize|move surf
|
|move|p1a: Geodude|Autotomize|p1a: Geodude
|-boost|p1a: Geodude|spe|2
|move|p2a: Chinchou|Surf|p1a: Geodude
|-supereffective|p1a: Geodude
|-ability|p1a: Geodude|Sturdy
|-damage|p1a: Geodude|1\/21
|-enditem|p1a: Geodude|Weakness Policy
|-boost|p1a: Geodude|atk|2
|-boost|p1a: Geodude|spa|2
|
|turn|3
|choice|move rockslide|move brine
|
|move|p1a: Geodude|Rock Slide|p2a: Chinchou
|-damage|p2a: Chinchou|0 fnt
|faint|p2a: Chinchou
|
|choice||switch 3
|
|switch|p2a: Treecko|Treecko, L5, F|20\/20
|turn|4
|choice|move rockslide|move gigadrain
|
|move|p1a: Geodude|Rock Slide|p2a: Treecko
|-damage|p2a: Treecko|0 fnt
|faint|p2a: Treecko
|
|choice||switch 6
|
|switch|p2a: Noibat|Noibat, L5, F|20\/20
|turn|5
|choice|move rockslide|move dragonpulse
|
|move|p1a: Geodude|Rock Slide|p2a: Noibat
|-supereffective|p2a: Noibat
|-damage|p2a: Noibat|0 fnt
|faint|p2a: Noibat
|
|choice||switch 5
|
|switch|p2a: Yamask|Yamask, L5, F|20\/20
|turn|6
|choice|move rockslide|move shadowball
|
|move|p1a: Geodude|Rock Slide|p2a: Yamask
|-crit|p2a: Yamask
|-damage|p2a: Yamask|0 fnt
|faint|p2a: Yamask
|
|-message|TOmega.Kjold forfeited.
|
|win|FernandoAlvarez
|player|p1
|player|p2
|l|TOmega.Kjold</script>
</div>
<div class="battle-log battle-log-inline"><div class="inner"><div class="battle-options"></div><div class="inner"><div class="chat"><small>FernandoAlvarez joined.</small></div><div class="chat"><small>TOmega.Kjold joined.</small></div><div class=""><small>Format:</small> <br><strong>LC</strong></div><div class="rated"><strong>Rated battle</strong></div><div class=""><small><em>Sleep Clause Mod:</em> Limit one foe put to sleep</small></div><div class=""><small><em>Species Clause:</em> Limit one of each Pokémon</small></div><div class=""><small><em>OHKO Clause:</em> OHKO moves are banned</small></div><div class=""><small><em>Moody Clause:</em> Moody is banned</small></div><div class=""><small><em>Evasion Moves Clause:</em> Evasion moves are banned</small></div><div class=""><small><em>Endless Battle Clause:</em> Forcing endless battles is banned</small></div><div class=""><small><em>HP Percentage Mod:</em> HP is shown in percentages</small></div><div class="chat battle-history"><strong>FernandoAlvarez's team:</strong> <em style="color:#445566;display:block;">Abra / Dwebble / Snivy / Koffing / Squirtle / Geodude</em></div><div class="chat battle-history"><strong>TOmega.Kjold's team:</strong> <em style="color:#445566;display:block;">Noibat / Ponyta / Treecko / Archen / Chinchou / Yamask</em></div><div class="spacer battle-history"><br></div><div class="battle-history">Battle started between FernandoAlvarez and TOmega.Kjold!<br></div><div class="spacer battle-history"><br></div><div class="battle-history">Go! <strong>Geodude</strong>!<br></div><div class="spacer battle-history"><br></div><div class="battle-history">TOmega.Kjold sent out <strong>Yamask</strong>!<br></div><div class="spacer battle-history"><br></div><h2 class="battle-history">Turn 1</h2><div class="spacer battle-history"><br></div><div class="battle-history">TOmega.Kjold withdrew Yamask!<br></div><div class="battle-history">TOmega.Kjold sent out <strong>Chinchou</strong>!<br></div><div class="spacer battle-history"><br></div><div class="battle-history">Geodude used <strong>Autotomize</strong>!<br></div><div class="battle-history"><small>Geodude's Speed rose sharply!</small><br></div><div class="battle-history"><small>Geodude became nimble!</small><br></div><div class="spacer battle-history"><br></div><h2 class="battle-history">Turn 2</h2><div class="spacer battle-history"><br></div><div class="battle-history">Geodude used <strong>Autotomize</strong>!<br></div><div class="battle-history"><small>Geodude's Speed rose sharply!</small><br></div><div class="spacer battle-history"><br></div><div class="battle-history">The opposing Chinchou used <strong>Surf</strong>!<br></div><div class="battle-history"><small>It's super effective!</small><br></div><div class="battle-history"><small>[Geodude's Sturdy]</small><br><small>Geodude endured the hit!</small><br></div><div class="battle-history"><small>(Geodude lost <abbr title="−20/21">95.2%</abbr> of its health!)</small><br></div><div class="battle-history"><small>(Geodude used its Weakness Policy!)</small><br></div><div class="battle-history"><small>Geodude's Attack rose sharply!</small><br></div><div class="battle-history"><small>Geodude's Special Attack rose sharply!</small><br></div><div class="spacer battle-history"><br></div><h2 class="battle-history">Turn 3</h2><div class="spacer battle-history"><br></div><div class="battle-history">Geodude used <strong>Rock Slide</strong>!<br></div><div class="battle-history"><small>(The opposing Chinchou lost <abbr title="−24/24">100%</abbr> of its health!)</small><br></div><div class="spacer battle-history"><br></div><div class="battle-history">The opposing Chinchou fainted!<br></div><div class="spacer battle-history"><br></div><div class="battle-history">TOmega.Kjold sent out <strong>Treecko</strong>!<br></div><div class="spacer battle-history"><br></div><h2 class="battle-history">Turn 4</h2><div class="spacer battle-history"><br></div><div class="battle-history">Geodude used <strong>Rock Slide</strong>!<br></div><div class="battle-history"><small>(The opposing Treecko lost <abbr title="−20/20">100%</abbr> of its health!)</small><br></div><div class="spacer battle-history"><br></div><div class="battle-history">The opposing Treecko fainted!<br></div><div class="spacer battle-history"><br></div><div class="battle-history">TOmega.Kjold sent out <strong>Noibat</strong>!<br></div><div class="spacer battle-history"><br></div><h2 class="battle-history">Turn 5</h2><div class="spacer battle-history"><br></div><div class="battle-history">Geodude used <strong>Rock Slide</strong>!<br></div><div class="battle-history"><small>It's super effective!</small><br></div><div class="battle-history"><small>(The opposing Noibat lost <abbr title="−20/20">100%</abbr> of its health!)</small><br></div><div class="spacer battle-history"><br></div><div class="battle-history">The opposing Noibat fainted!<br></div><div class="spacer battle-history"><br></div><div class="battle-history">TOmega.Kjold sent out <strong>Yamask</strong>!<br></div><div class="spacer battle-history"><br></div><h2 class="battle-history">Turn 6</h2><div class="spacer battle-history"><br></div><div class="battle-history">Geodude used <strong>Rock Slide</strong>!<br></div><div class="battle-history"><small>A critical hit!</small><br></div><div class="battle-history"><small>(The opposing Yamask lost <abbr title="−20/20">100%</abbr> of its health!)</small><br></div><div class="spacer battle-history"><br></div><div class="battle-history">The opposing Yamask fainted!<br></div><div class="spacer battle-history"><br></div><div class="battle-history"><small>TOmega.Kjold forfeited.</small><br></div><div class="spacer battle-history"><br></div><div class="battle-history"><strong>FernandoAlvarez</strong> won the battle!<br></div><div class="chat"><small>TOmega.Kjold left.</small></div></div><div class="inner-preempt"></div></div></div>
</div>
<script>
let daily = Math.floor(Date.now()/1000/60/60/24);document.write('<script src="https://play.pokemonshowdown.com/js/replay-embed.js?version'+daily+'"></'+'script>');
</script>
