<!DOCTYPE html>
<meta charset="utf-8" />
<!-- version 1 -->
<title>LC replay: StanislasLeLama vs. trojanstone17</title>
<style>
html,body {font-family:Verdana, sans-serif;font-size:10pt;margin:0;padding:0;}body{padding:12px 0;} .battle-log {font-family:Verdana, sans-serif;font-size:10pt;} .battle-log-inline {border:1px solid #AAAAAA;background:#EEF2F5;color:black;max-width:640px;margin:0 auto 80px;padding-bottom:5px;} .battle-log .inner {padding:4px 8px 0px 8px;} .battle-log .inner-preempt {padding:0 8px 4px 8px;} .battle-log .inner-after {margin-top:0.5em;} .battle-log h2 {margin:0.5em -8px;padding:4px 8px;border:1px solid #AAAAAA;background:#E0E7EA;border-left:0;border-right:0;font-family:Verdana, sans-serif;font-size:13pt;} .battle-log .chat {vertical-align:middle;padding:3px 0 3px 0;font-size:8pt;} .battle-log .chat strong {color:#40576A;} .battle-log .chat em {padding:1px 4px 1px 3px;color:#000000;font-style:normal;} .chat.mine {background:rgba(0,0,0,0.05);margin-left:-8px;margin-right:-8px;padding-left:8px;padding-right:8px;} .spoiler {color:#BBBBBB;background:#BBBBBB;padding:0px 3px;} .spoiler:hover, .spoiler:active, .spoiler-shown {color:#000000;background:#E2E2E2;padding:0px 3px;} .spoiler a {color:#BBBBBB;} .spoiler:hover a, .spoiler:active a, .spoiler-shown a {color:#2288CC;} .chat code, .chat .spoiler:hover code, .chat .spoiler:active code, .chat .spoiler-shown code {border:1px solid #C0C0C0;background:#EEEEEE;color:black;padding:0 2px;} .chat .spoiler code {border:1px solid #CCCCCC;background:#CCCCCC;color:#CCCCCC;} .battle-log .rated {padding:3px 4px;} .battle-log .rated strong {color:white;background:#89A;padding:1px 4px;border-radius:4px;} .spacer {margin-top:0.5em;} .message-announce {background:#6688AA;color:white;padding:1px 4px 2px;} .message-announce a, .broadcast-green a, .broadcast-blue a, .broadcast-red a {color:#DDEEFF;} .broadcast-green {background-color:#559955;color:white;padding:2px 4px;} .broadcast-blue {background-color:#6688AA;color:white;padding:2px 4px;} .infobox {border:1px solid #6688AA;padding:2px 4px;} .infobox-limited {max-height:200px;overflow:auto;overflow-x:hidden;} .broadcast-red {background-color:#AA5544;color:white;padding:2px 4px;} .message-learn-canlearn {font-weight:bold;color:#228822;text-decoration:underline;} .message-learn-cannotlearn {font-weight:bold;color:#CC2222;text-decoration:underline;} .message-effect-weak {font-weight:bold;color:#CC2222;} .message-effect-resist {font-weight:bold;color:#6688AA;} .message-effect-immune {font-weight:bold;color:#666666;} .message-learn-list {margin-top:0;margin-bottom:0;} .message-throttle-notice, .message-error {color:#992222;} .message-overflow, .chat small.message-overflow {font-size:0pt;} .message-overflow::before {font-size:9pt;content:'...';} .subtle {color:#3A4A66;}
</style>
<div class="wrapper replay-wrapper" style="max-width:1180px;margin:0 auto">
<input type="hidden" name="replayid" value="lc-484028479" />
<div class="battle"></div><div class="battle-log"></div><div class="replay-controls"></div><div class="replay-controls-2"></div>
<h1 style="font-weight:normal;text-align:center"><strong>LC</strong><br /><a href="http://pokemonshowdown.com/users/stanislaslelama" class="subtle" target="_blank">StanislasLeLama</a> vs. <a href="http://pokemonshowdown.com/users/trojanstone17" class="subtle" target="_blank">trojanstone17</a></h1>
<script type="text/plain" class="battle-log-data">|j|StanislasLeLama
|j|trojanstone17
|player|p1|StanislasLeLama|250
|player|p2|trojanstone17|64
|gametype|singles
|gen|6
|tier|LC
|rated
|seed|42172,64836,33535,10075
|clearpoke
|poke|p1|Abra, L5, F|item
|poke|p1|Axew, L5, M|item
|poke|p1|Machop, L5, F|item
|poke|p1|Ferroseed, L5, M, shiny|item
|poke|p1|Magnemite, L5|item
|poke|p1|Taillow, L5, M|item
|poke|p2|Ferroseed, L5, M, shiny|item
|poke|p2|Abra, L5, F|item
|poke|p2|Skiddo, L5, M, shiny|item
|poke|p2|Lotad, L5, M, shiny|item
|poke|p2|Charmander, L5, M|item
|poke|p2|Teddiursa, L5, M, shiny|item
|rule|Sleep Clause Mod: Limit one foe put to sleep
|rule|Species Clause: Limit one of each Pokémon
|rule|OHKO Clause: OHKO moves are banned
|rule|Moody Clause: Moody is banned
|rule|Evasion Moves Clause: Evasion moves are banned
|rule|Endless Battle Clause: Forcing endless battles is banned
|rule|HP Percentage Mod: HP is shown in percentages
|teampreview
|choice|team 4, team 2, team 3, team 1, team 5, team 6|team 6, team 2, team 3, team 4, team 5, team 1
|
|start
|switch|p1a: Ferroseed|Ferroseed, L5, M, shiny|20\/20
|switch|p2a: Teddiursa|Teddiursa, L5, M, shiny|24\/24
|turn|1
|choice|move thunderwave|move closecombat
|
|move|p2a: Teddiursa|Close Combat|p1a: Ferroseed
|-supereffective|p1a: Ferroseed
|-damage|p1a: Ferroseed|6\/20
|-damage|p2a: Teddiursa|21\/24|[from] ability: Iron Barbs|[of] p1a: Ferroseed
|-unboost|p2a: Teddiursa|def|1
|-unboost|p2a: Teddiursa|spd|1
|move|p1a: Ferroseed|Thunder Wave|p2a: Teddiursa
|-status|p2a: Teddiursa|par
|
|turn|2
|choice|move stealthrock|move facade
|
|move|p2a: Teddiursa|Facade|p1a: Ferroseed
|-resisted|p1a: Ferroseed
|-damage|p1a: Ferroseed|0 fnt
|-damage|p2a: Teddiursa|18\/24 par|[from] ability: Iron Barbs|[of] p1a: Ferroseed
|faint|p1a: Ferroseed
|
|choice|switch 3|
|
|switch|p1a: Machop|Machop, L5, F|23\/23
|turn|3
|choice|move dynamicpunch|move facade
|
|move|p1a: Machop|Dynamic Punch|p2a: Teddiursa
|-supereffective|p2a: Teddiursa
|-damage|p2a: Teddiursa|0 fnt
|faint|p2a: Teddiursa
|
|choice||switch 2
|
|switch|p2a: Abra|Abra, L5, F|19\/19
|turn|4
|choice|move dynamicpunch|move dazzlinggleam
|
|move|p1a: Machop|Dynamic Punch|p2a: Abra
|-resisted|p2a: Abra
|-damage|p2a: Abra|6\/19
|-start|p2a: Abra|confusion
|-activate|p2a: Abra|confusion
|-damage|p2a: Abra|3\/19|[from] confusion
|
|turn|5
|choice|move dynamicpunch|move psychic
|
|move|p1a: Machop|Dynamic Punch|p2a: Abra
|-resisted|p2a: Abra
|-damage|p2a: Abra|0 fnt
|faint|p2a: Abra
|
|choice||switch 5
|
|switch|p2a: Charmander|Charmander, L5, M|20\/20
|turn|6
|choice|move dynamicpunch|move dragondance
|
|move|p1a: Machop|Dynamic Punch|p2a: Charmander
|-damage|p2a: Charmander|1\/20
|-start|p2a: Charmander|confusion
|-activate|p2a: Charmander|confusion
|-damage|p2a: Charmander|0 fnt|[from] confusion
|faint|p2a: Charmander
|
|choice||switch 3
|
|switch|p2a: Skiddo|Skiddo, L5, M, shiny|26\/26
|turn|7
|choice|move dynamicpunch|move hornleech
|
|move|p1a: Machop|Dynamic Punch|p2a: Skiddo
|-damage|p2a: Skiddo|8\/26
|-start|p2a: Skiddo|confusion
|-activate|p2a: Skiddo|confusion
|move|p2a: Skiddo|Horn Leech|p1a: Machop
|-damage|p1a: Machop|10\/23
|-heal|p2a: Skiddo|15\/26|[from] drain|[of] p1a: Machop
|
|-heal|p2a: Skiddo|16\/26|[from] item: Leftovers
|turn|8
|choice|move dynamicpunch|move hornleech
|
|move|p1a: Machop|Dynamic Punch|p2a: Skiddo
|-damage|p2a: Skiddo|0 fnt
|faint|p2a: Skiddo
|
|choice||switch 4
|
|switch|p2a: Lotad|Lotad, L5, M, shiny|20\/20
|turn|9
|choice|move dynamicpunch|move raindance
|
|move|p1a: Machop|Dynamic Punch|p2a: Lotad
|-enditem|p2a: Lotad|Focus Sash
|-damage|p2a: Lotad|1\/20
|-start|p2a: Lotad|confusion
|-activate|p2a: Lotad|confusion
|-damage|p2a: Lotad|0 fnt|[from] confusion
|faint|p2a: Lotad
|
|choice||switch 6
|
|switch|p2a: Ferroseed|Ferroseed, L5, M, shiny|24\/24
|turn|10
|choice|move dynamicpunch|move gigadrain
|
|move|p1a: Machop|Dynamic Punch|p2a: Ferroseed
|-supereffective|p2a: Ferroseed
|-damage|p2a: Ferroseed|0 fnt
|-damage|p1a: Machop|8\/23|[from] ability: Iron Barbs|[of] p2a: Ferroseed
|-damage|p1a: Machop|5\/23|[from] item: Rocky Helmet|[of] p2a: Ferroseed
|faint|p2a: Ferroseed
|
|win|StanislasLeLama
|player|p1
|player|p2
|l|trojanstone17</script>
</div>
<div class="battle-log battle-log-inline"><div class="inner"><div class="battle-options"></div><div class="inner"><div class="chat"><small>StanislasLeLama joined.</small></div><div class="chat"><small>trojanstone17 joined.</small></div><div class=""><small>Format:</small> <br><strong>LC</strong></div><div class="rated"><strong>Rated battle</strong></div><div class=""><small><em>Sleep Clause Mod:</em> Limit one foe put to sleep</small></div><div class=""><small><em>Species Clause:</em> Limit one of each Pokémon</small></div><div class=""><small><em>OHKO Clause:</em> OHKO moves are banned</small></div><div class=""><small><em>Moody Clause:</em> Moody is banned</small></div><div class=""><small><em>Evasion Moves Clause:</em> Evasion moves are banned</small></div><div class=""><small><em>Endless Battle Clause:</em> Forcing endless battles is banned</small></div><div class=""><small><em>HP Percentage Mod:</em> HP is shown in percentages</small></div><div class="chat battle-history"><strong>StanislasLeLama's team:</strong> <em style="color:#445566;display:block;">Abra / Axew / Machop / Ferroseed / Magnemite / Taillow</em></div><div class="chat battle-history"><strong>trojanstone17's team:</strong> <em style="color:#445566;display:block;">Ferroseed / Abra / Skiddo / Lotad / Charmander / Teddiursa</em></div><div class="spacer battle-history"><br></div><div class="battle-history">Battle started between StanislasLeLama and trojanstone17!<br></div><div class="spacer battle-history"><br></div><div class="battle-history">Go! <strong>Ferroseed</strong>!<br></div><div class="spacer battle-history"><br></div><div class="battle-history">trojanstone17 sent out <strong>Teddiursa</strong>!<br></div><div class="spacer battle-history"><br></div><h2 class="battle-history">Turn 1</h2><div class="spacer battle-history"><br></div><div class="battle-history">The opposing Teddiursa used <strong>Close Combat</strong>!<br></div><div class="battle-history"><small>It's super effective!</small><br></div><div class="battle-history"><small>(Ferroseed lost <abbr title="−14/20">70%</abbr> of its health!)</small><br></div><div class="battle-history"><small>[Ferroseed's Iron Barbs]</small><br><small>The opposing Teddiursa was hurt!</small><br></div><div class="battle-history"><small>The opposing Teddiursa's Defense fell!</small><br></div><div class="battle-history"><small>The opposing Teddiursa's Special Defense fell!</small><br></div><div class="spacer battle-history"><br></div><div class="battle-history">Ferroseed used <strong>Thunder Wave</strong>!<br></div><div class="battle-history"><small>The opposing Teddiursa is paralyzed! It may be unable to move!</small><br></div><div class="spacer battle-history"><br></div><h2 class="battle-history">Turn 2</h2><div class="spacer battle-history"><br></div><div class="battle-history">The opposing Teddiursa used <strong>Facade</strong>!<br></div><div class="battle-history"><small>It's not very effective...</small><br></div><div class="battle-history"><small>(Ferroseed lost <abbr title="−6/20">30%</abbr> of its health!)</small><br></div><div class="battle-history"><small>[Ferroseed's Iron Barbs]</small><br><small>The opposing Teddiursa was hurt!</small><br></div><div class="spacer battle-history"><br></div><div class="battle-history">Ferroseed fainted!<br></div><div class="spacer battle-history"><br></div><div class="battle-history">Go! <strong>Machop</strong>!<br></div><div class="spacer battle-history"><br></div><h2 class="battle-history">Turn 3</h2><div class="spacer battle-history"><br></div><div class="battle-history">Machop used <strong>Dynamic Punch</strong>!<br></div><div class="battle-history"><small>It's super effective!</small><br></div><div class="battle-history"><small>(The opposing Teddiursa lost <abbr title="−18/24">75%</abbr> of its health!)</small><br></div><div class="spacer battle-history"><br></div><div class="battle-history">The opposing Teddiursa fainted!<br></div><div class="spacer battle-history"><br></div><div class="battle-history">trojanstone17 sent out <strong>Abra</strong>!<br></div><div class="spacer battle-history"><br></div><h2 class="battle-history">Turn 4</h2><div class="spacer battle-history"><br></div><div class="battle-history">Machop used <strong>Dynamic Punch</strong>!<br></div><div class="battle-history"><small>It's not very effective...</small><br></div><div class="battle-history"><small>(The opposing Abra lost <abbr title="−13/19">68.4%</abbr> of its health!)</small><br></div><div class="battle-history"><small>The opposing Abra became confused!</small><br></div><div class="spacer battle-history"><br></div><div class="battle-history"><small>The opposing Abra is confused!</small><br></div><div class="battle-history">It hurt itself in its confusion!<br></div><div class="spacer battle-history"><br></div><h2 class="battle-history">Turn 5</h2><div class="spacer battle-history"><br></div><div class="battle-history">Machop used <strong>Dynamic Punch</strong>!<br></div><div class="battle-history"><small>It's not very effective...</small><br></div><div class="battle-history"><small>(The opposing Abra lost <abbr title="−3/19">15.8%</abbr> of its health!)</small><br></div><div class="spacer battle-history"><br></div><div class="battle-history">The opposing Abra fainted!<br></div><div class="spacer battle-history"><br></div><div class="battle-history">trojanstone17 sent out <strong>Charmander</strong>!<br></div><div class="spacer battle-history"><br></div><h2 class="battle-history">Turn 6</h2><div class="spacer battle-history"><br></div><div class="battle-history">Machop used <strong>Dynamic Punch</strong>!<br></div><div class="battle-history"><small>(The opposing Charmander lost <abbr title="−19/20">95%</abbr> of its health!)</small><br></div><div class="battle-history"><small>The opposing Charmander became confused!</small><br></div><div class="spacer battle-history"><br></div><div class="battle-history"><small>The opposing Charmander is confused!</small><br></div><div class="battle-history">It hurt itself in its confusion!<br></div><div class="spacer battle-history"><br></div><div class="battle-history">The opposing Charmander fainted!<br></div><div class="spacer battle-history"><br></div><div class="battle-history">trojanstone17 sent out <strong>Skiddo</strong>!<br></div><div class="spacer battle-history"><br></div><h2 class="battle-history">Turn 7</h2><div class="spacer battle-history"><br></div><div class="battle-history">Machop used <strong>Dynamic Punch</strong>!<br></div><div class="battle-history"><small>(The opposing Skiddo lost <abbr title="−18/26">69.2%</abbr> of its health!)</small><br></div><div class="battle-history"><small>The opposing Skiddo became confused!</small><br></div><div class="spacer battle-history"><br></div><div class="battle-history"><small>The opposing Skiddo is confused!</small><br></div><div class="battle-history">The opposing Skiddo used <strong>Horn Leech</strong>!<br></div><div class="battle-history"><small>(Machop lost <abbr title="−13/23">56.5%</abbr> of its health!)</small><br></div><div class="battle-history"><small>Machop had its energy drained!</small><br></div><div class="spacer battle-history"><br></div><div class="battle-history"><small>The opposing Skiddo restored a little HP using its Leftovers!</small><br></div><div class="spacer battle-history"><br></div><h2 class="battle-history">Turn 8</h2><div class="spacer battle-history"><br></div><div class="battle-history">Machop used <strong>Dynamic Punch</strong>!<br></div><div class="battle-history"><small>(The opposing Skiddo lost <abbr title="−16/26">61.5%</abbr> of its health!)</small><br></div><div class="spacer battle-history"><br></div><div class="battle-history">The opposing Skiddo fainted!<br></div><div class="spacer battle-history"><br></div><div class="battle-history">trojanstone17 sent out <strong>Lotad</strong>!<br></div><div class="spacer battle-history"><br></div><h2 class="battle-history">Turn 9</h2><div class="spacer battle-history"><br></div><div class="battle-history">Machop used <strong>Dynamic Punch</strong>!<br></div><div class="battle-history"><small>The opposing Lotad hung on using its Focus Sash!</small><br></div><div class="battle-history"><small>(The opposing Lotad lost <abbr title="−19/20">95%</abbr> of its health!)</small><br></div><div class="battle-history"><small>The opposing Lotad became confused!</small><br></div><div class="spacer battle-history"><br></div><div class="battle-history"><small>The opposing Lotad is confused!</small><br></div><div class="battle-history">It hurt itself in its confusion!<br></div><div class="spacer battle-history"><br></div><div class="battle-history">The opposing Lotad fainted!<br></div><div class="spacer battle-history"><br></div><div class="battle-history">trojanstone17 sent out <strong>Ferroseed</strong>!<br></div><div class="spacer battle-history"><br></div><h2 class="battle-history">Turn 10</h2><div class="spacer battle-history"><br></div><div class="battle-history">Machop used <strong>Dynamic Punch</strong>!<br></div><div class="battle-history"><small>It's super effective!</small><br></div><div class="battle-history"><small>(The opposing Ferroseed lost <abbr title="−24/24">100%</abbr> of its health!)</small><br></div><div class="battle-history"><small>[The opposing Ferroseed's Iron Barbs]</small><br><small>Machop was hurt!</small><br></div><div class="battle-history"><small>Machop was hurt by the Rocky Helmet!</small><br></div><div class="spacer battle-history"><br></div><div class="battle-history">The opposing Ferroseed fainted!<br></div><div class="spacer battle-history"><br></div><div class="battle-history"><strong>StanislasLeLama</strong> won the battle!<br></div><div class="chat"><small>trojanstone17 left.</small></div></div><div class="inner-preempt"></div></div></div>
</div>
<script>
let daily = Math.floor(Date.now()/1000/60/60/24);document.write('<script src="https://play.pokemonshowdown.com/js/replay-embed.js?version'+daily+'"></'+'script>');
</script>
