<!DOCTYPE html>
<meta charset="utf-8" />
<!-- version 1 -->
<title>LC replay: wilson 17 vs. Darth Agnan</title>
<style>
html,body {font-family:Verdana, sans-serif;font-size:10pt;margin:0;padding:0;}body{padding:12px 0;} .battle-log {font-family:Verdana, sans-serif;font-size:10pt;} .battle-log-inline {border:1px solid #AAAAAA;background:#EEF2F5;color:black;max-width:640px;margin:0 auto 80px;padding-bottom:5px;} .battle-log .inner {padding:4px 8px 0px 8px;} .battle-log .inner-preempt {padding:0 8px 4px 8px;} .battle-log .inner-after {margin-top:0.5em;} .battle-log h2 {margin:0.5em -8px;padding:4px 8px;border:1px solid #AAAAAA;background:#E0E7EA;border-left:0;border-right:0;font-family:Verdana, sans-serif;font-size:13pt;} .battle-log .chat {vertical-align:middle;padding:3px 0 3px 0;font-size:8pt;} .battle-log .chat strong {color:#40576A;} .battle-log .chat em {padding:1px 4px 1px 3px;color:#000000;font-style:normal;} .chat.mine {background:rgba(0,0,0,0.05);margin-left:-8px;margin-right:-8px;padding-left:8px;padding-right:8px;} .spoiler {color:#BBBBBB;background:#BBBBBB;padding:0px 3px;} .spoiler:hover, .spoiler:active, .spoiler-shown {color:#000000;background:#E2E2E2;padding:0px 3px;} .spoiler a {color:#BBBBBB;} .spoiler:hover a, .spoiler:active a, .spoiler-shown a {color:#2288CC;} .chat code, .chat .spoiler:hover code, .chat .spoiler:active code, .chat .spoiler-shown code {border:1px solid #C0C0C0;background:#EEEEEE;color:black;padding:0 2px;} .chat .spoiler code {border:1px solid #CCCCCC;background:#CCCCCC;color:#CCCCCC;} .battle-log .rated {padding:3px 4px;} .battle-log .rated strong {color:white;background:#89A;padding:1px 4px;border-radius:4px;} .spacer {margin-top:0.5em;} .message-announce {background:#6688AA;color:white;padding:1px 4px 2px;} .message-announce a, .broadcast-green a, .broadcast-blue a, .broadcast-red a {color:#DDEEFF;} .broadcast-green {background-color:#559955;color:white;padding:2px 4px;} .broadcast-blue {background-color:#6688AA;color:white;padding:2px 4px;} .infobox {border:1px solid #6688AA;padding:2px 4px;} .infobox-limited {max-height:200px;overflow:auto;overflow-x:hidden;} .broadcast-red {background-color:#AA5544;color:white;padding:2px 4px;} .message-learn-canlearn {font-weight:bold;color:#228822;text-decoration:underline;} .message-learn-cannotlearn {font-weight:bold;color:#CC2222;text-decoration:underline;} .message-effect-weak {font-weight:bold;color:#CC2222;} .message-effect-resist {font-weight:bold;color:#6688AA;} .message-effect-immune {font-weight:bold;color:#666666;} .message-learn-list {margin-top:0;margin-bottom:0;} .message-throttle-notice, .message-error {color:#992222;} .message-overflow, .chat small.message-overflow {font-size:0pt;} .message-overflow::before {font-size:9pt;content:'...';} .subtle {color:#3A4A66;}
</style>
<div class="wrapper replay-wrapper" style="max-width:1180px;margin:0 auto">
<input type="hidden" name="replayid" value="pandora-lc-5292140" />
<div class="battle"></div><div class="battle-log"></div><div class="replay-controls"></div><div class="replay-controls-2"></div>
<h1 style="font-weight:normal;text-align:center"><strong>LC</strong><br /><a href="http://pokemonshowdown.com/users/wilson17" class="subtle" target="_blank">wilson 17</a> vs. <a href="http://pokemonshowdown.com/users/darthagnan" class="subtle" target="_blank">Darth Agnan</a></h1>
<script type="text/plain" class="battle-log-data">|j|wilson 17
|j|Darth Agnan
|unlink|||tour
|player|p1|wilson 17|169
|player|p2|Darth Agnan|165
|gametype|singles
|gen|6
|tier|LC
|seed|51110,19833,54576,37942
|clearpoke
|poke|p1|Abra, L5, F|item
|poke|p1|Froakie, L5, M|item
|poke|p1|Buizel, L5, M|item
|poke|p1|Litleo, L5, F|item
|poke|p1|Amaura, L5, M|item
|poke|p1|Mankey, L5, F|item
|poke|p2|Riolu, L5, M|item
|poke|p2|Abra, L5, F|item
|poke|p2|Cubone, L5, M|item
|poke|p2|Aron, L5, M|item
|poke|p2|Carvanha, L5, M|item
|poke|p2|Eevee, L5, F|item
|rule|Cláusula-Mod de Dormir: solo puedes dormir a uno de tus oponentes a la vez.
|rule|Cláusula de Especie: Hasta un Pokémon de cada especie
|rule|Cláusula de Golpe Fulminante: los movimientos fulminantes (OHKO) estan prohibidos
|rule|Cláusula de Moody: la habilidad Moody está prohibida
|rule|Cláusula de Movimientos Evasivos: los movimientos de evasion estan prohibidos
|rule|Cláusula de Batallas Eternas: forzar batallas eternas está prohibido
|rule|Modo de Porcentaje de HP: el HP es mostrado en porcentaje
|teampreview
|choice|*team 321456|*
|choice|*|*team 623451
|choice|team 3, team 2, team 1, team 4, team 5, team 6|team 6, team 2, team 3, team 4, team 5, team 1
|
|start
|switch|p1a: Buizel|Buizel, L5, M|22\/22
|switch|p2a: Eevee|Eevee, L5, F|22\/22
|turn|1
|choice|*move 3|*
|choice|*|*move 1
|choice|move waterfall|move protect
|
|move|p2a: Eevee|Protect|p2a: Eevee
|-singleturn|p2a: Eevee|Protect
|move|p1a: Buizel|Waterfall|p2a: Eevee
|-activate|p2a: Eevee|move: Protect
|
|turn|2
|choice|*move 1|*
|choice|*|*move 2
|choice|move aquajet|move lastresort
|
|move|p1a: Buizel|Aqua Jet|p2a: Eevee
|-damage|p2a: Eevee|18\/22
|move|p2a: Eevee|Last Resort|p1a: Buizel
|-damage|p1a: Buizel|0 fnt
|faint|p1a: Buizel
|
|choice|*switch 3|*
|choice|switch 3|
|
|switch|p1a: Abra|Abra, L5, F|19\/19
|turn|3
|choice|*move 2|*
|choice|*|*move 1
|choice|move magiccoat|move protect
|
|move|p1a: Abra|Magic Coat|p1a: Abra
|-singleturn|p1a: Abra|move: Magic Coat
|move|p2a: Eevee|Protect|p2a: Eevee
|-fail|p2a: Eevee
|
|turn|4
|choice|*move 2|*
|choice|*|*move 2
|choice|move magiccoat|move lastresort
|
|move|p1a: Abra|Magic Coat|p1a: Abra
|-singleturn|p1a: Abra|move: Magic Coat
|move|p2a: Eevee|Last Resort|p1a: Abra
|-crit|p1a: Abra
|-damage|p1a: Abra|0 fnt
|faint|p1a: Abra
|
|choice|*switch 4|*
|choice|switch 4|
|
|switch|p1a: Litleo|Litleo, L5, F|22\/22
|turn|5
|choice|*move 4|*
|choice|*|*move 2
|choice|move flamethrower|move lastresort
|
|move|p2a: Eevee|Last Resort|p1a: Litleo
|-damage|p1a: Litleo|0 fnt
|faint|p1a: Litleo
|
|choice|*switch 5|*
|choice|switch 5|
|
|switch|p1a: Amaura|Amaura, L5, M|24\/24
|turn|6
|choice|*move 3|*
|choice|*|*move 2
|choice|move dragontail|move lastresort
|
|move|p2a: Eevee|Last Resort|p1a: Amaura
|-resisted|p1a: Amaura
|-damage|p1a: Amaura|8\/24
|move|p1a: Amaura|Dragon Tail|p2a: Eevee
|-damage|p2a: Eevee|14\/22
|drag|p2a: Carvanha|Carvanha, L5, M|21\/21
|
|turn|7
|choice|*move 4|*
|choice|*|*move 4
|choice|move discharge|move crunch
|
|move|p2a: Carvanha|Crunch|p1a: Amaura
|-damage|p1a: Amaura|0 fnt
|-damage|p2a: Carvanha|19\/21|[from] item: Life Orb
|faint|p1a: Amaura
|
|-ability|p2a: Carvanha|Speed Boost|boost
|-boost|p2a: Carvanha|spe|1
|choice|*switch 6|*
|choice|switch 6|
|
|switch|p1a: Mankey|Mankey, L5, F|20\/20
|turn|8
|choice|*|*move 3
|choice|*move 1|*
|choice|move closecombat|move zenheadbutt
|
|move|p2a: Carvanha|Zen Headbutt|p1a: Mankey
|-supereffective|p1a: Mankey
|-damage|p1a: Mankey|0 fnt
|-damage|p2a: Carvanha|17\/21|[from] item: Life Orb
|faint|p1a: Mankey
|
|-ability|p2a: Carvanha|Speed Boost|boost
|-boost|p2a: Carvanha|spe|1
|choice|*switch 2|*
|choice|switch 2|
|
|switch|p1a: Froakie|Froakie, L5, M|20\/20
|turn|9
|choice|*|*move 2
|choice|*move 4|*
|choice|move hiddenpower|move waterfall
|
|move|p2a: Carvanha|Waterfall|p1a: Froakie
|-resisted|p1a: Froakie
|-damage|p1a: Froakie|8\/20
|-damage|p2a: Carvanha|15\/21|[from] item: Life Orb
|move|p1a: Froakie|Hidden Power|p2a: Carvanha
|-resisted|p2a: Carvanha
|-damage|p2a: Carvanha|12\/21
|
|-ability|p2a: Carvanha|Speed Boost|boost
|-boost|p2a: Carvanha|spe|1
|turn|10
|choice|*move 3|*
|choice|*|*move 2
|choice|move waterfall|move waterfall
|
|move|p2a: Carvanha|Waterfall|p1a: Froakie
|-resisted|p1a: Froakie
|-damage|p1a: Froakie|0 fnt
|-damage|p2a: Carvanha|10\/21|[from] item: Life Orb
|faint|p1a: Froakie
|
|win|Darth Agnan
|player|p1
|player|p2
|l|wilson 17</script>
</div>
<div class="battle-log battle-log-inline"><div class="inner"><div class="battle-options"></div><div class="inner"><div class="chat"><small>wilson 17 joined.</small></div><div class="chat"><small>Darth Agnan joined.</small></div><div class=""><small>Format:</small> <br><strong>LC</strong></div><div class=""><small><em>Cláusula-Mod de Dormir:</em> solo puedes dormir a uno de tus oponentes a la vez.</small></div><div class=""><small><em>Cláusula de Especie:</em> Hasta un Pokémon de cada especie</small></div><div class=""><small><em>Cláusula de Golpe Fulminante:</em> los movimientos fulminantes (OHKO) estan prohibidos</small></div><div class=""><small><em>Cláusula de Moody:</em> la habilidad Moody está prohibida</small></div><div class=""><small><em>Cláusula de Movimientos Evasivos:</em> los movimientos de evasion estan prohibidos</small></div><div class=""><small><em>Cláusula de Batallas Eternas:</em> forzar batallas eternas está prohibido</small></div><div class=""><small><em>Modo de Porcentaje de HP:</em> el HP es mostrado en porcentaje</small></div><div class="chat battle-history"><strong>wilson 17's team:</strong> <em style="color:#445566;display:block;">Abra / Froakie / Buizel / Litleo / Amaura / Mankey</em></div><div class="chat battle-history"><strong>Darth Agnan's team:</strong> <em style="color:#445566;display:block;">Riolu / Abra / Cubone / Aron / Carvanha / Eevee</em></div><div class="spacer battle-history"><br></div><div class="battle-history">Battle started between wilson 17 and Darth Agnan!<br></div><div class="spacer battle-history"><br></div><div class="battle-history">Go! <strong>Buizel</strong>!<br></div><div class="spacer battle-history"><br></div><div class="battle-history">Darth Agnan sent out <strong>Eevee</strong>!<br></div><div class="spacer battle-history"><br></div><h2 class="battle-history">Turn 1</h2><div class="spacer battle-history"><br></div><div class="battle-history">The opposing Eevee used <strong>Protect</strong>!<br></div><div class="battle-history"><small>The opposing Eevee protected itself!</small><br></div><div class="spacer battle-history"><br></div><div class="battle-history">Buizel used <strong>Waterfall</strong>!<br></div><div class="battle-history"><small>The opposing Eevee protected itself!</small><br></div><div class="spacer battle-history"><br></div><h2 class="battle-history">Turn 2</h2><div class="spacer battle-history"><br></div><div class="battle-history">Buizel used <strong>Aqua Jet</strong>!<br></div><div class="battle-history"><small>(The opposing Eevee lost <abbr title="−4/22">18.2%</abbr> of its health!)</small><br></div><div class="spacer battle-history"><br></div><div class="battle-history">The opposing Eevee used <strong>Last Resort</strong>!<br></div><div class="battle-history"><small>(Buizel lost <abbr title="−22/22">100%</abbr> of its health!)</small><br></div><div class="spacer battle-history"><br></div><div class="battle-history">Buizel fainted!<br></div><div class="spacer battle-history"><br></div><div class="battle-history">Go! <strong>Abra</strong>!<br></div><div class="spacer battle-history"><br></div><h2 class="battle-history">Turn 3</h2><div class="spacer battle-history"><br></div><div class="battle-history">Abra used <strong>Magic Coat</strong>!<br></div><div class="battle-history"><small>Abra shrouded itself with Magic Coat!</small><br></div><div class="spacer battle-history"><br></div><div class="battle-history">The opposing Eevee used <strong>Protect</strong>!<br></div><div class="battle-history"><small>But it failed!</small><br></div><div class="spacer battle-history"><br></div><h2 class="battle-history">Turn 4</h2><div class="spacer battle-history"><br></div><div class="battle-history">Abra used <strong>Magic Coat</strong>!<br></div><div class="battle-history"><small>Abra shrouded itself with Magic Coat!</small><br></div><div class="spacer battle-history"><br></div><div class="battle-history">The opposing Eevee used <strong>Last Resort</strong>!<br></div><div class="battle-history"><small>A critical hit!</small><br></div><div class="battle-history"><small>(Abra lost <abbr title="−19/19">100%</abbr> of its health!)</small><br></div><div class="spacer battle-history"><br></div><div class="battle-history">Abra fainted!<br></div><div class="spacer battle-history"><br></div><div class="battle-history">Go! <strong>Litleo</strong>!<br></div><div class="spacer battle-history"><br></div><h2 class="battle-history">Turn 5</h2><div class="spacer battle-history"><br></div><div class="battle-history">The opposing Eevee used <strong>Last Resort</strong>!<br></div><div class="battle-history"><small>(Litleo lost <abbr title="−22/22">100%</abbr> of its health!)</small><br></div><div class="spacer battle-history"><br></div><div class="battle-history">Litleo fainted!<br></div><div class="spacer battle-history"><br></div><div class="battle-history">Go! <strong>Amaura</strong>!<br></div><div class="spacer battle-history"><br></div><h2 class="battle-history">Turn 6</h2><div class="spacer battle-history"><br></div><div class="battle-history">The opposing Eevee used <strong>Last Resort</strong>!<br></div><div class="battle-history"><small>It's not very effective...</small><br></div><div class="battle-history"><small>(Amaura lost <abbr title="−16/24">66.7%</abbr> of its health!)</small><br></div><div class="spacer battle-history"><br></div><div class="battle-history">Amaura used <strong>Dragon Tail</strong>!<br></div><div class="battle-history"><small>(The opposing Eevee lost <abbr title="−4/22">18.2%</abbr> of its health!)</small><br></div><div class="spacer battle-history"><br></div><div class="battle-history"><strong>Carvanha</strong> was dragged out!<br></div><div class="spacer battle-history"><br></div><h2 class="battle-history">Turn 7</h2><div class="spacer battle-history"><br></div><div class="battle-history">The opposing Carvanha used <strong>Crunch</strong>!<br></div><div class="battle-history"><small>(Amaura lost <abbr title="−8/24">33.3%</abbr> of its health!)</small><br></div><div class="battle-history"><small>The opposing Carvanha lost some of its HP!</small><br></div><div class="spacer battle-history"><br></div><div class="battle-history">Amaura fainted!<br></div><div class="spacer battle-history"><br></div><div class="battle-history"><small>[The opposing Carvanha's Speed Boost]</small><br></div><div class="battle-history"><small>The opposing Carvanha's Speed rose!</small><br></div><div class="spacer battle-history"><br></div><div class="battle-history">Go! <strong>Mankey</strong>!<br></div><div class="spacer battle-history"><br></div><h2 class="battle-history">Turn 8</h2><div class="spacer battle-history"><br></div><div class="battle-history">The opposing Carvanha used <strong>Zen Headbutt</strong>!<br></div><div class="battle-history"><small>It's super effective!</small><br></div><div class="battle-history"><small>(Mankey lost <abbr title="−20/20">100%</abbr> of its health!)</small><br></div><div class="battle-history"><small>The opposing Carvanha lost some of its HP!</small><br></div><div class="spacer battle-history"><br></div><div class="battle-history">Mankey fainted!<br></div><div class="spacer battle-history"><br></div><div class="battle-history"><small>[The opposing Carvanha's Speed Boost]</small><br></div><div class="battle-history"><small>The opposing Carvanha's Speed rose!</small><br></div><div class="spacer battle-history"><br></div><div class="battle-history">Go! <strong>Froakie</strong>!<br></div><div class="spacer battle-history"><br></div><h2 class="battle-history">Turn 9</h2><div class="spacer battle-history"><br></div><div class="battle-history">The opposing Carvanha used <strong>Waterfall</strong>!<br></div><div class="battle-history"><small>It's not very effective...</small><br></div><div class="battle-history"><small>(Froakie lost <abbr title="−12/20">60%</abbr> of its health!)</small><br></div><div class="battle-history"><small>The opposing Carvanha lost some of its HP!</small><br></div><div class="spacer battle-history"><br></div><div class="battle-history">Froakie used <strong>Hidden Power</strong>!<br></div><div class="battle-history"><small>It's not very effective...</small><br></div><div class="battle-history"><small>(The opposing Carvanha lost <abbr title="−3/21">14.3%</abbr> of its health!)</small><br></div><div class="spacer battle-history"><br></div><div class="battle-history"><small>[The opposing Carvanha's Speed Boost]</small><br></div><div class="battle-history"><small>The opposing Carvanha's Speed rose!</small><br></div><div class="spacer battle-history"><br></div><h2 class="battle-history">Turn 10</h2><div class="spacer battle-history"><br></div><div class="battle-history">The opposing Carvanha used <strong>Waterfall</strong>!<br></div><div class="battle-history"><small>It's not very effective...</small><br></div><div class="battle-history"><small>(Froakie lost <abbr title="−8/20">40%</abbr> of its health!)</small><br></div><div class="battle-history"><small>The opposing Carvanha lost some of its HP!</small><br></div><div class="spacer battle-history"><br></div><div class="battle-history">Froakie fainted!<br></div><div class="spacer battle-history"><br></div><div class="battle-history"><strong>Darth Agnan</strong> won the battle!<br></div><div class="chat"><small>wilson 17 left.</small></div></div><div class="inner-preempt"></div></div></div>
</div>
<script>
let daily = Math.floor(Date.now()/1000/60/60/24);document.write('<script src="https://play.pokemonshowdown.com/js/replay-embed.js?version'+daily+'"></'+'script>');
</script>
