<!DOCTYPE html>
<meta charset="utf-8" />
<!-- version 1 -->
<title>LC replay: Shadow Hippie vs. Mestre StevenBr</title>
<style>
html,body {font-family:Verdana, sans-serif;font-size:10pt;margin:0;padding:0;}body{padding:12px 0;} .battle-log {font-family:Verdana, sans-serif;font-size:10pt;} .battle-log-inline {border:1px solid #AAAAAA;background:#EEF2F5;color:black;max-width:640px;margin:0 auto 80px;padding-bottom:5px;} .battle-log .inner {padding:4px 8px 0px 8px;} .battle-log .inner-preempt {padding:0 8px 4px 8px;} .battle-log .inner-after {margin-top:0.5em;} .battle-log h2 {margin:0.5em -8px;padding:4px 8px;border:1px solid #AAAAAA;background:#E0E7EA;border-left:0;border-right:0;font-family:Verdana, sans-serif;font-size:13pt;} .battle-log .chat {vertical-align:middle;padding:3px 0 3px 0;font-size:8pt;} .battle-log .chat strong {color:#40576A;} .battle-log .chat em {padding:1px 4px 1px 3px;color:#000000;font-style:normal;} .chat.mine {background:rgba(0,0,0,0.05);margin-left:-8px;margin-right:-8px;padding-left:8px;padding-right:8px;} .spoiler {color:#BBBBBB;background:#BBBBBB;padding:0px 3px;} .spoiler:hover, .spoiler:active, .spoiler-shown {color:#000000;background:#E2E2E2;padding:0px 3px;} .spoiler a {color:#BBBBBB;} .spoiler:hover a, .spoiler:active a, .spoiler-shown a {color:#2288CC;} .chat code, .chat .spoiler:hover code, .chat .spoiler:active code, .chat .spoiler-shown code {border:1px solid #C0C0C0;background:#EEEEEE;color:black;padding:0 2px;} .chat .spoiler code {border:1px solid #CCCCCC;background:#CCCCCC;color:#CCCCCC;} .battle-log .rated {padding:3px 4px;} .battle-log .rated strong {color:white;background:#89A;padding:1px 4px;border-radius:4px;} .spacer {margin-top:0.5em;} .message-announce {background:#6688AA;color:white;padding:1px 4px 2px;} .message-announce a, .broadcast-green a, .broadcast-blue a, .broadcast-red a {color:#DDEEFF;} .broadcast-green {background-color:#559955;color:white;padding:2px 4px;} .broadcast-blue {background-color:#6688AA;color:white;padding:2px 4px;} .infobox {border:1px solid #6688AA;padding:2px 4px;} .infobox-limited {max-height:200px;overflow:auto;overflow-x:hidden;} .broadcast-red {background-color:#AA5544;color:white;padding:2px 4px;} .message-learn-canlearn {font-weight:bold;color:#228822;text-decoration:underline;} .message-learn-cannotlearn {font-weight:bold;color:#CC2222;text-decoration:underline;} .message-effect-weak {font-weight:bold;color:#CC2222;} .message-effect-resist {font-weight:bold;color:#6688AA;} .message-effect-immune {font-weight:bold;color:#666666;} .message-learn-list {margin-top:0;margin-bottom:0;} .message-throttle-notice, .message-error {color:#992222;} .message-overflow, .chat small.message-overflow {font-size:0pt;} .message-overflow::before {font-size:9pt;content:'...';} .subtle {color:#3A4A66;}
</style>
<div class="wrapper replay-wrapper" style="max-width:1180px;margin:0 auto">
<input type="hidden" name="replayid" value="lc-535980249" />
<div class="battle"></div><div class="battle-log"></div><div class="replay-controls"></div><div class="replay-controls-2"></div>
<h1 style="font-weight:normal;text-align:center"><strong>LC</strong><br /><a href="http://pokemonshowdown.com/users/shadowhippie" class="subtle" target="_blank">Shadow Hippie</a> vs. <a href="http://pokemonshowdown.com/users/mestrestevenbr" class="subtle" target="_blank">Mestre StevenBr</a></h1>
<script type="text/plain" class="battle-log-data">|j|Shadow Hippie
|j|Mestre StevenBr
|player|p1|Shadow Hippie|102
|player|p2|Mestre StevenBr|290
|gametype|singles
|gen|6
|tier|LC
|rated
|seed|54062,43639,5063,43890
|clearpoke
|poke|p1|Meowth, L5, F, shiny|item
|poke|p1|Vulpix, L5, F|item
|poke|p1|Bellsprout, L5, M, shiny|item
|poke|p1|Cubone, L5, F, shiny|item
|poke|p1|Gastly, L5, F, shiny|item
|poke|p1|Krabby, L5, F, shiny|item
|poke|p2|Bronzor, L5|item
|poke|p2|Frillish, L5, F|item
|poke|p2|Clamperl, L5, M|item
|poke|p2|Houndour, L5, F|item
|poke|p2|Mienfoo, L5, F|item
|poke|p2|Cranidos, L5, M|item
|rule|Sleep Clause Mod: Limit one foe put to sleep
|rule|Species Clause: Limit one of each Pokémon
|rule|OHKO Clause: OHKO moves are banned
|rule|Moody Clause: Moody is banned
|rule|Evasion Moves Clause: Evasion moves are banned
|rule|Endless Battle Clause: Forcing endless battles is banned
|rule|HP Percentage Mod: HP is shown in percentages
|teampreview
|choice|team 1, team 2, team 3, team 4, team 5, team 6|team 1, team 2, team 3, team 4, team 5, team 6
|
|start
|switch|p1a: Meowth|Meowth, L5, F, shiny|20\/20
|switch|p2a: Bronzor|Bronzor, L5|25\/25
|turn|1
|choice|move fakeout|move stealthrock
|
|move|p1a: Meowth|Fake Out|p2a: Bronzor
|-resisted|p2a: Bronzor
|-damage|p2a: Bronzor|21\/25
|-damage|p1a: Meowth|18\/20|[from] item: Life Orb
|cant|p2a: Bronzor|flinch
|
|upkeep
|turn|2
|choice|move knockoff|move stealthrock
|
|move|p1a: Meowth|Knock Off|p2a: Bronzor
|-supereffective|p2a: Bronzor
|-damage|p2a: Bronzor|8\/25
|-enditem|p2a: Bronzor|Eviolite|[from] move: Knock Off|[of] p1a: Meowth
|-damage|p1a: Meowth|16\/20|[from] item: Life Orb
|move|p2a: Bronzor|Stealth Rock|p1a: Meowth
|-sidestart|p1: Shadow Hippie|move: Stealth Rock
|
|upkeep
|turn|3
|choice|move knockoff|move toxic
|
|move|p1a: Meowth|Knock Off|p2a: Bronzor
|-supereffective|p2a: Bronzor
|-damage|p2a: Bronzor|0 fnt
|-damage|p1a: Meowth|14\/20|[from] item: Life Orb
|faint|p2a: Bronzor
|
|upkeep
|choice||switch 6
|
|switch|p2a: Cranidos|Cranidos, L5, M|23\/23
|-ability|p2a: Cranidos|Mold Breaker
|turn|4
|choice|move knockoff|move earthquake
|
|move|p2a: Cranidos|Earthquake|p1a: Meowth
|-damage|p1a: Meowth|0 fnt
|faint|p1a: Meowth
|
|upkeep
|choice|switch 5|
|
|switch|p1a: Gastly|Gastly, L5, F, shiny|19\/19
|-damage|p1a: Gastly|17\/19|[from] Stealth Rock
|turn|5
|choice|move shadowball|move earthquake
|
|move|p2a: Cranidos|Earthquake|p1a: Gastly
|-supereffective|p1a: Gastly
|-damage|p1a: Gastly|0 fnt
|faint|p1a: Gastly
|
|upkeep
|choice|switch 6|
|
|switch|p1a: Krabby|Krabby, L5, F, shiny|19\/19
|-damage|p1a: Krabby|17\/19|[from] Stealth Rock
|turn|6
|choice|move agility|move earthquake
|
|move|p2a: Cranidos|Earthquake|p1a: Krabby
|-damage|p1a: Krabby|8\/19
|move|p1a: Krabby|Agility|p1a: Krabby
|-boost|p1a: Krabby|spe|2
|
|upkeep
|turn|7
|choice|move crabhammer|move earthquake
|
|move|p2a: Cranidos|Earthquake|p1a: Krabby
|-damage|p1a: Krabby|0 fnt
|faint|p1a: Krabby
|
|upkeep
|choice|switch 4|
|
|switch|p1a: Cubone|Cubone, L5, F, shiny|21\/21
|-damage|p1a: Cubone|20\/21|[from] Stealth Rock
|turn|8
|choice|move bonemerang|move earthquake
|
|move|p2a: Cranidos|Earthquake|p1a: Cubone
|-damage|p1a: Cubone|7\/21
|move|p1a: Cubone|Bonemerang|p2a: Cranidos
|-supereffective|p2a: Cranidos
|-damage|p2a: Cranidos|0 fnt
|-hitcount|p2a: Cranidos|1
|faint|p2a: Cranidos
|
|upkeep
|choice||switch 5
|
|switch|p2a: Mienfoo|Mienfoo, L5, F|21\/21
|turn|9
|choice|move doubleedge|move fakeout
|
|move|p2a: Mienfoo|Fake Out|p1a: Cubone
|-damage|p1a: Cubone|2\/21
|-damage|p2a: Mienfoo|19\/21|[from] item: Life Orb
|cant|p1a: Cubone|flinch
|
|upkeep
|turn|10
|choice|move doubleedge|move uturn
|
|move|p2a: Mienfoo|U-turn|p1a: Cubone
|-damage|p1a: Cubone|0 fnt
|-damage|p2a: Mienfoo|17\/21|[from] item: Life Orb
|faint|p1a: Cubone
|choice||switch 4
|
|switch|p2a: Houndour|Houndour, L5, F|21\/21
|
|upkeep
|choice|switch 2|
|
|switch|p1a: Vulpix|Vulpix, L5, F|20\/20
|-damage|p1a: Vulpix|15\/20|[from] Stealth Rock
|-weather|SunnyDay|[from] ability: Drought|[of] p1a: Vulpix
|turn|11
|choice|move darkpulse|move nastyplot
|
|move|p2a: Houndour|Nasty Plot|p2a: Houndour
|-boost|p2a: Houndour|spa|2
|move|p1a: Vulpix|Dark Pulse|p2a: Houndour
|-resisted|p2a: Houndour
|-damage|p2a: Houndour|17\/21
|
|-weather|SunnyDay|[upkeep]
|upkeep
|turn|12
|choice|move darkpulse|move darkpulse
|
|move|p2a: Houndour|Dark Pulse|p1a: Vulpix
|-damage|p1a: Vulpix|0 fnt
|-damage|p2a: Houndour|15\/21|[from] item: Life Orb
|faint|p1a: Vulpix
|
|-weather|SunnyDay|[upkeep]
|upkeep
|choice|switch 3|
|
|switch|p1a: Bellsprout|Bellsprout, L5, M, shiny|21\/21
|-damage|p1a: Bellsprout|19\/21|[from] Stealth Rock
|turn|13
|choice|move sludgebomb|move suckerpunch
|
|move|p2a: Houndour|Sucker Punch|p1a: Bellsprout
|-damage|p1a: Bellsprout|7\/21
|-damage|p2a: Houndour|13\/21|[from] item: Life Orb
|move|p1a: Bellsprout|Sludge Bomb|p2a: Houndour
|-damage|p2a: Houndour|0 fnt
|faint|p2a: Houndour
|
|-weather|SunnyDay|[upkeep]
|upkeep
|choice||switch 4
|
|switch|p2a: Mienfoo|Mienfoo, L5, F|21\/21
|turn|14
|choice|move synthesis|move fakeout
|
|move|p2a: Mienfoo|Fake Out|p1a: Bellsprout
|-damage|p1a: Bellsprout|2\/21
|-damage|p2a: Mienfoo|19\/21|[from] item: Life Orb
|cant|p1a: Bellsprout|flinch
|
|-weather|SunnyDay|[upkeep]
|upkeep
|turn|15
|choice|move solarbeam|switch 2
|
|switch|p2a: Frillish|Frillish, L5, F|25\/25
|move|p1a: Bellsprout|Solar Beam|p2a: Frillish|[still]
|-prepare|p1a: Bellsprout|Solar Beam|p2a: Frillish
|-anim|p1a: Bellsprout|Solar Beam|p2a: Frillish
|-supereffective|p2a: Frillish
|-damage|p2a: Frillish|7\/25
|
|-weather|none
|upkeep
|turn|16
|choice|move synthesis|move nightshade
|
|move|p1a: Bellsprout|Synthesis|p1a: Bellsprout
|-heal|p1a: Bellsprout|12\/21
|move|p2a: Frillish|Night Shade|p1a: Bellsprout
|-damage|p1a: Bellsprout|7\/21
|
|upkeep
|turn|17
|choice|move sludgebomb|move nightshade
|
|move|p1a: Bellsprout|Sludge Bomb|p2a: Frillish
|-resisted|p2a: Frillish
|-crit|p2a: Frillish
|-damage|p2a: Frillish|1\/25
|-status|p2a: Frillish|psn
|move|p2a: Frillish|Night Shade|p1a: Bellsprout
|-damage|p1a: Bellsprout|2\/21
|
|-damage|p2a: Frillish|0 fnt|[from] psn
|upkeep
|faint|p2a: Frillish
|choice||switch 3
|
|switch|p2a: Clamperl|Clamperl, L5, M|20\/20
|turn|18
|choice|move synthesis|move shellsmash
|
|move|p2a: Clamperl|Shell Smash|p2a: Clamperl
|-unboost|p2a: Clamperl|def|1
|-unboost|p2a: Clamperl|spd|1
|-boost|p2a: Clamperl|atk|2
|-boost|p2a: Clamperl|spa|2
|-boost|p2a: Clamperl|spe|2
|move|p1a: Bellsprout|Synthesis|p1a: Bellsprout
|-heal|p1a: Bellsprout|12\/21
|
|upkeep
|turn|19
|choice|move sludgebomb|move icebeam
|
|move|p2a: Clamperl|Ice Beam|p1a: Bellsprout
|-supereffective|p1a: Bellsprout
|-damage|p1a: Bellsprout|0 fnt
|faint|p1a: Bellsprout
|
|win|Mestre StevenBr
|player|p1
|player|p2
|raw|Shadow Hippie's rating: 1186 &rarr; <strong>1148<\/strong><br \/>(-38 for losing)
|raw|Mestre StevenBr's rating: 1000 &rarr; <strong>1060<\/strong><br \/>(+60 for winning)</script>
</div>
<div class="battle-log battle-log-inline"><div class="inner"><div class="battle-options"></div><div class="inner"><div class="chat"><small>Shadow Hippie joined.</small></div><div class="chat"><small>Mestre StevenBr joined.</small></div><div class=""><small>Format:</small> <br><strong>LC</strong></div><div class="rated"><strong>Rated battle</strong></div><div class=""><small><em>Sleep Clause Mod:</em> Limit one foe put to sleep</small></div><div class=""><small><em>Species Clause:</em> Limit one of each Pokémon</small></div><div class=""><small><em>OHKO Clause:</em> OHKO moves are banned</small></div><div class=""><small><em>Moody Clause:</em> Moody is banned</small></div><div class=""><small><em>Evasion Moves Clause:</em> Evasion moves are banned</small></div><div class=""><small><em>Endless Battle Clause:</em> Forcing endless battles is banned</small></div><div class=""><small><em>HP Percentage Mod:</em> HP is shown in percentages</small></div><div class="chat battle-history"><strong>Shadow Hippie's team:</strong> <em style="color:#445566;display:block;">Meowth / Vulpix / Bellsprout / Cubone / Gastly / Krabby</em></div><div class="chat battle-history"><strong>Mestre StevenBr's team:</strong> <em style="color:#445566;display:block;">Bronzor / Frillish / Clamperl / Houndour / Mienfoo / Cranidos</em></div><div class="spacer battle-history"><br></div><div class="battle-history">Battle started between Shadow Hippie and Mestre StevenBr!<br></div><div class="spacer battle-history"><br></div><div class="battle-history">Go! <strong>Meowth</strong>!<br></div><div class="spacer battle-history"><br></div><div class="battle-history">Mestre StevenBr sent out <strong>Bronzor</strong>!<br></div><div class="spacer battle-history"><br></div><h2 class="battle-history">Turn 1</h2><div class="spacer battle-history"><br></div><div class="battle-history">Meowth used <strong>Fake Out</strong>!<br></div><div class="battle-history"><small>It's not very effective...</small><br></div><div class="battle-history"><small>(The opposing Bronzor lost <abbr title="−4/25">16%</abbr> of its health!)</small><br></div><div class="battle-history"><small>Meowth lost some of its HP!</small><br></div><div class="spacer battle-history"><br></div><div class="battle-history">The opposing Bronzor flinched and couldn't move!<br></div><div class="spacer battle-history"><br></div><h2 class="battle-history">Turn 2</h2><div class="spacer battle-history"><br></div><div class="battle-history">Meowth used <strong>Knock Off</strong>!<br></div><div class="battle-history"><small>It's super effective!</small><br></div><div class="battle-history"><small>(The opposing Bronzor lost <abbr title="−13/25">52%</abbr> of its health!)</small><br></div><div class="battle-history"><small>Meowth knocked off the opposing Bronzor's Eviolite!</small><br></div><div class="battle-history"><small>Meowth lost some of its HP!</small><br></div><div class="spacer battle-history"><br></div><div class="battle-history">The opposing Bronzor used <strong>Stealth Rock</strong>!<br></div><div class="battle-history"><small>Pointed stones float in the air around your team!</small><br></div><div class="spacer battle-history"><br></div><h2 class="battle-history">Turn 3</h2><div class="spacer battle-history"><br></div><div class="battle-history">Meowth used <strong>Knock Off</strong>!<br></div><div class="battle-history"><small>It's super effective!</small><br></div><div class="battle-history"><small>(The opposing Bronzor lost <abbr title="−8/25">32%</abbr> of its health!)</small><br></div><div class="battle-history"><small>Meowth lost some of its HP!</small><br></div><div class="spacer battle-history"><br></div><div class="battle-history">The opposing Bronzor fainted!<br></div><div class="spacer battle-history"><br></div><div class="battle-history">Mestre StevenBr sent out <strong>Cranidos</strong>!<br></div><div class="battle-history"><small>[The opposing Cranidos's Mold Breaker]</small><br><small>The opposing Cranidos breaks the mold!</small><br></div><div class="spacer battle-history"><br></div><h2 class="battle-history">Turn 4</h2><div class="spacer battle-history"><br></div><div class="battle-history">The opposing Cranidos used <strong>Earthquake</strong>!<br></div><div class="battle-history"><small>(Meowth lost <abbr title="−14/20">70%</abbr> of its health!)</small><br></div><div class="spacer battle-history"><br></div><div class="battle-history">Meowth fainted!<br></div><div class="spacer battle-history"><br></div><div class="battle-history">Go! <strong>Gastly</strong>!<br></div><div class="battle-history"><small>Pointed stones dug into Gastly!</small><br></div><div class="spacer battle-history"><br></div><h2 class="battle-history">Turn 5</h2><div class="spacer battle-history"><br></div><div class="battle-history">The opposing Cranidos used <strong>Earthquake</strong>!<br></div><div class="battle-history"><small>It's super effective!</small><br></div><div class="battle-history"><small>(Gastly lost <abbr title="−17/19">89.5%</abbr> of its health!)</small><br></div><div class="spacer battle-history"><br></div><div class="battle-history">Gastly fainted!<br></div><div class="spacer battle-history"><br></div><div class="battle-history">Go! <strong>Krabby</strong>!<br></div><div class="battle-history"><small>Pointed stones dug into Krabby!</small><br></div><div class="spacer battle-history"><br></div><h2 class="battle-history">Turn 6</h2><div class="spacer battle-history"><br></div><div class="battle-history">The opposing Cranidos used <strong>Earthquake</strong>!<br></div><div class="battle-history"><small>(Krabby lost <abbr title="−9/19">47.4%</abbr> of its health!)</small><br></div><div class="spacer battle-history"><br></div><div class="battle-history">Krabby used <strong>Agility</strong>!<br></div><div class="battle-history"><small>Krabby's Speed rose sharply!</small><br></div><div class="spacer battle-history"><br></div><h2 class="battle-history">Turn 7</h2><div class="spacer battle-history"><br></div><div class="battle-history">The opposing Cranidos used <strong>Earthquake</strong>!<br></div><div class="battle-history"><small>(Krabby lost <abbr title="−8/19">42.1%</abbr> of its health!)</small><br></div><div class="spacer battle-history"><br></div><div class="battle-history">Krabby fainted!<br></div><div class="spacer battle-history"><br></div><div class="battle-history">Go! <strong>Cubone</strong>!<br></div><div class="battle-history"><small>Pointed stones dug into Cubone!</small><br></div><div class="spacer battle-history"><br></div><h2 class="battle-history">Turn 8</h2><div class="spacer battle-history"><br></div><div class="battle-history">The opposing Cranidos used <strong>Earthquake</strong>!<br></div><div class="battle-history"><small>(Cubone lost <abbr title="−13/21">61.9%</abbr> of its health!)</small><br></div><div class="spacer battle-history"><br></div><div class="battle-history">Cubone used <strong>Bonemerang</strong>!<br></div><div class="battle-history"><small>It's super effective!</small><br></div><div class="battle-history"><small>(The opposing Cranidos lost <abbr title="−23/23">100%</abbr> of its health!)</small><br></div><div class="battle-history"><small>Hit 1 time!</small><br></div><div class="spacer battle-history"><br></div><div class="battle-history">The opposing Cranidos fainted!<br></div><div class="spacer battle-history"><br></div><div class="battle-history">Mestre StevenBr sent out <strong>Mienfoo</strong>!<br></div><div class="spacer battle-history"><br></div><h2 class="battle-history">Turn 9</h2><div class="spacer battle-history"><br></div><div class="battle-history">The opposing Mienfoo used <strong>Fake Out</strong>!<br></div><div class="battle-history"><small>(Cubone lost <abbr title="−5/21">23.8%</abbr> of its health!)</small><br></div><div class="battle-history"><small>The opposing Mienfoo lost some of its HP!</small><br></div><div class="spacer battle-history"><br></div><div class="battle-history">Cubone flinched and couldn't move!<br></div><div class="spacer battle-history"><br></div><h2 class="battle-history">Turn 10</h2><div class="spacer battle-history"><br></div><div class="battle-history">The opposing Mienfoo used <strong>U-turn</strong>!<br></div><div class="battle-history"><small>(Cubone lost <abbr title="−2/21">9.5%</abbr> of its health!)</small><br></div><div class="battle-history"><small>The opposing Mienfoo lost some of its HP!</small><br></div><div class="spacer battle-history"><br></div><div class="battle-history">Cubone fainted!<br></div><div class="spacer battle-history"><br></div><div class="battle-history">The opposing Mienfoo went back to Mestre StevenBr!<br></div><div class="battle-history">Mestre StevenBr sent out <strong>Houndour</strong>!<br></div><div class="spacer battle-history"><br></div><div class="battle-history">Go! <strong>Vulpix</strong>!<br></div><div class="battle-history"><small>Pointed stones dug into Vulpix!</small><br></div><div class="battle-history"><small>[Vulpix's Drought]</small><br><small>The sunlight turned harsh!</small><br></div><div class="spacer battle-history"><br></div><h2 class="battle-history">Turn 11</h2><div class="spacer battle-history"><br></div><div class="battle-history">The opposing Houndour used <strong>Nasty Plot</strong>!<br></div><div class="battle-history"><small>The opposing Houndour's Special Attack rose sharply!</small><br></div><div class="spacer battle-history"><br></div><div class="battle-history">Vulpix used <strong>Dark Pulse</strong>!<br></div><div class="battle-history"><small>It's not very effective...</small><br></div><div class="battle-history"><small>(The opposing Houndour lost <abbr title="−4/21">19.0%</abbr> of its health!)</small><br></div><div class="spacer battle-history"><br></div><div class="battle-history"><small>(The sunlight is strong!)</small><br></div><div class="spacer battle-history"><br></div><h2 class="battle-history">Turn 12</h2><div class="spacer battle-history"><br></div><div class="battle-history">The opposing Houndour used <strong>Dark Pulse</strong>!<br></div><div class="battle-history"><small>(Vulpix lost <abbr title="−15/20">75%</abbr> of its health!)</small><br></div><div class="battle-history"><small>The opposing Houndour lost some of its HP!</small><br></div><div class="spacer battle-history"><br></div><div class="battle-history">Vulpix fainted!<br></div><div class="spacer battle-history"><br></div><div class="battle-history"><small>(The sunlight is strong!)</small><br></div><div class="spacer battle-history"><br></div><div class="battle-history">Go! <strong>Bellsprout</strong>!<br></div><div class="battle-history"><small>Pointed stones dug into Bellsprout!</small><br></div><div class="spacer battle-history"><br></div><h2 class="battle-history">Turn 13</h2><div class="spacer battle-history"><br></div><div class="battle-history">The opposing Houndour used <strong>Sucker Punch</strong>!<br></div><div class="battle-history"><small>(Bellsprout lost <abbr title="−12/21">57.1%</abbr> of its health!)</small><br></div><div class="battle-history"><small>The opposing Houndour lost some of its HP!</small><br></div><div class="spacer battle-history"><br></div><div class="battle-history">Bellsprout used <strong>Sludge Bomb</strong>!<br></div><div class="battle-history"><small>(The opposing Houndour lost <abbr title="−13/21">61.9%</abbr> of its health!)</small><br></div><div class="spacer battle-history"><br></div><div class="battle-history">The opposing Houndour fainted!<br></div><div class="spacer battle-history"><br></div><div class="battle-history"><small>(The sunlight is strong!)</small><br></div><div class="spacer battle-history"><br></div><div class="battle-history">Mestre StevenBr sent out <strong>Mienfoo</strong>!<br></div><div class="spacer battle-history"><br></div><h2 class="battle-history">Turn 14</h2><div class="spacer battle-history"><br></div><div class="battle-history">The opposing Mienfoo used <strong>Fake Out</strong>!<br></div><div class="battle-history"><small>(Bellsprout lost <abbr title="−5/21">23.8%</abbr> of its health!)</small><br></div><div class="battle-history"><small>The opposing Mienfoo lost some of its HP!</small><br></div><div class="spacer battle-history"><br></div><div class="battle-history">Bellsprout flinched and couldn't move!<br></div><div class="spacer battle-history"><br></div><div class="battle-history"><small>(The sunlight is strong!)</small><br></div><div class="spacer battle-history"><br></div><h2 class="battle-history">Turn 15</h2><div class="spacer battle-history"><br></div><div class="battle-history">Mestre StevenBr withdrew Mienfoo!<br></div><div class="battle-history">Mestre StevenBr sent out <strong>Frillish</strong>!<br></div><div class="spacer battle-history"><br></div><div class="battle-history">Bellsprout used <strong>Solar Beam</strong>!<br></div><div class="battle-history"><small>Bellsprout absorbed light!</small><br></div><div class="battle-history"><small>It's super effective!</small><br></div><div class="battle-history"><small>(The opposing Frillish lost <abbr title="−18/25">72%</abbr> of its health!)</small><br></div><div class="spacer battle-history"><br></div><div class="battle-history"><small>The sunlight faded.</small><br></div><div class="spacer battle-history"><br></div><h2 class="battle-history">Turn 16</h2><div class="spacer battle-history"><br></div><div class="battle-history">Bellsprout used <strong>Synthesis</strong>!<br></div><div class="battle-history"><small>Bellsprout restored its HP.</small><br></div><div class="spacer battle-history"><br></div><div class="battle-history">The opposing Frillish used <strong>Night Shade</strong>!<br></div><div class="battle-history"><small>(Bellsprout lost <abbr title="−5/21">23.8%</abbr> of its health!)</small><br></div><div class="spacer battle-history"><br></div><h2 class="battle-history">Turn 17</h2><div class="spacer battle-history"><br></div><div class="battle-history">Bellsprout used <strong>Sludge Bomb</strong>!<br></div><div class="battle-history"><small>It's not very effective...</small><br></div><div class="battle-history"><small>A critical hit!</small><br></div><div class="battle-history"><small>(The opposing Frillish lost <abbr title="−6/25">24%</abbr> of its health!)</small><br></div><div class="battle-history"><small>The opposing Frillish was poisoned!</small><br></div><div class="spacer battle-history"><br></div><div class="battle-history">The opposing Frillish used <strong>Night Shade</strong>!<br></div><div class="battle-history"><small>(Bellsprout lost <abbr title="−5/21">23.8%</abbr> of its health!)</small><br></div><div class="spacer battle-history"><br></div><div class="battle-history"><small>The opposing Frillish was hurt by poison!</small><br></div><div class="spacer battle-history"><br></div><div class="battle-history">The opposing Frillish fainted!<br></div><div class="spacer battle-history"><br></div><div class="battle-history">Mestre StevenBr sent out <strong>Clamperl</strong>!<br></div><div class="spacer battle-history"><br></div><h2 class="battle-history">Turn 18</h2><div class="spacer battle-history"><br></div><div class="battle-history">The opposing Clamperl used <strong>Shell Smash</strong>!<br></div><div class="battle-history"><small>The opposing Clamperl's Defense fell!</small><br></div><div class="battle-history"><small>The opposing Clamperl's Special Defense fell!</small><br></div><div class="battle-history"><small>The opposing Clamperl's Attack rose sharply!</small><br></div><div class="battle-history"><small>The opposing Clamperl's Special Attack rose sharply!</small><br></div><div class="battle-history"><small>The opposing Clamperl's Speed rose sharply!</small><br></div><div class="spacer battle-history"><br></div><div class="battle-history">Bellsprout used <strong>Synthesis</strong>!<br></div><div class="battle-history"><small>Bellsprout restored its HP.</small><br></div><div class="spacer battle-history"><br></div><h2 class="battle-history">Turn 19</h2><div class="spacer battle-history"><br></div><div class="battle-history">The opposing Clamperl used <strong>Ice Beam</strong>!<br></div><div class="battle-history"><small>It's super effective!</small><br></div><div class="battle-history"><small>(Bellsprout lost <abbr title="−12/21">57.1%</abbr> of its health!)</small><br></div><div class="spacer battle-history"><br></div><div class="battle-history">Bellsprout fainted!<br></div><div class="spacer battle-history"><br></div><div class="battle-history"><strong>Mestre StevenBr</strong> won the battle!<br></div><div class="chat">Shadow Hippie's rating: 1186 → <strong>1148</strong><br>(-38 for losing)</div><div class="chat">Mestre StevenBr's rating: 1000 → <strong>1060</strong><br>(+60 for winning)</div></div><div class="inner-preempt"></div></div></div>
</div>
<script>
let daily = Math.floor(Date.now()/1000/60/60/24);document.write('<script src="https://play.pokemonshowdown.com/js/replay-embed.js?version'+daily+'"></'+'script>');
</script>
