<!DOCTYPE html>
<meta charset="utf-8" />
<!-- version 1 -->
<title>LC replay: AetherDragon_14 vs. AJTreecko</title>
<style>
html,body {font-family:Verdana, sans-serif;font-size:10pt;margin:0;padding:0;}body{padding:12px 0;} .battle-log {font-family:Verdana, sans-serif;font-size:10pt;} .battle-log-inline {border:1px solid #AAAAAA;background:#EEF2F5;color:black;max-width:640px;margin:0 auto 80px;padding-bottom:5px;} .battle-log .inner {padding:4px 8px 0px 8px;} .battle-log .inner-preempt {padding:0 8px 4px 8px;} .battle-log .inner-after {margin-top:0.5em;} .battle-log h2 {margin:0.5em -8px;padding:4px 8px;border:1px solid #AAAAAA;background:#E0E7EA;border-left:0;border-right:0;font-family:Verdana, sans-serif;font-size:13pt;} .battle-log .chat {vertical-align:middle;padding:3px 0 3px 0;font-size:8pt;} .battle-log .chat strong {color:#40576A;} .battle-log .chat em {padding:1px 4px 1px 3px;color:#000000;font-style:normal;} .chat.mine {background:rgba(0,0,0,0.05);margin-left:-8px;margin-right:-8px;padding-left:8px;padding-right:8px;} .spoiler {color:#BBBBBB;background:#BBBBBB;padding:0px 3px;} .spoiler:hover, .spoiler:active, .spoiler-shown {color:#000000;background:#E2E2E2;padding:0px 3px;} .spoiler a {color:#BBBBBB;} .spoiler:hover a, .spoiler:active a, .spoiler-shown a {color:#2288CC;} .chat code, .chat .spoiler:hover code, .chat .spoiler:active code, .chat .spoiler-shown code {border:1px solid #C0C0C0;background:#EEEEEE;color:black;padding:0 2px;} .chat .spoiler code {border:1px solid #CCCCCC;background:#CCCCCC;color:#CCCCCC;} .battle-log .rated {padding:3px 4px;} .battle-log .rated strong {color:white;background:#89A;padding:1px 4px;border-radius:4px;} .spacer {margin-top:0.5em;} .message-announce {background:#6688AA;color:white;padding:1px 4px 2px;} .message-announce a, .broadcast-green a, .broadcast-blue a, .broadcast-red a {color:#DDEEFF;} .broadcast-green {background-color:#559955;color:white;padding:2px 4px;} .broadcast-blue {background-color:#6688AA;color:white;padding:2px 4px;} .infobox {border:1px solid #6688AA;padding:2px 4px;} .infobox-limited {max-height:200px;overflow:auto;overflow-x:hidden;} .broadcast-red {background-color:#AA5544;color:white;padding:2px 4px;} .message-learn-canlearn {font-weight:bold;color:#228822;text-decoration:underline;} .message-learn-cannotlearn {font-weight:bold;color:#CC2222;text-decoration:underline;} .message-effect-weak {font-weight:bold;color:#CC2222;} .message-effect-resist {font-weight:bold;color:#6688AA;} .message-effect-immune {font-weight:bold;color:#666666;} .message-learn-list {margin-top:0;margin-bottom:0;} .message-throttle-notice, .message-error {color:#992222;} .message-overflow, .chat small.message-overflow {font-size:0pt;} .message-overflow::before {font-size:9pt;content:'...';} .subtle {color:#3A4A66;}
</style>
<div class="wrapper replay-wrapper" style="max-width:1180px;margin:0 auto">
<input type="hidden" name="replayid" value="lc-542132050" />
<div class="battle"></div><div class="battle-log"></div><div class="replay-controls"></div><div class="replay-controls-2"></div>
<h1 style="font-weight:normal;text-align:center"><strong>LC</strong><br /><a href="http://pokemonshowdown.com/users/aetherdragon14" class="subtle" target="_blank">AetherDragon_14</a> vs. <a href="http://pokemonshowdown.com/users/ajtreecko" class="subtle" target="_blank">AJTreecko</a></h1>
<script type="text/plain" class="battle-log-data">|j|AetherDragon_14
|j|AJTreecko
|player|p1|AetherDragon_14|170
|player|p2|AJTreecko|200
|gametype|singles
|gen|6
|tier|LC
|seed|54908,499,62383,32702
|clearpoke
|poke|p1|Eevee, L5, F, shiny|item
|poke|p1|Ponyta, L5, M, shiny|item
|poke|p1|Anorith, L5, M, shiny|item
|poke|p1|Duskull, L5, F, shiny|item
|poke|p1|Goomy, L5, M, shiny|item
|poke|p1|Carvanha, L5, F, shiny|item
|poke|p2|Scraggy, L5, M|item
|poke|p2|Bronzor, L5|item
|poke|p2|Larvesta, L5, M|item
|poke|p2|Piplup, L5, F|item
|poke|p2|Elekid, L5, F|item
|poke|p2|Cottonee, L5, M|item
|rule|Sleep Clause Mod: Limit one foe put to sleep
|rule|Species Clause: Limit one of each Pokémon
|rule|OHKO Clause: OHKO moves are banned
|rule|Moody Clause: Moody is banned
|rule|Evasion Moves Clause: Evasion moves are banned
|rule|Endless Battle Clause: Forcing endless battles is banned
|rule|HP Percentage Mod: HP is shown in percentages
|teampreview
|choice|team 4, team 2, team 3, team 1, team 5, team 6|team 4, team 2, team 3, team 1, team 5, team 6
|
|start
|switch|p1a: Shivre|Duskull, L5, F, shiny|18\/18
|switch|p2a: Buttons|Piplup, L5, F|21\/21
|turn|1
|choice|move frustration|move stealthrock
|
|move|p2a: Buttons|Stealth Rock|p1a: Shivre
|-sidestart|p1: AetherDragon_14|move: Stealth Rock
|move|p1a: Shivre|Frustration|p2a: Buttons
|-crit|p2a: Buttons
|-damage|p2a: Buttons|18\/21
|
|upkeep
|turn|2
|choice|move destinybond|move scald
|
|move|p2a: Buttons|Scald|p1a: Shivre|[miss]
|-miss|p2a: Buttons|p1a: Shivre
|move|p1a: Shivre|Destiny Bond|p1a: Shivre
|-singlemove|p1a: Shivre|Destiny Bond
|
|upkeep
|turn|3
|choice|move destinybond|move scald
|
|move|p2a: Buttons|Scald|p1a: Shivre
|-damage|p1a: Shivre|11\/18
|-status|p1a: Shivre|brn
|move|p1a: Shivre|Destiny Bond|p1a: Shivre
|-singlemove|p1a: Shivre|Destiny Bond
|
|-damage|p1a: Shivre|9\/18 brn|[from] brn
|upkeep
|turn|4
|choice|move return|switch 4
|
|switch|p2a: SirBeltless|Scraggy, L5, M|21\/21
|move|p1a: Shivre|Return|p2a: SirBeltless
|-damage|p2a: SirBeltless|18\/21
|
|-damage|p1a: Shivre|7\/18 brn|[from] brn
|upkeep
|turn|5
|choice|move grudge|move dragondance
|
|move|p2a: SirBeltless|Dragon Dance|p2a: SirBeltless
|-boost|p2a: SirBeltless|atk|1
|-boost|p2a: SirBeltless|spe|1
|move|p1a: Shivre|Grudge|p1a: Shivre
|-singlemove|p1a: Shivre|Grudge
|
|-damage|p1a: Shivre|5\/18 brn|[from] brn
|upkeep
|turn|6
|choice|move destinybond|move dragondance
|
|move|p2a: SirBeltless|Dragon Dance|p2a: SirBeltless
|-boost|p2a: SirBeltless|atk|1
|-boost|p2a: SirBeltless|spe|1
|move|p1a: Shivre|Destiny Bond|p1a: Shivre
|-singlemove|p1a: Shivre|Destiny Bond
|
|-damage|p1a: Shivre|3\/18 brn|[from] brn
|upkeep
|turn|7
|choice|move destinybond|move knockoff
|
|move|p2a: SirBeltless|Knock Off|p1a: Shivre
|-supereffective|p1a: Shivre
|-damage|p1a: Shivre|0 fnt
|-enditem|p1a: Shivre|BrightPowder|[from] move: Knock Off|[of] p2a: SirBeltless
|-damage|p2a: SirBeltless|16\/21|[from] item: Life Orb
|faint|p1a: Shivre
|-ability|p2a: SirBeltless|Moxie|boost
|-boost|p2a: SirBeltless|atk|1
|-activate|p1a: Shivre|move: Destiny Bond
|faint|p2a: SirBeltless
|
|upkeep
|choice|switch 2|switch 6
|
|switch|p1a: Firenado|Ponyta, L5, M, shiny|23\/23
|switch|p2a: Fuffy|Cottonee, L5, M|20\/20
|-damage|p1a: Firenado|18\/23|[from] Stealth Rock
|turn|8
|choice|move inferno|move switcheroo
|
|move|p2a: Fuffy|Switcheroo|p1a: Firenado
|-activate|p2a: Fuffy|move: Trick|[of] p1a: Firenado
|-item|p1a: Firenado|Choice Scarf|[from] move: Switcheroo
|-item|p2a: Fuffy|Focus Sash|[from] move: Switcheroo
|move|p1a: Firenado|Inferno|p2a: Fuffy
|-supereffective|p2a: Fuffy
|-enditem|p2a: Fuffy|Focus Sash
|-damage|p2a: Fuffy|1\/20
|-status|p2a: Fuffy|brn
|
|-damage|p2a: Fuffy|0 fnt|[from] brn
|upkeep
|faint|p2a: Fuffy
|choice||switch 4
|
|switch|p2a: Buttons|Piplup, L5, F|18\/21
|turn|9
|choice|switch 6|move scald
|
|switch|p1a: Schooly|Carvanha, L5, F, shiny|22\/22
|-damage|p1a: Schooly|20\/22|[from] Stealth Rock
|move|p2a: Buttons|Scald|p1a: Schooly
|-resisted|p1a: Schooly
|-damage|p1a: Schooly|13\/22
|
|upkeep
|turn|10
|choice|move bounce|switch 5
|
|switch|p2a: Billy|Elekid, L5, F|21\/21
|move|p1a: Schooly|Bounce|p2a: Billy|[still]
|-prepare|p1a: Schooly|Bounce|p2a: Billy
|
|upkeep
|turn|11
|choice|move bounce 1|move thunderbolt
|
|move|p2a: Billy|Thunderbolt|p1a: Schooly|[miss]
|-miss|p2a: Billy|p1a: Schooly
|move|p1a: Schooly|Bounce|p2a: Billy|[from]lockedmove
|-resisted|p2a: Billy
|-crit|p2a: Billy
|-damage|p2a: Billy|12\/21
|-status|p1a: Schooly|par|[from] ability: Static|[of] p2a: Billy
|
|upkeep
|turn|12
|choice|move hydropump|move thunderbolt
|
|move|p2a: Billy|Thunderbolt|p1a: Schooly
|-supereffective|p1a: Schooly
|-damage|p1a: Schooly|0 fnt
|faint|p1a: Schooly
|
|upkeep
|choice|switch 5|
|
|switch|p1a: Gloop|Goomy, L5, M, shiny|22\/22
|-damage|p1a: Gloop|20\/22|[from] Stealth Rock
|turn|13
|choice|move toxic|switch 5
|
|switch|p2a: Buttons|Piplup, L5, F|18\/21
|move|p1a: Gloop|Toxic|p2a: Buttons
|-status|p2a: Buttons|tox
|
|-damage|p2a: Buttons|17\/21 tox|[from] psn
|upkeep
|turn|14
|choice|switch 3|move icebeam
|
|switch|p1a: Swarm|Anorith, L5, M, shiny|22\/22
|-damage|p1a: Swarm|17\/22|[from] Stealth Rock
|move|p2a: Buttons|Ice Beam|p1a: Swarm
|-damage|p1a: Swarm|11\/22
|
|-damage|p2a: Buttons|15\/21 tox|[from] psn
|upkeep
|turn|15
|choice|move bodyslam|move scald
|
|move|p1a: Swarm|Body Slam|p2a: Buttons
|-damage|p2a: Buttons|7\/21 tox
|-enditem|p2a: Buttons|Berry Juice
|-heal|p2a: Buttons|21\/21 tox|[from] item: Berry Juice
|move|p2a: Buttons|Scald|p1a: Swarm
|-supereffective|p1a: Swarm
|-damage|p1a: Swarm|0 fnt
|faint|p1a: Swarm
|
|-damage|p2a: Buttons|18\/21 tox|[from] psn
|upkeep
|choice|switch 4|
|
|switch|p1a: Blizzard|Eevee, L5, F, shiny|23\/23
|-damage|p1a: Blizzard|21\/23|[from] Stealth Rock
|turn|16
|choice|move healbell|switch 3
|
|switch|p2a: Burnie|Larvesta, L5, M|22\/22
|move|p1a: Blizzard|Heal Bell|p1a: Blizzard
|-activate|p1a: Blizzard|move: Heal Bell
|
|upkeep
|turn|17
|choice|move return|move bugbuzz
|
|move|p1a: Blizzard|Return|p2a: Burnie
|-crit|p2a: Burnie
|-damage|p2a: Burnie|0 fnt
|-status|p1a: Blizzard|brn|[from] ability: Flame Body|[of] p2a: Burnie
|faint|p2a: Burnie
|
|-damage|p1a: Blizzard|19\/23 brn|[from] brn
|upkeep
|choice||switch 5
|
|switch|p2a: Billy|Elekid, L5, F|12\/21
|turn|18
|choice|move return|move crosschop
|
|move|p2a: Billy|Cross Chop|p1a: Blizzard|[miss]
|-miss|p2a: Billy|p1a: Blizzard
|move|p1a: Blizzard|Return|p2a: Billy
|-crit|p2a: Billy
|-damage|p2a: Billy|0 fnt
|faint|p2a: Billy
|
|-damage|p1a: Blizzard|17\/23 brn|[from] brn
|upkeep
|choice||switch 3
|
|switch|p2a: Buttons|Piplup, L5, F|18\/21 tox
|turn|19
|choice|move return|move icebeam
|
|move|p1a: Blizzard|Return|p2a: Buttons
|-crit|p2a: Buttons
|-damage|p2a: Buttons|8\/21 tox
|move|p2a: Buttons|Ice Beam|p1a: Blizzard
|-damage|p1a: Blizzard|12\/23 brn
|
|-damage|p1a: Blizzard|10\/23 brn|[from] brn
|-damage|p2a: Buttons|7\/21 tox|[from] psn
|upkeep
|turn|20
|choice|move return|switch 2
|
|switch|p2a: Cobalt|Bronzor, L5|22\/22
|move|p1a: Blizzard|Return|p2a: Cobalt
|-resisted|p2a: Cobalt
|-damage|p2a: Cobalt|19\/22
|
|-damage|p1a: Blizzard|8\/23 brn|[from] brn
|upkeep
|turn|21
|choice|move healbell|move psychic
|
|move|p1a: Blizzard|Heal Bell|p1a: Blizzard
|-activate|p1a: Blizzard|move: Heal Bell
|-curestatus|p1a: Blizzard|brn|[msg]
|move|p2a: Cobalt|Psychic|p1a: Blizzard
|-damage|p1a: Blizzard|4\/23
|-unboost|p1a: Blizzard|spd|1
|
|upkeep
|turn|22
|choice|switch 6|move gyroball
|
|switch|p1a: Firenado|Ponyta, L5, M, shiny|18\/23
|-damage|p1a: Firenado|13\/23|[from] Stealth Rock
|move|p2a: Cobalt|Gyro Ball|p1a: Firenado
|-resisted|p1a: Firenado
|-damage|p1a: Firenado|7\/23
|-status|p2a: Cobalt|brn|[from] ability: Flame Body|[of] p1a: Firenado
|
|-damage|p2a: Cobalt|17\/22 brn|[from] brn
|upkeep
|turn|23
|choice|move lowkick|switch 2
|
|switch|p2a: Buttons|Piplup, L5, F|7\/21 tox
|move|p1a: Firenado|Low Kick|p2a: Buttons
|-damage|p2a: Buttons|5\/21 tox
|
|-damage|p2a: Buttons|4\/21 tox|[from] psn
|upkeep
|turn|24
|choice|move lowkick|move icebeam
|
|move|p1a: Firenado|Low Kick|p2a: Buttons
|-damage|p2a: Buttons|2\/21 tox
|move|p2a: Buttons|Ice Beam|p1a: Firenado
|-resisted|p1a: Firenado
|-damage|p1a: Firenado|3\/23
|
|-damage|p2a: Buttons|0 fnt|[from] psn
|upkeep
|faint|p2a: Buttons
|choice||switch 2
|
|switch|p2a: Cobalt|Bronzor, L5|17\/22 brn
|turn|25
|choice|move lowkick|move psychic
|
|move|p1a: Firenado|Low Kick|p2a: Cobalt
|-damage|p2a: Cobalt|10\/22 brn
|move|p2a: Cobalt|Psychic|p1a: Firenado
|-damage|p1a: Firenado|0 fnt
|faint|p1a: Firenado
|
|-damage|p2a: Cobalt|8\/22 brn|[from] brn
|upkeep
|choice|switch 3|
|
|switch|p1a: Gloop|Goomy, L5, M, shiny|20\/22
|-damage|p1a: Gloop|18\/22|[from] Stealth Rock
|turn|26
|choice|move dracometeor|move lightscreen
|
|move|p1a: Gloop|Draco Meteor|p2a: Cobalt
|-resisted|p2a: Cobalt
|-damage|p2a: Cobalt|2\/22 brn
|-unboost|p1a: Gloop|spa|2
|move|p2a: Cobalt|Light Screen|p2a: Cobalt
|-sidestart|p2: AJTreecko|move: Light Screen
|
|-damage|p2a: Cobalt|0 fnt|[from] brn
|upkeep
|faint|p2a: Cobalt
|
|win|AetherDragon_14
|player|p1
|player|p2
|l|AJTreecko</script>
</div>
<div class="battle-log battle-log-inline"><div class="inner"><div class="battle-options"></div><div class="inner"><div class="chat"><small>AetherDragon_14 joined.</small></div><div class="chat"><small>AJTreecko joined.</small></div><div class=""><small>Format:</small> <br><strong>LC</strong></div><div class=""><small><em>Sleep Clause Mod:</em> Limit one foe put to sleep</small></div><div class=""><small><em>Species Clause:</em> Limit one of each Pokémon</small></div><div class=""><small><em>OHKO Clause:</em> OHKO moves are banned</small></div><div class=""><small><em>Moody Clause:</em> Moody is banned</small></div><div class=""><small><em>Evasion Moves Clause:</em> Evasion moves are banned</small></div><div class=""><small><em>Endless Battle Clause:</em> Forcing endless battles is banned</small></div><div class=""><small><em>HP Percentage Mod:</em> HP is shown in percentages</small></div><div class="chat battle-history"><strong>AetherDragon_14's team:</strong> <em style="color:#445566;display:block;">Eevee / Ponyta / Anorith / Duskull / Goomy / Carvanha</em></div><div class="chat battle-history"><strong>AJTreecko's team:</strong> <em style="color:#445566;display:block;">Scraggy / Bronzor / Larvesta / Piplup / Elekid / Cottonee</em></div><div class="spacer battle-history"><br></div><div class="battle-history">Battle started between AetherDragon_14 and AJTreecko!<br></div><div class="spacer battle-history"><br></div><div class="battle-history">Go! Shivre (<strong>Duskull</strong>)!<br></div><div class="spacer battle-history"><br></div><div class="battle-history">AJTreecko sent out Buttons (<strong>Piplup</strong>)!<br></div><div class="spacer battle-history"><br></div><h2 class="battle-history">Turn 1</h2><div class="spacer battle-history"><br></div><div class="battle-history">The opposing Buttons used <strong>Stealth Rock</strong>!<br></div><div class="battle-history"><small>Pointed stones float in the air around your team!</small><br></div><div class="spacer battle-history"><br></div><div class="battle-history">Shivre used <strong>Frustration</strong>!<br></div><div class="battle-history"><small>A critical hit!</small><br></div><div class="battle-history"><small>(The opposing Buttons lost <abbr title="−3/21">14.3%</abbr> of its health!)</small><br></div><div class="spacer battle-history"><br></div><h2 class="battle-history">Turn 2</h2><div class="spacer battle-history"><br></div><div class="battle-history">The opposing Buttons used <strong>Scald</strong>!<br></div><div class="battle-history"><small>Shivre avoided the attack!</small><br></div><div class="spacer battle-history"><br></div><div class="battle-history">Shivre used <strong>Destiny Bond</strong>!<br></div><div class="battle-history">Shivre is hoping to take its attacker down with it!<br></div><div class="spacer battle-history"><br></div><h2 class="battle-history">Turn 3</h2><div class="spacer battle-history"><br></div><div class="battle-history">The opposing Buttons used <strong>Scald</strong>!<br></div><div class="battle-history"><small>(Shivre lost <abbr title="−7/18">38.9%</abbr> of its health!)</small><br></div><div class="battle-history"><small>Shivre was burned!</small><br></div><div class="spacer battle-history"><br></div><div class="battle-history">Shivre used <strong>Destiny Bond</strong>!<br></div><div class="battle-history">Shivre is hoping to take its attacker down with it!<br></div><div class="spacer battle-history"><br></div><div class="battle-history"><small>Shivre was hurt by its burn!</small><br></div><div class="spacer battle-history"><br></div><h2 class="battle-history">Turn 4</h2><div class="spacer battle-history"><br></div><div class="battle-history">AJTreecko withdrew Buttons!<br></div><div class="battle-history">AJTreecko sent out SirBeltless (<strong>Scraggy</strong>)!<br></div><div class="spacer battle-history"><br></div><div class="battle-history">Shivre used <strong>Return</strong>!<br></div><div class="battle-history"><small>(The opposing SirBeltless lost <abbr title="−3/21">14.3%</abbr> of its health!)</small><br></div><div class="spacer battle-history"><br></div><div class="battle-history"><small>Shivre was hurt by its burn!</small><br></div><div class="spacer battle-history"><br></div><h2 class="battle-history">Turn 5</h2><div class="spacer battle-history"><br></div><div class="battle-history">The opposing SirBeltless used <strong>Dragon Dance</strong>!<br></div><div class="battle-history"><small>The opposing SirBeltless's Attack rose!</small><br></div><div class="battle-history"><small>The opposing SirBeltless's Speed rose!</small><br></div><div class="spacer battle-history"><br></div><div class="battle-history">Shivre used <strong>Grudge</strong>!<br></div><div class="battle-history">Shivre wants its target to bear a grudge!<br></div><div class="spacer battle-history"><br></div><div class="battle-history"><small>Shivre was hurt by its burn!</small><br></div><div class="spacer battle-history"><br></div><h2 class="battle-history">Turn 6</h2><div class="spacer battle-history"><br></div><div class="battle-history">The opposing SirBeltless used <strong>Dragon Dance</strong>!<br></div><div class="battle-history"><small>The opposing SirBeltless's Attack rose!</small><br></div><div class="battle-history"><small>The opposing SirBeltless's Speed rose!</small><br></div><div class="spacer battle-history"><br></div><div class="battle-history">Shivre used <strong>Destiny Bond</strong>!<br></div><div class="battle-history">Shivre is hoping to take its attacker down with it!<br></div><div class="spacer battle-history"><br></div><div class="battle-history"><small>Shivre was hurt by its burn!</small><br></div><div class="spacer battle-history"><br></div><h2 class="battle-history">Turn 7</h2><div class="spacer battle-history"><br></div><div class="battle-history">The opposing SirBeltless used <strong>Knock Off</strong>!<br></div><div class="battle-history"><small>It's super effective!</small><br></div><div class="battle-history"><small>(Shivre lost <abbr title="−3/18">16.7%</abbr> of its health!)</small><br></div><div class="battle-history"><small>The opposing SirBeltless knocked off Shivre's BrightPowder!</small><br></div><div class="battle-history"><small>The opposing SirBeltless lost some of its HP!</small><br></div><div class="spacer battle-history"><br></div><div class="battle-history">Shivre fainted!<br></div><div class="battle-history"><small>[The opposing SirBeltless's Moxie]</small><br></div><div class="battle-history"><small>The opposing SirBeltless's Attack rose!</small><br></div><div class="battle-history"><small>Shivre took its attacker down with it!</small><br></div><div class="spacer battle-history"><br></div><div class="battle-history">The opposing SirBeltless fainted!<br></div><div class="spacer battle-history"><br></div><div class="battle-history">Go! Firenado (<strong>Ponyta</strong>)!<br></div><div class="spacer battle-history"><br></div><div class="battle-history">AJTreecko sent out Fuffy (<strong>Cottonee</strong>)!<br></div><div class="battle-history"><small>Pointed stones dug into Firenado!</small><br></div><div class="spacer battle-history"><br></div><h2 class="battle-history">Turn 8</h2><div class="spacer battle-history"><br></div><div class="battle-history">The opposing Fuffy used <strong>Switcheroo</strong>!<br></div><div class="battle-history"><small>The opposing Fuffy switched items with its target!</small><br></div><div class="battle-history"><small>Firenado obtained one Choice Scarf.</small><br></div><div class="battle-history"><small>The opposing Fuffy obtained one Focus Sash.</small><br></div><div class="spacer battle-history"><br></div><div class="battle-history">Firenado used <strong>Inferno</strong>!<br></div><div class="battle-history"><small>It's super effective!</small><br></div><div class="battle-history"><small>The opposing Fuffy hung on using its Focus Sash!</small><br></div><div class="battle-history"><small>(The opposing Fuffy lost <abbr title="−19/20">95%</abbr> of its health!)</small><br></div><div class="battle-history"><small>The opposing Fuffy was burned!</small><br></div><div class="spacer battle-history"><br></div><div class="battle-history"><small>The opposing Fuffy was hurt by its burn!</small><br></div><div class="spacer battle-history"><br></div><div class="battle-history">The opposing Fuffy fainted!<br></div><div class="spacer battle-history"><br></div><div class="battle-history">AJTreecko sent out Buttons (<strong>Piplup</strong>)!<br></div><div class="spacer battle-history"><br></div><h2 class="battle-history">Turn 9</h2><div class="spacer battle-history"><br></div><div class="battle-history">Firenado, come back!<br></div><div class="battle-history">Go! Schooly (<strong>Carvanha</strong>)!<br></div><div class="battle-history"><small>Pointed stones dug into Schooly!</small><br></div><div class="spacer battle-history"><br></div><div class="battle-history">The opposing Buttons used <strong>Scald</strong>!<br></div><div class="battle-history"><small>It's not very effective...</small><br></div><div class="battle-history"><small>(Schooly lost <abbr title="−7/22">31.8%</abbr> of its health!)</small><br></div><div class="spacer battle-history"><br></div><h2 class="battle-history">Turn 10</h2><div class="spacer battle-history"><br></div><div class="battle-history">AJTreecko withdrew Buttons!<br></div><div class="battle-history">AJTreecko sent out Billy (<strong>Elekid</strong>)!<br></div><div class="spacer battle-history"><br></div><div class="battle-history">Schooly used <strong>Bounce</strong>!<br></div><div class="battle-history">Schooly sprang up!<br></div><div class="spacer battle-history"><br></div><h2 class="battle-history">Turn 11</h2><div class="spacer battle-history"><br></div><div class="battle-history">The opposing Billy used <strong>Thunderbolt</strong>!<br></div><div class="battle-history"><small>Schooly avoided the attack!</small><br></div><div class="spacer battle-history"><br></div><div class="battle-history">Schooly used <strong>Bounce</strong>!<br></div><div class="battle-history"><small>It's not very effective...</small><br></div><div class="battle-history"><small>A critical hit!</small><br></div><div class="battle-history"><small>(The opposing Billy lost <abbr title="−9/21">42.9%</abbr> of its health!)</small><br></div><div class="battle-history"><small>[The opposing Billy's Static]</small><br><small>Schooly is paralyzed! It may be unable to move!</small><br></div><div class="spacer battle-history"><br></div><h2 class="battle-history">Turn 12</h2><div class="spacer battle-history"><br></div><div class="battle-history">The opposing Billy used <strong>Thunderbolt</strong>!<br></div><div class="battle-history"><small>It's super effective!</small><br></div><div class="battle-history"><small>(Schooly lost <abbr title="−13/22">59.1%</abbr> of its health!)</small><br></div><div class="spacer battle-history"><br></div><div class="battle-history">Schooly fainted!<br></div><div class="spacer battle-history"><br></div><div class="battle-history">Go! Gloop (<strong>Goomy</strong>)!<br></div><div class="battle-history"><small>Pointed stones dug into Gloop!</small><br></div><div class="spacer battle-history"><br></div><h2 class="battle-history">Turn 13</h2><div class="spacer battle-history"><br></div><div class="battle-history">AJTreecko withdrew Billy!<br></div><div class="battle-history">AJTreecko sent out Buttons (<strong>Piplup</strong>)!<br></div><div class="spacer battle-history"><br></div><div class="battle-history">Gloop used <strong>Toxic</strong>!<br></div><div class="battle-history"><small>The opposing Buttons was badly poisoned!</small><br></div><div class="spacer battle-history"><br></div><div class="battle-history"><small>The opposing Buttons was hurt by poison!</small><br></div><div class="spacer battle-history"><br></div><h2 class="battle-history">Turn 14</h2><div class="spacer battle-history"><br></div><div class="battle-history">Gloop, come back!<br></div><div class="battle-history">Go! Swarm (<strong>Anorith</strong>)!<br></div><div class="battle-history"><small>Pointed stones dug into Swarm!</small><br></div><div class="spacer battle-history"><br></div><div class="battle-history">The opposing Buttons used <strong>Ice Beam</strong>!<br></div><div class="battle-history"><small>(Swarm lost <abbr title="−6/22">27.3%</abbr> of its health!)</small><br></div><div class="spacer battle-history"><br></div><div class="battle-history"><small>The opposing Buttons was hurt by poison!</small><br></div><div class="spacer battle-history"><br></div><h2 class="battle-history">Turn 15</h2><div class="spacer battle-history"><br></div><div class="battle-history">Swarm used <strong>Body Slam</strong>!<br></div><div class="battle-history"><small>(The opposing Buttons lost <abbr title="−8/21">38.1%</abbr> of its health!)</small><br></div><div class="battle-history"><small>(The opposing Buttons used its Berry Juice!)</small><br></div><div class="battle-history"><small>The opposing Buttons restored HP using its Berry Juice!</small><br></div><div class="spacer battle-history"><br></div><div class="battle-history">The opposing Buttons used <strong>Scald</strong>!<br></div><div class="battle-history"><small>It's super effective!</small><br></div><div class="battle-history"><small>(Swarm lost <abbr title="−11/22">50%</abbr> of its health!)</small><br></div><div class="spacer battle-history"><br></div><div class="battle-history">Swarm fainted!<br></div><div class="spacer battle-history"><br></div><div class="battle-history"><small>The opposing Buttons was hurt by poison!</small><br></div><div class="spacer battle-history"><br></div><div class="battle-history">Go! Blizzard (<strong>Eevee</strong>)!<br></div><div class="battle-history"><small>Pointed stones dug into Blizzard!</small><br></div><div class="spacer battle-history"><br></div><h2 class="battle-history">Turn 16</h2><div class="spacer battle-history"><br></div><div class="battle-history">AJTreecko withdrew Buttons!<br></div><div class="battle-history">AJTreecko sent out Burnie (<strong>Larvesta</strong>)!<br></div><div class="spacer battle-history"><br></div><div class="battle-history">Blizzard used <strong>Heal Bell</strong>!<br></div><div class="battle-history"><small>A bell chimed!</small><br></div><div class="spacer battle-history"><br></div><h2 class="battle-history">Turn 17</h2><div class="spacer battle-history"><br></div><div class="battle-history">Blizzard used <strong>Return</strong>!<br></div><div class="battle-history"><small>A critical hit!</small><br></div><div class="battle-history"><small>(The opposing Burnie lost <abbr title="−22/22">100%</abbr> of its health!)</small><br></div><div class="battle-history"><small>[The opposing Burnie's Flame Body]</small><br><small>Blizzard was burned!</small><br></div><div class="spacer battle-history"><br></div><div class="battle-history">The opposing Burnie fainted!<br></div><div class="spacer battle-history"><br></div><div class="battle-history"><small>Blizzard was hurt by its burn!</small><br></div><div class="spacer battle-history"><br></div><div class="battle-history">AJTreecko sent out Billy (<strong>Elekid</strong>)!<br></div><div class="spacer battle-history"><br></div><h2 class="battle-history">Turn 18</h2><div class="spacer battle-history"><br></div><div class="battle-history">The opposing Billy used <strong>Cross Chop</strong>!<br></div><div class="battle-history"><small>Blizzard avoided the attack!</small><br></div><div class="spacer battle-history"><br></div><div class="battle-history">Blizzard used <strong>Return</strong>!<br></div><div class="battle-history"><small>A critical hit!</small><br></div><div class="battle-history"><small>(The opposing Billy lost <abbr title="−12/21">57.1%</abbr> of its health!)</small><br></div><div class="spacer battle-history"><br></div><div class="battle-history">The opposing Billy fainted!<br></div><div class="spacer battle-history"><br></div><div class="battle-history"><small>Blizzard was hurt by its burn!</small><br></div><div class="spacer battle-history"><br></div><div class="battle-history">AJTreecko sent out Buttons (<strong>Piplup</strong>)!<br></div><div class="spacer battle-history"><br></div><h2 class="battle-history">Turn 19</h2><div class="spacer battle-history"><br></div><div class="battle-history">Blizzard used <strong>Return</strong>!<br></div><div class="battle-history"><small>A critical hit!</small><br></div><div class="battle-history"><small>(The opposing Buttons lost <abbr title="−10/21">47.6%</abbr> of its health!)</small><br></div><div class="spacer battle-history"><br></div><div class="battle-history">The opposing Buttons used <strong>Ice Beam</strong>!<br></div><div class="battle-history"><small>(Blizzard lost <abbr title="−5/23">21.7%</abbr> of its health!)</small><br></div><div class="spacer battle-history"><br></div><div class="battle-history"><small>Blizzard was hurt by its burn!</small><br></div><div class="battle-history"><small>The opposing Buttons was hurt by poison!</small><br></div><div class="spacer battle-history"><br></div><h2 class="battle-history">Turn 20</h2><div class="spacer battle-history"><br></div><div class="battle-history">AJTreecko withdrew Buttons!<br></div><div class="battle-history">AJTreecko sent out Cobalt (<strong>Bronzor</strong>)!<br></div><div class="spacer battle-history"><br></div><div class="battle-history">Blizzard used <strong>Return</strong>!<br></div><div class="battle-history"><small>It's not very effective...</small><br></div><div class="battle-history"><small>(The opposing Cobalt lost <abbr title="−3/22">13.6%</abbr> of its health!)</small><br></div><div class="spacer battle-history"><br></div><div class="battle-history"><small>Blizzard was hurt by its burn!</small><br></div><div class="spacer battle-history"><br></div><h2 class="battle-history">Turn 21</h2><div class="spacer battle-history"><br></div><div class="battle-history">Blizzard used <strong>Heal Bell</strong>!<br></div><div class="battle-history"><small>A bell chimed!</small><br></div><div class="battle-history"><small>Blizzard's burn was healed.</small><br></div><div class="spacer battle-history"><br></div><div class="battle-history">The opposing Cobalt used <strong>Psychic</strong>!<br></div><div class="battle-history"><small>(Blizzard lost <abbr title="−4/23">17.4%</abbr> of its health!)</small><br></div><div class="battle-history"><small>Blizzard's Special Defense fell!</small><br></div><div class="spacer battle-history"><br></div><h2 class="battle-history">Turn 22</h2><div class="spacer battle-history"><br></div><div class="battle-history">Blizzard, come back!<br></div><div class="battle-history">Go! Firenado (<strong>Ponyta</strong>)!<br></div><div class="battle-history"><small>Pointed stones dug into Firenado!</small><br></div><div class="spacer battle-history"><br></div><div class="battle-history">The opposing Cobalt used <strong>Gyro Ball</strong>!<br></div><div class="battle-history"><small>It's not very effective...</small><br></div><div class="battle-history"><small>(Firenado lost <abbr title="−6/23">26.1%</abbr> of its health!)</small><br></div><div class="battle-history"><small>[Firenado's Flame Body]</small><br><small>The opposing Cobalt was burned!</small><br></div><div class="spacer battle-history"><br></div><div class="battle-history"><small>The opposing Cobalt was hurt by its burn!</small><br></div><div class="spacer battle-history"><br></div><h2 class="battle-history">Turn 23</h2><div class="spacer battle-history"><br></div><div class="battle-history">AJTreecko withdrew Cobalt!<br></div><div class="battle-history">AJTreecko sent out Buttons (<strong>Piplup</strong>)!<br></div><div class="spacer battle-history"><br></div><div class="battle-history">Firenado used <strong>Low Kick</strong>!<br></div><div class="battle-history"><small>(The opposing Buttons lost <abbr title="−2/21">9.5%</abbr> of its health!)</small><br></div><div class="spacer battle-history"><br></div><div class="battle-history"><small>The opposing Buttons was hurt by poison!</small><br></div><div class="spacer battle-history"><br></div><h2 class="battle-history">Turn 24</h2><div class="spacer battle-history"><br></div><div class="battle-history">Firenado used <strong>Low Kick</strong>!<br></div><div class="battle-history"><small>(The opposing Buttons lost <abbr title="−2/21">9.5%</abbr> of its health!)</small><br></div><div class="spacer battle-history"><br></div><div class="battle-history">The opposing Buttons used <strong>Ice Beam</strong>!<br></div><div class="battle-history"><small>It's not very effective...</small><br></div><div class="battle-history"><small>(Firenado lost <abbr title="−4/23">17.4%</abbr> of its health!)</small><br></div><div class="spacer battle-history"><br></div><div class="battle-history"><small>The opposing Buttons was hurt by poison!</small><br></div><div class="spacer battle-history"><br></div><div class="battle-history">The opposing Buttons fainted!<br></div><div class="spacer battle-history"><br></div><div class="battle-history">AJTreecko sent out Cobalt (<strong>Bronzor</strong>)!<br></div><div class="spacer battle-history"><br></div><h2 class="battle-history">Turn 25</h2><div class="spacer battle-history"><br></div><div class="battle-history">Firenado used <strong>Low Kick</strong>!<br></div><div class="battle-history"><small>(The opposing Cobalt lost <abbr title="−7/22">31.8%</abbr> of its health!)</small><br></div><div class="spacer battle-history"><br></div><div class="battle-history">The opposing Cobalt used <strong>Psychic</strong>!<br></div><div class="battle-history"><small>(Firenado lost <abbr title="−3/23">13.0%</abbr> of its health!)</small><br></div><div class="spacer battle-history"><br></div><div class="battle-history">Firenado fainted!<br></div><div class="spacer battle-history"><br></div><div class="battle-history"><small>The opposing Cobalt was hurt by its burn!</small><br></div><div class="spacer battle-history"><br></div><div class="battle-history">Go! Gloop (<strong>Goomy</strong>)!<br></div><div class="battle-history"><small>Pointed stones dug into Gloop!</small><br></div><div class="spacer battle-history"><br></div><h2 class="battle-history">Turn 26</h2><div class="spacer battle-history"><br></div><div class="battle-history">Gloop used <strong>Draco Meteor</strong>!<br></div><div class="battle-history"><small>It's not very effective...</small><br></div><div class="battle-history"><small>(The opposing Cobalt lost <abbr title="−6/22">27.3%</abbr> of its health!)</small><br></div><div class="battle-history"><small>Gloop's Special Attack fell harshly!</small><br></div><div class="spacer battle-history"><br></div><div class="battle-history">The opposing Cobalt used <strong>Light Screen</strong>!<br></div><div class="battle-history"><small>Light Screen made the opposing team stronger against special moves!</small><br></div><div class="spacer battle-history"><br></div><div class="battle-history"><small>The opposing Cobalt was hurt by its burn!</small><br></div><div class="spacer battle-history"><br></div><div class="battle-history">The opposing Cobalt fainted!<br></div><div class="spacer battle-history"><br></div><div class="battle-history"><strong>AetherDragon_14</strong> won the battle!<br></div><div class="chat"><small>AJTreecko left.</small></div></div><div class="inner-preempt"></div></div></div>
</div>
<script>
let daily = Math.floor(Date.now()/1000/60/60/24);document.write('<script src="https://play.pokemonshowdown.com/js/replay-embed.js?version'+daily+'"></'+'script>');
</script>
