<!DOCTYPE html>
<meta charset="utf-8" />
<!-- version 1 -->
<title>OU replay: GrinchsBankAccount vs. (HT) IvoPost</title>
<style>
html,body {font-family:Verdana, sans-serif;font-size:10pt;margin:0;padding:0;}body{padding:12px 0;} .battle-log {font-family:Verdana, sans-serif;font-size:10pt;} .battle-log-inline {border:1px solid #AAAAAA;background:#EEF2F5;color:black;max-width:640px;margin:0 auto 80px;padding-bottom:5px;} .battle-log .inner {padding:4px 8px 0px 8px;} .battle-log .inner-preempt {padding:0 8px 4px 8px;} .battle-log .inner-after {margin-top:0.5em;} .battle-log h2 {margin:0.5em -8px;padding:4px 8px;border:1px solid #AAAAAA;background:#E0E7EA;border-left:0;border-right:0;font-family:Verdana, sans-serif;font-size:13pt;} .battle-log .chat {vertical-align:middle;padding:3px 0 3px 0;font-size:8pt;} .battle-log .chat strong {color:#40576A;} .battle-log .chat em {padding:1px 4px 1px 3px;color:#000000;font-style:normal;} .chat.mine {background:rgba(0,0,0,0.05);margin-left:-8px;margin-right:-8px;padding-left:8px;padding-right:8px;} .spoiler {color:#BBBBBB;background:#BBBBBB;padding:0px 3px;} .spoiler:hover, .spoiler:active, .spoiler-shown {color:#000000;background:#E2E2E2;padding:0px 3px;} .spoiler a {color:#BBBBBB;} .spoiler:hover a, .spoiler:active a, .spoiler-shown a {color:#2288CC;} .chat code, .chat .spoiler:hover code, .chat .spoiler:active code, .chat .spoiler-shown code {border:1px solid #C0C0C0;background:#EEEEEE;color:black;padding:0 2px;} .chat .spoiler code {border:1px solid #CCCCCC;background:#CCCCCC;color:#CCCCCC;} .battle-log .rated {padding:3px 4px;} .battle-log .rated strong {color:white;background:#89A;padding:1px 4px;border-radius:4px;} .spacer {margin-top:0.5em;} .message-announce {background:#6688AA;color:white;padding:1px 4px 2px;} .message-announce a, .broadcast-green a, .broadcast-blue a, .broadcast-red a {color:#DDEEFF;} .broadcast-green {background-color:#559955;color:white;padding:2px 4px;} .broadcast-blue {background-color:#6688AA;color:white;padding:2px 4px;} .infobox {border:1px solid #6688AA;padding:2px 4px;} .infobox-limited {max-height:200px;overflow:auto;overflow-x:hidden;} .broadcast-red {background-color:#AA5544;color:white;padding:2px 4px;} .message-learn-canlearn {font-weight:bold;color:#228822;text-decoration:underline;} .message-learn-cannotlearn {font-weight:bold;color:#CC2222;text-decoration:underline;} .message-effect-weak {font-weight:bold;color:#CC2222;} .message-effect-resist {font-weight:bold;color:#6688AA;} .message-effect-immune {font-weight:bold;color:#666666;} .message-learn-list {margin-top:0;margin-bottom:0;} .message-throttle-notice, .message-error {color:#992222;} .message-overflow, .chat small.message-overflow {font-size:0pt;} .message-overflow::before {font-size:9pt;content:'...';} .subtle {color:#3A4A66;}
</style>
<div class="wrapper replay-wrapper" style="max-width:1180px;margin:0 auto">
<input type="hidden" name="replayid" value="destiny-ou-448985" />
<div class="battle"></div><div class="battle-log"></div><div class="replay-controls"></div><div class="replay-controls-2"></div>
<h1 style="font-weight:normal;text-align:center"><strong>OU</strong><br /><a href="http://pokemonshowdown.com/users/grinchsbankaccount" class="subtle" target="_blank">GrinchsBankAccount</a> vs. <a href="http://pokemonshowdown.com/users/htivopost" class="subtle" target="_blank">(HT) IvoPost</a></h1>
<script type="text/plain" class="battle-log-data">|player|p1|GrinchsBankAccount|256
|teamsize|p1|6
|player|p2|(HT) IvoPost|htivopost.gif?ef842d51
|teamsize|p2|6
|teamsize|p1|6
|teamsize|p2|6
|gametype|singles
|gen|7
|tier|OU
|rated
|seed|37781,42588,31150,61774
|rule|Cláusula-Mod de Dormir: solo puedes dormir a uno de tus oponentes a la vez.
|rule|Cláusula de Especie: Hasta un Pokémon de cada especie
|rule|Cláusula de Golpe Fulminante: los movimientos fulminantes (OHKO) estan prohibidos
|rule|Cláusula de Veleta: la habilidad Veleta está prohibida
|rule|Cláusula de Movimientos Evasivos: los movimientos de Evasión están prohibidos.
|rule|Cláusula de Batallas Eternas: forzar batallas eternas está prohibido
|clearpoke
|poke|p1|Metagross|item
|poke|p1|Hydreigon, M|item
|poke|p1|Clefable, M|item
|poke|p1|Darmanitan, M|item
|poke|p1|Tapu Fini|item
|poke|p1|Ferrothorn, M|item
|poke|p2|Amoonguss, F|item
|poke|p2|Mew|item
|poke|p2|Tyranitar, F|item
|poke|p2|Medicham, M|item
|poke|p2|Landorus-Therian, M|item
|poke|p2|Tapu Koko|item
|teampreview|undefined
|choice|*team 321456|*
|inactive|Reloj de batalla ENCENDIDO. El jugador inactivo será descalificado (solicitado por GrinchsBankAccount).
|choice|*|*team 623451
|choice|team 3, 2, 1, 4, 5, 6|team 6, 2, 3, 4, 5, 1
|
|start
|switch|p1a: Clefable|Clefable, M|388\/388
|switch|p2a: Tapu Koko|Tapu Koko|297\/297
|-fieldstart|move: Electric Terrain|[from] ability: Electric Surge|[of] p2a: Tapu Koko
|turn|1
|choice|*|*move 1
|choice|*move 2|*
|choice|move stealthrock|move thunderbolt
|
|move|p2a: Tapu Koko|Thunderbolt|p1a: Clefable
|-damage|p1a: Clefable|213\/388
|move|p1a: Clefable|Stealth Rock|p2a: Tapu Koko
|-sidestart|p2: (HT) IvoPost|move: Stealth Rock
|
|-heal|p1a: Clefable|237\/388|[from] item: Leftovers
|upkeep
|turn|2
|choice|*move 3|*
|choice|*|*move 2
|choice|move softboiled|move voltswitch
|
|move|p2a: Tapu Koko|Volt Switch|p1a: Clefable
|-damage|p1a: Clefable|95\/388
|inactive|(HT) IvoPost tiene 135 segundos restantes.
|choice|*|*switch 6
|choice||switch 6
|
|switch|p2a: Amoonguss|Amoonguss, F|432\/432|[from]move: Volt Switch
|-damage|p2a: Amoonguss|378\/432|[from] Stealth Rock
|move|p1a: Clefable|Soft-Boiled|p1a: Clefable
|-heal|p1a: Clefable|289\/388
|
|-heal|p1a: Clefable|313\/388|[from] item: Leftovers
|-heal|p2a: Amoonguss|405\/432|[from] item: Black Sludge
|upkeep
|turn|3
|choice|*|*move 1
|choice|*switch 3|*
|choice|switch 3|move spore
|
|switch|p1a: Metagross|Metagross|302\/302
|move|p2a: Amoonguss|Spore|p1a: Metagross
|-activate|p1a: Metagross|move: Electric Terrain
|
|-heal|p2a: Amoonguss|432\/432|[from] item: Black Sludge
|upkeep
|turn|4
|choice|*move 4|*
|choice|*move 1|*
|inactive|(HT) IvoPost tiene 135 segundos restantes.
|choice|*|*move 2
|inactive|GrinchsBankAccount tiene 135 segundos restantes.
|inactive|GrinchsBankAccount tiene 120 segundos restantes.
|choice|*move 1|*
|choice|move meteormash|move protect
|
|move|p2a: Amoonguss|Protect|p2a: Amoonguss
|-singleturn|p2a: Amoonguss|Protect
|move|p1a: Metagross|Meteor Mash|p2a: Amoonguss
|-activate|p2a: Amoonguss|move: Protect
|
|upkeep
|turn|5
|choice|*move 1|*
|c|☆GrinchsBankAccount|lol
|inactive|(HT) IvoPost tiene 135 segundos restantes.
|choice|*|*move 4
|choice|move meteormash|move hiddenpower
|
|move|p1a: Metagross|Meteor Mash|p2a: Amoonguss
|-damage|p2a: Amoonguss|186\/432
|move|p2a: Amoonguss|Hidden Power|p1a: Metagross
|-supereffective|p1a: Metagross
|-damage|p1a: Metagross|214\/302
|-enditem|p1a: Metagross|Weakness Policy
|-boost|p1a: Metagross|atk|2
|-boost|p1a: Metagross|spa|2
|
|-heal|p2a: Amoonguss|213\/432|[from] item: Black Sludge
|-fieldend|move: Electric Terrain
|upkeep
|turn|6
|c|☆GrinchsBankAccount|You have no switch ins no idea why you're thinking about lol.
|choice|*move 4|*
|choice|*|*move 2
|choice|move agility|move protect
|
|move|p2a: Amoonguss|Protect|p2a: Amoonguss
|-singleturn|p2a: Amoonguss|Protect
|move|p1a: Metagross|Agility|p1a: Metagross
|-boost|p1a: Metagross|spe|2
|
|-heal|p2a: Amoonguss|240\/432|[from] item: Black Sludge
|upkeep
|turn|7
|c|☆GrinchsBankAccount|gg lol hopefully
|choice|*move 1|*
|choice|*|*switch 5
|choice|move meteormash|switch 5
|
|switch|p2a: Landorus|Landorus-Therian, M|381\/381
|-damage|p2a: Landorus|334\/381|[from] Stealth Rock
|-ability|p2a: Landorus|Intimidate|boost
|-fail|p1a: Metagross|unboost|[from] ability: Clear Body|[of] p1a: Metagross
|move|p1a: Metagross|Meteor Mash|p2a: Landorus
|-damage|p2a: Landorus|0 fnt
|faint|p2a: Landorus
|
|upkeep
|c|☆GrinchsBankAccount|lol
|choice|*|*switch 5
|choice||switch 5
|
|switch|p2a: Amoonguss|Amoonguss, F|384\/432
|-damage|p2a: Amoonguss|330\/432|[from] Stealth Rock
|turn|8
|choice|*|*move 1
|choice|*move 2|*
|choice|move zenheadbutt|move spore
|
|move|p1a: Metagross|Zen Headbutt|p2a: Amoonguss
|-supereffective|p2a: Amoonguss
|-damage|p2a: Amoonguss|0 fnt
|faint|p2a: Amoonguss
|
|upkeep
|choice|*|*switch 2
|choice||switch 2
|
|switch|p2a: Mew|Mew|401\/401
|-damage|p2a: Mew|351\/401|[from] Stealth Rock
|turn|9
|choice|*move 1|*
|choice|*|*move 2
|choice|move meteormash|move willowisp
|
|move|p1a: Metagross|Meteor Mash|p2a: Mew
|-damage|p2a: Mew|8\/401
|-boost|p1a: Metagross|atk|1
|move|p2a: Mew|Will-O-Wisp|p1a: Metagross
|-status|p1a: Metagross|brn
|
|-heal|p2a: Mew|33\/401|[from] item: Leftovers
|-damage|p1a: Metagross|196\/302 brn|[from] brn
|upkeep
|turn|10
|c|☆GrinchsBankAccount|lol
|choice|*move 3|*
|choice|*|*move 3
|choice|move earthquake|move roost
|
|move|p1a: Metagross|Earthquake|p2a: Mew
|-damage|p2a: Mew|0 fnt
|faint|p2a: Mew
|
|-damage|p1a: Metagross|178\/302 brn|[from] brn
|upkeep
|inactive|(HT) IvoPost tiene 135 segundos restantes.
|c|☆GrinchsBankAccount|Hurry up lol.
|inactive|(HT) IvoPost tiene 120 segundos restantes.
|inactive|(HT) IvoPost tiene 105 segundos restantes.
|inactive|(HT) IvoPost tiene 90 segundos restantes.
|inactive|(HT) IvoPost tiene 75 segundos restantes.
|inactive|(HT) IvoPost tiene 60 segundos restantes.
|inactive|(HT) IvoPost tiene 45 segundos restantes.
|inactive|(HT) IvoPost tiene 30 segundos restantes.
|inactive|(HT) IvoPost tiene 20 segundos restantes.
|choice|*|*switch 4
|choice||switch 4
|
|switch|p2a: Medicham|Medicham, M|261\/261
|-damage|p2a: Medicham|245\/261|[from] Stealth Rock
|turn|11
|choice|*move 1|*
|choice|*|*move 4 mega
|choice|move meteormash|move fakeout mega
|
|-mega|p2a: Medicham|Medicham|Medichamite
|detailschange|p2a: Medicham|Medicham-Mega, M
|move|p2a: Medicham|Fake Out|p1a: Metagross
|-resisted|p1a: Metagross
|-damage|p1a: Metagross|146\/302 brn
|cant|p1a: Metagross|flinch
|
|-damage|p1a: Metagross|128\/302 brn|[from] brn
|upkeep
|turn|12
|choice|*move 1|*
|choice|*|*switch 3
|choice|move meteormash|switch 3
|
|switch|p2a: Tyranitar|Tyranitar, F|386\/386
|-damage|p2a: Tyranitar|338\/386|[from] Stealth Rock
|-weather|Sandstorm|[from] ability: Sand Stream|[of] p2a: Tyranitar
|move|p1a: Metagross|Meteor Mash|p2a: Tyranitar
|-supereffective|p2a: Tyranitar
|-damage|p2a: Tyranitar|0 fnt
|-boost|p1a: Metagross|atk|1
|faint|p2a: Tyranitar
|
|-weather|Sandstorm|[upkeep]
|-damage|p1a: Metagross|110\/302 brn|[from] brn
|upkeep
|c|☆GrinchsBankAccount|lol
|inactive|(HT) IvoPost tiene 135 segundos restantes.
|c|☆GrinchsBankAccount|fake out spam<
|inactive|(HT) IvoPost tiene 120 segundos restantes.
|inactive|(HT) IvoPost tiene 105 segundos restantes.
|inactive|(HT) IvoPost tiene 90 segundos restantes.
|inactive|(HT) IvoPost tiene 75 segundos restantes.
|c|☆GrinchsBankAccount|Are you seriously gonna timer stall?
|inactive|(HT) IvoPost tiene 60 segundos restantes.
|inactive|(HT) IvoPost tiene 45 segundos restantes.
|choice|*|*switch 3
|choice||switch 3
|
|switch|p2a: Medicham|Medicham-Mega, M|245\/261
|-damage|p2a: Medicham|229\/261|[from] Stealth Rock
|turn|13
|choice|*|*move 4
|c|☆GrinchsBankAccount|Yeah that is so shit lol, you lost badly now you timer stall me xD
|choice|*move 1|*
|choice|move meteormash|move fakeout
|
|move|p2a: Medicham|Fake Out|p1a: Metagross
|-resisted|p1a: Metagross
|-damage|p1a: Metagross|78\/302 brn
|cant|p1a: Metagross|flinch
|
|-weather|Sandstorm|[upkeep]
|-damage|p2a: Medicham|213\/261|[from] sandstorm
|-damage|p1a: Metagross|60\/302 brn|[from] brn
|upkeep
|turn|14
|choice|*move 1|*
|inactive|(HT) IvoPost tiene 135 segundos restantes.
|inactive|(HT) IvoPost tiene 120 segundos restantes.
|inactive|(HT) IvoPost tiene 105 segundos restantes.
|inactive|(HT) IvoPost tiene 90 segundos restantes.
|choice|*|*switch 6
|choice|move meteormash|switch 6
|
|switch|p2a: Tapu Koko|Tapu Koko|297\/297
|-damage|p2a: Tapu Koko|260\/297|[from] Stealth Rock
|-fieldstart|move: Electric Terrain|[from] ability: Electric Surge|[of] p2a: Tapu Koko
|move|p1a: Metagross|Meteor Mash|p2a: Tapu Koko
|-damage|p2a: Tapu Koko|0 fnt
|faint|p2a: Tapu Koko
|
|-weather|Sandstorm|[upkeep]
|-damage|p1a: Metagross|42\/302 brn|[from] brn
|upkeep
|inactive|(HT) IvoPost tiene 90 segundos restantes.
|choice|*|*switch 6
|choice||switch 6
|
|switch|p2a: Medicham|Medicham-Mega, M|213\/261
|-damage|p2a: Medicham|197\/261|[from] Stealth Rock
|turn|15
|choice|*|*move 4
|choice|*move 1|*
|choice|move meteormash|move fakeout
|
|move|p2a: Medicham|Fake Out|p1a: Metagross
|-resisted|p1a: Metagross
|-damage|p1a: Metagross|8\/302 brn
|cant|p1a: Metagross|flinch
|
|-weather|Sandstorm|[upkeep]
|-damage|p2a: Medicham|181\/261|[from] sandstorm
|-damage|p1a: Metagross|0 fnt|[from] brn
|upkeep
|faint|p1a: Metagross
|choice|*switch 4|*
|choice|switch 4|
|
|switch|p1a: Darmanitan|Darmanitan, M|351\/351
|turn|16
|choice|*move 1|*
|choice|*|*move 1
|choice|move flareblitz|move highjumpkick
|
|move|p1a: Darmanitan|Flare Blitz|p2a: Medicham
|-damage|p2a: Medicham|0 fnt
|-damage|p1a: Darmanitan|291\/351|[from] recoil
|faint|p2a: Medicham
|
|win|GrinchsBankAccount
GrinchsBankAccount ha ganado 4.5 PokeDolares.
|raw|Puntaje de GrinchsBankAccount: 1352 &rarr; <strong>1375<\/strong><br \/>(+23 por ganar)
|raw|Puntaje de (HT) IvoPost: 1404 &rarr; <strong>1381<\/strong><br \/>(-23 por perder)
</script>
</div>
<div class="battle-log battle-log-inline"><div class="inner"><div class="battle-options"></div><div class="inner"><div class=""><small>Format:</small> <br><strong>OU</strong></div><div class="rated"><strong>Rated battle</strong></div><div class=""><small><em>Cláusula-Mod de Dormir:</em> solo puedes dormir a uno de tus oponentes a la vez.</small></div><div class=""><small><em>Cláusula de Especie:</em> Hasta un Pokémon de cada especie</small></div><div class=""><small><em>Cláusula de Golpe Fulminante:</em> los movimientos fulminantes (OHKO) estan prohibidos</small></div><div class=""><small><em>Cláusula de Veleta:</em> la habilidad Veleta está prohibida</small></div><div class=""><small><em>Cláusula de Movimientos Evasivos:</em> los movimientos de Evasión están prohibidos.</small></div><div class=""><small><em>Cláusula de Batallas Eternas:</em> forzar batallas eternas está prohibido</small></div><div class="chat battle-history"><strong>GrinchsBankAccount's team:</strong> <em style="color:#445566;display:block;">Metagross / Hydreigon / Clefable / Darmanitan / Tapu Fini / Ferrothorn</em></div><div class="chat battle-history"><strong>(HT) IvoPost's team:</strong> <em style="color:#445566;display:block;">Amoonguss / Mew / Tyranitar / Medicham / Landorus-Therian / Tapu Koko</em></div><div class="chat message-error">Reloj de batalla ENCENDIDO. El jugador inactivo será descalificado (solicitado por GrinchsBankAccount).</div><div class="spacer battle-history"><br></div><div class="battle-history">Battle started between GrinchsBankAccount and (HT) IvoPost!<br></div><div class="spacer battle-history"><br></div><div class="battle-history">Go! <strong>Clefable</strong>!<br></div><div class="spacer battle-history"><br></div><div class="battle-history">(HT) IvoPost sent out <strong>Tapu Koko</strong>!<br></div><div class="battle-history"><small>[The opposing Tapu Koko's Electric Surge]</small><br><small>An electric current runs across the battlefield!</small><br></div><div class="spacer battle-history"><br></div><h2 class="battle-history">Turn 1</h2><div class="spacer battle-history"><br></div><div class="battle-history">The opposing Tapu Koko used <strong>Thunderbolt</strong>!<br></div><div class="battle-history"><small>(Clefable lost <abbr title="−175/388">45.1%</abbr> of its health!)</small><br></div><div class="spacer battle-history"><br></div><div class="battle-history">Clefable used <strong>Stealth Rock</strong>!<br></div><div class="battle-history"><small>Pointed stones float in the air around the opposing team!</small><br></div><div class="spacer battle-history"><br></div><div class="battle-history"><small>Clefable restored a little HP using its Leftovers!</small><br></div><div class="spacer battle-history"><br></div><h2 class="battle-history">Turn 2</h2><div class="spacer battle-history"><br></div><div class="battle-history">The opposing Tapu Koko used <strong>Volt Switch</strong>!<br></div><div class="battle-history"><small>(Clefable lost <abbr title="−142/388">36.6%</abbr> of its health!)</small><br></div><div class="chat message-error">(HT) IvoPost tiene 135 segundos restantes.</div><div class="spacer battle-history"><br></div><div class="battle-history">The opposing Tapu Koko went back to (HT) IvoPost!<br></div><div class="battle-history">(HT) IvoPost sent out <strong>Amoonguss</strong>!<br></div><div class="battle-history"><small>Pointed stones dug into the opposing Amoonguss!</small><br></div><div class="spacer battle-history"><br></div><div class="battle-history">Clefable used <strong>Soft-Boiled</strong>!<br></div><div class="battle-history"><small>Clefable restored its HP.</small><br></div><div class="spacer battle-history"><br></div><div class="battle-history"><small>Clefable restored a little HP using its Leftovers!</small><br></div><div class="battle-history"><small>The opposing Amoonguss restored a little HP using its Black Sludge!</small><br></div><div class="spacer battle-history"><br></div><h2 class="battle-history">Turn 3</h2><div class="spacer battle-history"><br></div><div class="battle-history">Clefable, come back!<br></div><div class="battle-history">Go! <strong>Metagross</strong>!<br></div><div class="spacer battle-history"><br></div><div class="battle-history">The opposing Amoonguss used <strong>Spore</strong>!<br></div><div class="battle-history"><small>Metagross surrounds itself with electrified terrain!</small><br></div><div class="spacer battle-history"><br></div><div class="battle-history"><small>The opposing Amoonguss restored a little HP using its Black Sludge!</small><br></div><div class="spacer battle-history"><br></div><h2 class="battle-history">Turn 4</h2><div class="chat message-error">(HT) IvoPost tiene 135 segundos restantes.</div><div class="chat message-error">GrinchsBankAccount tiene 135 segundos restantes.</div><div class="chat message-error">GrinchsBankAccount tiene 120 segundos restantes.</div><div class="spacer battle-history"><br></div><div class="battle-history">The opposing Amoonguss used <strong>Protect</strong>!<br></div><div class="battle-history"><small>The opposing Amoonguss protected itself!</small><br></div><div class="spacer battle-history"><br></div><div class="battle-history">Metagross used <strong>Meteor Mash</strong>!<br></div><div class="battle-history"><small>The opposing Amoonguss protected itself!</small><br></div><div class="spacer battle-history"><br></div><h2 class="battle-history">Turn 5</h2><div class="chat chatmessage-grinchsbankaccount"><strong style="color:hsl(66,89%,32.40688125084617%)"><small>☆</small><span class="username" data-name="GrinchsBankAccount">GrinchsBankAccount</span>:</strong> <em>lol</em></div><div class="chat message-error">(HT) IvoPost tiene 135 segundos restantes.</div><div class="spacer battle-history"><br></div><div class="battle-history">Metagross used <strong>Meteor Mash</strong>!<br></div><div class="battle-history"><small>(The opposing Amoonguss lost <abbr title="−246/432">56.9%</abbr> of its health!)</small><br></div><div class="spacer battle-history"><br></div><div class="battle-history">The opposing Amoonguss used <strong>Hidden Power</strong>!<br></div><div class="battle-history"><small>It's super effective!</small><br></div><div class="battle-history"><small>(Metagross lost <abbr title="−88/302">29.1%</abbr> of its health!)</small><br></div><div class="battle-history"><small>(Metagross used its Weakness Policy!)</small><br></div><div class="battle-history"><small>Metagross's Attack rose sharply!</small><br></div><div class="battle-history"><small>Metagross's Special Attack rose sharply!</small><br></div><div class="spacer battle-history"><br></div><div class="battle-history"><small>The opposing Amoonguss restored a little HP using its Black Sludge!</small><br></div><div class="battle-history"><small>The electricity disappeared from the battlefield.</small><br></div><div class="spacer battle-history"><br></div><h2 class="battle-history">Turn 6</h2><div class="chat chatmessage-grinchsbankaccount"><strong style="color:hsl(66,89%,32.40688125084617%)"><small>☆</small><span class="username" data-name="GrinchsBankAccount">GrinchsBankAccount</span>:</strong> <em>You have no switch ins no idea why you're thinking about lol.</em></div><div class="spacer battle-history"><br></div><div class="battle-history">The opposing Amoonguss used <strong>Protect</strong>!<br></div><div class="battle-history"><small>The opposing Amoonguss protected itself!</small><br></div><div class="spacer battle-history"><br></div><div class="battle-history">Metagross used <strong>Agility</strong>!<br></div><div class="battle-history"><small>Metagross's Speed rose sharply!</small><br></div><div class="spacer battle-history"><br></div><div class="battle-history"><small>The opposing Amoonguss restored a little HP using its Black Sludge!</small><br></div><div class="spacer battle-history"><br></div><h2 class="battle-history">Turn 7</h2><div class="chat chatmessage-grinchsbankaccount"><strong style="color:hsl(66,89%,32.40688125084617%)"><small>☆</small><span class="username" data-name="GrinchsBankAccount">GrinchsBankAccount</span>:</strong> <em>gg lol hopefully</em></div><div class="spacer battle-history"><br></div><div class="battle-history">(HT) IvoPost withdrew Amoonguss!<br></div><div class="battle-history">(HT) IvoPost sent out Landorus (<strong>Landorus-Therian</strong>)!<br></div><div class="battle-history"><small>Pointed stones dug into the opposing Landorus!</small><br></div><div class="battle-history"><small>[The opposing Landorus's Intimidate]</small><br></div><div class="battle-history"><small>[Metagross's Clear Body]</small><br><small>Metagross's stats were not lowered!</small><br></div><div class="spacer battle-history"><br></div><div class="battle-history">Metagross used <strong>Meteor Mash</strong>!<br></div><div class="battle-history"><small>(The opposing Landorus lost <abbr title="−334/381">87.7%</abbr> of its health!)</small><br></div><div class="spacer battle-history"><br></div><div class="battle-history">The opposing Landorus fainted!<br></div><div class="chat chatmessage-grinchsbankaccount"><strong style="color:hsl(66,89%,32.40688125084617%)"><small>☆</small><span class="username" data-name="GrinchsBankAccount">GrinchsBankAccount</span>:</strong> <em>lol</em></div><div class="spacer battle-history"><br></div><div class="battle-history">(HT) IvoPost sent out <strong>Amoonguss</strong>!<br></div><div class="battle-history"><small>Pointed stones dug into the opposing Amoonguss!</small><br></div><div class="spacer battle-history"><br></div><h2 class="battle-history">Turn 8</h2><div class="spacer battle-history"><br></div><div class="battle-history">Metagross used <strong>Zen Headbutt</strong>!<br></div><div class="battle-history"><small>It's super effective!</small><br></div><div class="battle-history"><small>(The opposing Amoonguss lost <abbr title="−330/432">76.4%</abbr> of its health!)</small><br></div><div class="spacer battle-history"><br></div><div class="battle-history">The opposing Amoonguss fainted!<br></div><div class="spacer battle-history"><br></div><div class="battle-history">(HT) IvoPost sent out <strong>Mew</strong>!<br></div><div class="battle-history"><small>Pointed stones dug into the opposing Mew!</small><br></div><div class="spacer battle-history"><br></div><h2 class="battle-history">Turn 9</h2><div class="spacer battle-history"><br></div><div class="battle-history">Metagross used <strong>Meteor Mash</strong>!<br></div><div class="battle-history"><small>(The opposing Mew lost <abbr title="−343/401">85.5%</abbr> of its health!)</small><br></div><div class="battle-history"><small>Metagross's Attack rose!</small><br></div><div class="spacer battle-history"><br></div><div class="battle-history">The opposing Mew used <strong>Will-O-Wisp</strong>!<br></div><div class="battle-history"><small>Metagross was burned!</small><br></div><div class="spacer battle-history"><br></div><div class="battle-history"><small>The opposing Mew restored a little HP using its Leftovers!</small><br></div><div class="battle-history"><small>Metagross was hurt by its burn!</small><br></div><div class="spacer battle-history"><br></div><h2 class="battle-history">Turn 10</h2><div class="chat chatmessage-grinchsbankaccount"><strong style="color:hsl(66,89%,32.40688125084617%)"><small>☆</small><span class="username" data-name="GrinchsBankAccount">GrinchsBankAccount</span>:</strong> <em>lol</em></div><div class="spacer battle-history"><br></div><div class="battle-history">Metagross used <strong>Earthquake</strong>!<br></div><div class="battle-history"><small>(The opposing Mew lost <abbr title="−33/401">8.2%</abbr> of its health!)</small><br></div><div class="spacer battle-history"><br></div><div class="battle-history">The opposing Mew fainted!<br></div><div class="spacer battle-history"><br></div><div class="battle-history"><small>Metagross was hurt by its burn!</small><br></div><div class="chat message-error">(HT) IvoPost tiene 135 segundos restantes.</div><div class="chat chatmessage-grinchsbankaccount"><strong style="color:hsl(66,89%,32.40688125084617%)"><small>☆</small><span class="username" data-name="GrinchsBankAccount">GrinchsBankAccount</span>:</strong> <em>Hurry up lol.</em></div><div class="chat message-error">(HT) IvoPost tiene 120 segundos restantes.</div><div class="chat message-error">(HT) IvoPost tiene 105 segundos restantes.</div><div class="chat message-error">(HT) IvoPost tiene 90 segundos restantes.</div><div class="chat message-error">(HT) IvoPost tiene 75 segundos restantes.</div><div class="chat message-error">(HT) IvoPost tiene 60 segundos restantes.</div><div class="chat message-error">(HT) IvoPost tiene 45 segundos restantes.</div><div class="chat message-error">(HT) IvoPost tiene 30 segundos restantes.</div><div class="chat message-error">(HT) IvoPost tiene 20 segundos restantes.</div><div class="spacer battle-history"><br></div><div class="battle-history">(HT) IvoPost sent out <strong>Medicham</strong>!<br></div><div class="battle-history"><small>Pointed stones dug into the opposing Medicham!</small><br></div><div class="spacer battle-history"><br></div><h2 class="battle-history">Turn 11</h2><div class="spacer battle-history"><br></div><div class="battle-history"><small>The opposing Medicham's Medichamite is reacting to the Key Stone!</small><br>The opposing Medicham has Mega Evolved into Mega Medicham!<br></div><div class="spacer battle-history"><br></div><div class="battle-history">The opposing Medicham used <strong>Fake Out</strong>!<br></div><div class="battle-history"><small>It's not very effective...</small><br></div><div class="battle-history"><small>(Metagross lost <abbr title="−32/302">10.6%</abbr> of its health!)</small><br></div><div class="spacer battle-history"><br></div><div class="battle-history">Metagross flinched and couldn't move!<br></div><div class="spacer battle-history"><br></div><div class="battle-history"><small>Metagross was hurt by its burn!</small><br></div><div class="spacer battle-history"><br></div><h2 class="battle-history">Turn 12</h2><div class="spacer battle-history"><br></div><div class="battle-history">(HT) IvoPost withdrew Medicham!<br></div><div class="battle-history">(HT) IvoPost sent out <strong>Tyranitar</strong>!<br></div><div class="battle-history"><small>Pointed stones dug into the opposing Tyranitar!</small><br></div><div class="battle-history"><small>[The opposing Tyranitar's Sand Stream]</small><br><small>A sandstorm kicked up!</small><br></div><div class="spacer battle-history"><br></div><div class="battle-history">Metagross used <strong>Meteor Mash</strong>!<br></div><div class="battle-history"><small>It's super effective!</small><br></div><div class="battle-history"><small>(The opposing Tyranitar lost <abbr title="−338/386">87.6%</abbr> of its health!)</small><br></div><div class="battle-history"><small>Metagross's Attack rose!</small><br></div><div class="spacer battle-history"><br></div><div class="battle-history">The opposing Tyranitar fainted!<br></div><div class="spacer battle-history"><br></div><div class="battle-history"><small>The sandstorm is raging.</small><br></div><div class="battle-history"><small>Metagross was hurt by its burn!</small><br></div><div class="chat chatmessage-grinchsbankaccount"><strong style="color:hsl(66,89%,32.40688125084617%)"><small>☆</small><span class="username" data-name="GrinchsBankAccount">GrinchsBankAccount</span>:</strong> <em>lol</em></div><div class="chat message-error">(HT) IvoPost tiene 135 segundos restantes.</div><div class="chat chatmessage-grinchsbankaccount"><strong style="color:hsl(66,89%,32.40688125084617%)"><small>☆</small><span class="username" data-name="GrinchsBankAccount">GrinchsBankAccount</span>:</strong> <em>fake out spam&lt;</em></div><div class="chat message-error">(HT) IvoPost tiene 120 segundos restantes.</div><div class="chat message-error">(HT) IvoPost tiene 105 segundos restantes.</div><div class="chat message-error">(HT) IvoPost tiene 90 segundos restantes.</div><div class="chat message-error">(HT) IvoPost tiene 75 segundos restantes.</div><div class="chat chatmessage-grinchsbankaccount"><strong style="color:hsl(66,89%,32.40688125084617%)"><small>☆</small><span class="username" data-name="GrinchsBankAccount">GrinchsBankAccount</span>:</strong> <em>Are you seriously gonna timer stall?</em></div><div class="chat message-error">(HT) IvoPost tiene 60 segundos restantes.</div><div class="chat message-error">(HT) IvoPost tiene 45 segundos restantes.</div><div class="spacer battle-history"><br></div><div class="battle-history">(HT) IvoPost sent out Medicham (<strong>Medicham-Mega</strong>)!<br></div><div class="battle-history"><small>Pointed stones dug into the opposing Medicham!</small><br></div><div class="spacer battle-history"><br></div><h2 class="battle-history">Turn 13</h2><div class="chat chatmessage-grinchsbankaccount"><strong style="color:hsl(66,89%,32.40688125084617%)"><small>☆</small><span class="username" data-name="GrinchsBankAccount">GrinchsBankAccount</span>:</strong> <em>Yeah that is so shit lol, you lost badly now you timer stall me xD</em></div><div class="spacer battle-history"><br></div><div class="battle-history">The opposing Medicham used <strong>Fake Out</strong>!<br></div><div class="battle-history"><small>It's not very effective...</small><br></div><div class="battle-history"><small>(Metagross lost <abbr title="−32/302">10.6%</abbr> of its health!)</small><br></div><div class="spacer battle-history"><br></div><div class="battle-history">Metagross flinched and couldn't move!<br></div><div class="spacer battle-history"><br></div><div class="battle-history"><small>The sandstorm is raging.</small><br></div><div class="battle-history"><small>The opposing Medicham is buffeted by the sandstorm!</small><br></div><div class="battle-history"><small>Metagross was hurt by its burn!</small><br></div><div class="spacer battle-history"><br></div><h2 class="battle-history">Turn 14</h2><div class="chat message-error">(HT) IvoPost tiene 135 segundos restantes.</div><div class="chat message-error">(HT) IvoPost tiene 120 segundos restantes.</div><div class="chat message-error">(HT) IvoPost tiene 105 segundos restantes.</div><div class="chat message-error">(HT) IvoPost tiene 90 segundos restantes.</div><div class="spacer battle-history"><br></div><div class="battle-history">(HT) IvoPost withdrew Medicham!<br></div><div class="battle-history">(HT) IvoPost sent out <strong>Tapu Koko</strong>!<br></div><div class="battle-history"><small>Pointed stones dug into the opposing Tapu Koko!</small><br></div><div class="battle-history"><small>[The opposing Tapu Koko's Electric Surge]</small><br><small>An electric current runs across the battlefield!</small><br></div><div class="spacer battle-history"><br></div><div class="battle-history">Metagross used <strong>Meteor Mash</strong>!<br></div><div class="battle-history"><small>(The opposing Tapu Koko lost <abbr title="−260/297">87.5%</abbr> of its health!)</small><br></div><div class="spacer battle-history"><br></div><div class="battle-history">The opposing Tapu Koko fainted!<br></div><div class="spacer battle-history"><br></div><div class="battle-history"><small>The sandstorm is raging.</small><br></div><div class="battle-history"><small>Metagross was hurt by its burn!</small><br></div><div class="chat message-error">(HT) IvoPost tiene 90 segundos restantes.</div><div class="spacer battle-history"><br></div><div class="battle-history">(HT) IvoPost sent out Medicham (<strong>Medicham-Mega</strong>)!<br></div><div class="battle-history"><small>Pointed stones dug into the opposing Medicham!</small><br></div><div class="spacer battle-history"><br></div><h2 class="battle-history">Turn 15</h2><div class="spacer battle-history"><br></div><div class="battle-history">The opposing Medicham used <strong>Fake Out</strong>!<br></div><div class="battle-history"><small>It's not very effective...</small><br></div><div class="battle-history"><small>(Metagross lost <abbr title="−34/302">11.3%</abbr> of its health!)</small><br></div><div class="spacer battle-history"><br></div><div class="battle-history">Metagross flinched and couldn't move!<br></div><div class="spacer battle-history"><br></div><div class="battle-history"><small>The sandstorm is raging.</small><br></div><div class="battle-history"><small>The opposing Medicham is buffeted by the sandstorm!</small><br></div><div class="battle-history"><small>Metagross was hurt by its burn!</small><br></div><div class="spacer battle-history"><br></div><div class="battle-history">Metagross fainted!<br></div><div class="spacer battle-history"><br></div><div class="battle-history">Go! <strong>Darmanitan</strong>!<br></div><div class="spacer battle-history"><br></div><h2 class="battle-history">Turn 16</h2><div class="spacer battle-history"><br></div><div class="battle-history">Darmanitan used <strong>Flare Blitz</strong>!<br></div><div class="battle-history"><small>(The opposing Medicham lost <abbr title="−181/261">69.3%</abbr> of its health!)</small><br></div><div class="battle-history"><small>Darmanitan is damaged by the recoil!</small><br></div><div class="spacer battle-history"><br></div><div class="battle-history">The opposing Medicham fainted!<br></div><div class="spacer battle-history"><br></div><div class="battle-history"><strong>GrinchsBankAccount</strong> won the battle!<br></div><div class="chat">GrinchsBankAccount ha ganado 4.5 PokeDolares.</div><div class="chat">Puntaje de GrinchsBankAccount: 1352 → <strong>1375</strong><br>(+23 por ganar)</div><div class="chat">Puntaje de (HT) IvoPost: 1404 → <strong>1381</strong><br>(-23 por perder)</div></div><div class="inner-preempt"></div></div></div>
</div>
<script>
let daily = Math.floor(Date.now()/1000/60/60/24);document.write('<script src="https://play.pokemonshowdown.com/js/replay-embed.js?version'+daily+'"></'+'script>');
</script>
