<!DOCTYPE html>
<meta charset="utf-8" />
<!-- version 1 -->
<title>OU replay: Im Yeray vs. Divine Resonance</title>
<style>
html,body {font-family:Verdana, sans-serif;font-size:10pt;margin:0;padding:0;}body{padding:12px 0;} .battle-log {font-family:Verdana, sans-serif;font-size:10pt;} .battle-log-inline {border:1px solid #AAAAAA;background:#EEF2F5;color:black;max-width:640px;margin:0 auto 80px;padding-bottom:5px;} .battle-log .inner {padding:4px 8px 0px 8px;} .battle-log .inner-preempt {padding:0 8px 4px 8px;} .battle-log .inner-after {margin-top:0.5em;} .battle-log h2 {margin:0.5em -8px;padding:4px 8px;border:1px solid #AAAAAA;background:#E0E7EA;border-left:0;border-right:0;font-family:Verdana, sans-serif;font-size:13pt;} .battle-log .chat {vertical-align:middle;padding:3px 0 3px 0;font-size:8pt;} .battle-log .chat strong {color:#40576A;} .battle-log .chat em {padding:1px 4px 1px 3px;color:#000000;font-style:normal;} .chat.mine {background:rgba(0,0,0,0.05);margin-left:-8px;margin-right:-8px;padding-left:8px;padding-right:8px;} .spoiler {color:#BBBBBB;background:#BBBBBB;padding:0px 3px;} .spoiler:hover, .spoiler:active, .spoiler-shown {color:#000000;background:#E2E2E2;padding:0px 3px;} .spoiler a {color:#BBBBBB;} .spoiler:hover a, .spoiler:active a, .spoiler-shown a {color:#2288CC;} .chat code, .chat .spoiler:hover code, .chat .spoiler:active code, .chat .spoiler-shown code {border:1px solid #C0C0C0;background:#EEEEEE;color:black;padding:0 2px;} .chat .spoiler code {border:1px solid #CCCCCC;background:#CCCCCC;color:#CCCCCC;} .battle-log .rated {padding:3px 4px;} .battle-log .rated strong {color:white;background:#89A;padding:1px 4px;border-radius:4px;} .spacer {margin-top:0.5em;} .message-announce {background:#6688AA;color:white;padding:1px 4px 2px;} .message-announce a, .broadcast-green a, .broadcast-blue a, .broadcast-red a {color:#DDEEFF;} .broadcast-green {background-color:#559955;color:white;padding:2px 4px;} .broadcast-blue {background-color:#6688AA;color:white;padding:2px 4px;} .infobox {border:1px solid #6688AA;padding:2px 4px;} .infobox-limited {max-height:200px;overflow:auto;overflow-x:hidden;} .broadcast-red {background-color:#AA5544;color:white;padding:2px 4px;} .message-learn-canlearn {font-weight:bold;color:#228822;text-decoration:underline;} .message-learn-cannotlearn {font-weight:bold;color:#CC2222;text-decoration:underline;} .message-effect-weak {font-weight:bold;color:#CC2222;} .message-effect-resist {font-weight:bold;color:#6688AA;} .message-effect-immune {font-weight:bold;color:#666666;} .message-learn-list {margin-top:0;margin-bottom:0;} .message-throttle-notice, .message-error {color:#992222;} .message-overflow, .chat small.message-overflow {font-size:0pt;} .message-overflow::before {font-size:9pt;content:'...';} .subtle {color:#3A4A66;}
</style>
<div class="wrapper replay-wrapper" style="max-width:1180px;margin:0 auto">
<input type="hidden" name="replayid" value="destiny-ou-462294" />
<div class="battle"></div><div class="battle-log"></div><div class="replay-controls"></div><div class="replay-controls-2"></div>
<h1 style="font-weight:normal;text-align:center"><strong>OU</strong><br /><a href="http://pokemonshowdown.com/users/imyeray" class="subtle" target="_blank">Im Yeray</a> vs. <a href="http://pokemonshowdown.com/users/divineresonance" class="subtle" target="_blank">Divine Resonance</a></h1>
<script type="text/plain" class="battle-log-data">|player|p1|Im Yeray|2
|teamsize|p1|6
|player|p2|Divine Resonance|falltopieces-3.gif?9c763630
|teamsize|p2|6
|teamsize|p1|6
|teamsize|p2|6
|gametype|singles
|gen|7
|tier|OU
|seed|47844,26379,64501,10502
|rule|Cláusula-Mod de Dormir: solo puedes dormir a uno de tus oponentes a la vez.
|rule|Cláusula de Especie: Hasta un Pokémon de cada especie
|rule|Cláusula de Golpe Fulminante: los movimientos fulminantes (OHKO) estan prohibidos
|rule|Cláusula de Veleta: la habilidad Veleta está prohibida
|rule|Cláusula de Movimientos Evasivos: los movimientos de Evasión están prohibidos.
|rule|Cláusula de Batallas Eternas: forzar batallas eternas está prohibido
|clearpoke
|poke|p1|Liepard, F|item
|poke|p1|Mesprit|item
|poke|p1|Ludicolo, M|item
|poke|p1|Omastar, F|item
|poke|p1|Kabutops, M|item
|poke|p1|Garbodor, M|item
|poke|p2|Clefable, F|item
|poke|p2|Lucario, F|item
|poke|p2|Salamence, F|item
|poke|p2|Cottonee, L1, F|item
|poke|p2|Greninja, M|item
|poke|p2|Poochyena, F|item
|teampreview|undefined
|choice|*|*team 423156
|choice|*team 623451|*
|choice|team 6, 2, 3, 4, 5, 1|team 4, 2, 3, 1, 5, 6
|
|start
|switch|p1a: Garbodor|Garbodor, M|315\/315
|switch|p2a: Cottonee|Cottonee, L1, F|12\/12
|turn|1
|choice|*move 3|*
|choice|*|*move 1
|choice|*move 1|*
|choice|move spikes|move endeavor
|
|move|p1a: Garbodor|Spikes|p2a: Cottonee
|-sidestart|p2: Divine Resonance|Spikes
|move|p2a: Cottonee|Endeavor|p1a: Garbodor
|-damage|p1a: Garbodor|12\/315
|-damage|p2a: Cottonee|10\/12|[from] item: Rocky Helmet|[of] p1a: Garbodor
|
|upkeep
|turn|2
|choice|*move 1|*
|choice|*|*move 2
|choice|move spikes|move leechseed
|
|move|p2a: Cottonee|Leech Seed|p1a: Garbodor
|-start|p1a: Garbodor|move: Leech Seed
|move|p1a: Garbodor|Spikes|p2a: Cottonee
|-sidestart|p2: Divine Resonance|Spikes
|
|-damage|p1a: Garbodor|0 fnt|[from] Leech Seed|[of] p2a: Cottonee
|-heal|p2a: Cottonee|12\/12|[silent]
|upkeep
|faint|p1a: Garbodor
|choice|*switch 6|*
|choice|switch 6|
|
|switch|p1a: Liepard|Liepard, F|332\/332
|turn|3
|choice|*|*move 3
|choice|*move 4|*
|choice|move encore|move protect
|
|move|p2a: Cottonee|Protect|p2a: Cottonee
|-singleturn|p2a: Cottonee|Protect
|move|p1a: Liepard|Encore|p2a: Cottonee
|-activate|p2a: Cottonee|move: Protect
|
|upkeep
|turn|4
|choice|*move 4|*
|choice|*|*switch 6
|choice|move encore|switch 6
|
|switch|p2a: Poochyena|Poochyena, F|274\/274
|-damage|p2a: Poochyena|229\/274|[from] Spikes
|move|p1a: Liepard|Encore|p2a: Poochyena
|-immune|p2a: Poochyena|[msg]
|
|upkeep
|turn|5
|choice|*|*move 2
|choice|*move 3|*
|choice|move uturn|move superfang
|
|move|p1a: Liepard|U-turn|p2a: Poochyena
|-supereffective|p2a: Poochyena
|-damage|p2a: Poochyena|105\/274
|choice|*switch 2|*
|choice|switch 2|
|
|switch|p1a: Mesprit|Mesprit|364\/364|[from]move: U-turn
|move|p2a: Poochyena|Super Fang|p1a: Mesprit
|-damage|p1a: Mesprit|182\/364
|
|upkeep
|turn|6
|choice|*move 4|*
|choice|*|*switch 6
|choice|move stealthrock|switch 6
|
|switch|p2a: Cottonee|Cottonee, L1, F|12\/12
|-damage|p2a: Cottonee|10\/12|[from] Spikes
|move|p1a: Mesprit|Stealth Rock|p2a: Cottonee
|-sidestart|p2: Divine Resonance|move: Stealth Rock
|
|upkeep
|turn|7
|choice|*move 3|*
|choice|*|*move 4
|choice|move uturn|move defog
|
|move|p2a: Cottonee|Defog|p1a: Mesprit
|-unboost|p1a: Mesprit|evasion|1
|-sideend|p2: Divine Resonance|Spikes|[from] move: Defog|[of] p2a: Cottonee
|-sideend|p2: Divine Resonance|Stealth Rock|[from] move: Defog|[of] p2a: Cottonee
|move|p1a: Mesprit|U-turn|p2a: Cottonee
|-damage|p2a: Cottonee|0 fnt
|faint|p2a: Cottonee
|choice|*switch 2|*
|choice|switch 2|
|
|switch|p1a: Liepard|Liepard, F|332\/332|[from]move: U-turn
|
|upkeep
|choice|*|*switch 6
|choice||switch 6
|
|switch|p2a: Poochyena|Poochyena, F|105\/274
|turn|8
|choice|*|*move 3
|choice|*move 3|*
|choice|move uturn|move suckerpunch
|
|move|p2a: Poochyena|Sucker Punch|p1a: Liepard
|-resisted|p1a: Liepard
|-damage|p1a: Liepard|285\/332
|move|p1a: Liepard|U-turn|p2a: Poochyena
|-supereffective|p2a: Poochyena
|-crit|p2a: Poochyena
|-damage|p2a: Poochyena|0 fnt
|faint|p2a: Poochyena
|choice|*switch 2|*
|choice|switch 2|
|
|switch|p1a: Mesprit|Mesprit|182\/364|[from]move: U-turn
|
|upkeep
|choice|*|*switch 3
|choice||switch 3
|
|switch|p2a: Salamence|Salamence, F|331\/331
|turn|9
|choice|*|*move 4 zmove
|choice|*move 4|*
|choice|move stealthrock|move fly zmove
|
|-zpower|p2a: Salamence
|move|p2a: Salamence|Supersonic Skystrike|p1a: Mesprit|[zeffect]
|-damage|p1a: Mesprit|0 fnt
|faint|p1a: Mesprit
|-ability|p2a: Salamence|Moxie|boost
|-boost|p2a: Salamence|atk|1
|
|upkeep
|choice|*switch 2|*
|choice|switch 2|
|
|switch|p1a: Liepard|Liepard, F|285\/332
|turn|10
|choice|*move 1|*
|choice|*|*move 2
|choice|move raindance|move dragonclaw
|
|move|p1a: Liepard|Rain Dance|p1a: Liepard
|-weather|RainDance
|move|p2a: Salamence|Dragon Claw|p1a: Liepard
|-damage|p1a: Liepard|0 fnt
|faint|p1a: Liepard
|-ability|p2a: Salamence|Moxie|boost
|-boost|p2a: Salamence|atk|1
|
|-weather|RainDance|[upkeep]
|upkeep
|choice|*switch 3|*
|choice|switch 3|
|
|switch|p1a: Ludicolo|Ludicolo, M|299\/299
|turn|11
|choice|*|*move 4
|choice|*move 3|*
|choice|move icebeam|move fly
|
|move|p1a: Ludicolo|Ice Beam|p2a: Salamence
|-supereffective|p2a: Salamence
|-damage|p2a: Salamence|0 fnt
|-damage|p1a: Ludicolo|270\/299|[from] item: Life Orb
|faint|p2a: Salamence
|
|-weather|RainDance|[upkeep]
|upkeep
|choice|*|*switch 5
|choice||switch 5
|
|switch|p2a: Greninja|Greninja, M|285\/285
|turn|12
|choice|*|*switch 2
|choice|*move 2|*
|choice|move gigadrain|switch 2
|
|switch|p2a: Lucario|Lucario, F|281\/281
|move|p1a: Ludicolo|Giga Drain|p2a: Lucario
|-resisted|p2a: Lucario
|-damage|p2a: Lucario|189\/281
|-heal|p1a: Ludicolo|299\/299|[from] drain|[of] p2a: Lucario
|-damage|p1a: Ludicolo|270\/299|[from] item: Life Orb
|
|-weather|RainDance|[upkeep]
|upkeep
|turn|13
|choice|*move 1|*
|choice|*|*switch 2
|choice|move hydropump|switch 2
|
|switch|p2a: Greninja|Greninja, M|285\/285
|move|p1a: Ludicolo|Hydro Pump|p2a: Greninja
|-resisted|p2a: Greninja
|-damage|p2a: Greninja|104\/285
|-damage|p1a: Ludicolo|241\/299|[from] item: Life Orb
|
|-weather|RainDance|[upkeep]
|upkeep
|turn|14
|choice|*move 2|*
|choice|*|*move 3
|choice|move gigadrain|move watershuriken
|
|move|p2a: Greninja|Water Shuriken|p1a: Ludicolo
|-start|p2a: Greninja|typechange|Water|[from] Protean
|-resisted|p1a: Ludicolo
|-damage|p1a: Ludicolo|232\/299
|-resisted|p1a: Ludicolo
|-damage|p1a: Ludicolo|224\/299
|-hitcount|p1a: Ludicolo|2
|move|p1a: Ludicolo|Giga Drain|p2a: Greninja
|-supereffective|p2a: Greninja
|-damage|p2a: Greninja|0 fnt
|-heal|p1a: Ludicolo|276\/299|[from] drain|[of] p2a: Greninja
|-damage|p1a: Ludicolo|247\/299|[from] item: Life Orb
|faint|p2a: Greninja
|
|-weather|RainDance|[upkeep]
|upkeep
|choice|*|*switch 2
|choice||switch 2
|
|switch|p2a: Lucario|Lucario, F|189\/281
|turn|15
|choice|*|*move 2
|c|☆Im Yeray|easy uwu
|choice|*move 1|*
|choice|move hydropump|move extremespeed
|
|move|p2a: Lucario|Extreme Speed|p1a: Ludicolo
|-damage|p1a: Ludicolo|103\/299
|-damage|p2a: Lucario|161\/281|[from] item: Life Orb
|move|p1a: Ludicolo|Hydro Pump|p2a: Lucario
|-damage|p2a: Lucario|0 fnt
|-damage|p1a: Ludicolo|74\/299|[from] item: Life Orb
|faint|p2a: Lucario
|
|-weather|RainDance|[upkeep]
|upkeep
|choice|*|*switch 4
|choice||switch 4
|
|switch|p2a: Clefable|Clefable, F|394\/394
|turn|16
|choice|*|*move 2
|choice|*move 1|*
|choice|move hydropump|move softboiled
|
|move|p1a: Ludicolo|Hydro Pump|p2a: Clefable
|-crit|p2a: Clefable
|-damage|p2a: Clefable|3\/394
|-damage|p1a: Ludicolo|45\/299|[from] item: Life Orb
|move|p2a: Clefable|Soft-Boiled|p2a: Clefable
|-heal|p2a: Clefable|200\/394
|
|-weather|RainDance|[upkeep]
|-heal|p2a: Clefable|224\/394|[from] item: Leftovers
|upkeep
|turn|17
|choice|*move 1|*
|choice|*|*move 2
|choice|move hydropump|move softboiled
|
|move|p1a: Ludicolo|Hydro Pump|p2a: Clefable
|-damage|p2a: Clefable|0 fnt
|-damage|p1a: Ludicolo|16\/299|[from] item: Life Orb
|faint|p2a: Clefable
|
|win|Im Yeray
|c|☆Divine Resonance|que buen crit
|c|☆Im Yeray|No importaba
|c|☆Divine Resonance|los crits nunca importan
|c|☆Im Yeray|Al menos que fuera el ignorante
|c|☆Im Yeray|uwu
</script>
</div>
<div class="battle-log battle-log-inline"><div class="inner"><div class="battle-options"></div><div class="inner"><div class=""><small>Format:</small> <br><strong>OU</strong></div><div class=""><small><em>Cláusula-Mod de Dormir:</em> solo puedes dormir a uno de tus oponentes a la vez.</small></div><div class=""><small><em>Cláusula de Especie:</em> Hasta un Pokémon de cada especie</small></div><div class=""><small><em>Cláusula de Golpe Fulminante:</em> los movimientos fulminantes (OHKO) estan prohibidos</small></div><div class=""><small><em>Cláusula de Veleta:</em> la habilidad Veleta está prohibida</small></div><div class=""><small><em>Cláusula de Movimientos Evasivos:</em> los movimientos de Evasión están prohibidos.</small></div><div class=""><small><em>Cláusula de Batallas Eternas:</em> forzar batallas eternas está prohibido</small></div><div class="chat battle-history"><strong>Im Yeray's team:</strong> <em style="color:#445566;display:block;">Liepard / Mesprit / Ludicolo / Omastar / Kabutops / Garbodor</em></div><div class="chat battle-history"><strong>Divine Resonance's team:</strong> <em style="color:#445566;display:block;">Clefable / Lucario / Salamence / Cottonee / Greninja / Poochyena</em></div><div class="spacer battle-history"><br></div><div class="battle-history">Battle started between Im Yeray and Divine Resonance!<br></div><div class="spacer battle-history"><br></div><div class="battle-history">Go! <strong>Garbodor</strong>!<br></div><div class="spacer battle-history"><br></div><div class="battle-history">Divine Resonance sent out <strong>Cottonee</strong>!<br></div><div class="spacer battle-history"><br></div><h2 class="battle-history">Turn 1</h2><div class="spacer battle-history"><br></div><div class="battle-history">Garbodor used <strong>Spikes</strong>!<br></div><div class="battle-history"><small>Spikes were scattered on the ground all around the opposing team!</small><br></div><div class="spacer battle-history"><br></div><div class="battle-history">The opposing Cottonee used <strong>Endeavor</strong>!<br></div><div class="battle-history"><small>(Garbodor lost <abbr title="−303/315">96.2%</abbr> of its health!)</small><br></div><div class="battle-history"><small>The opposing Cottonee was hurt by the Rocky Helmet!</small><br></div><div class="spacer battle-history"><br></div><h2 class="battle-history">Turn 2</h2><div class="spacer battle-history"><br></div><div class="battle-history">The opposing Cottonee used <strong>Leech Seed</strong>!<br></div><div class="battle-history"><small>Garbodor was seeded!</small><br></div><div class="spacer battle-history"><br></div><div class="battle-history">Garbodor used <strong>Spikes</strong>!<br></div><div class="battle-history"><small>Spikes were scattered on the ground all around the opposing team!</small><br></div><div class="spacer battle-history"><br></div><div class="battle-history"><small>Garbodor's health is sapped by Leech Seed!</small><br></div><div class="spacer battle-history"><br></div><div class="battle-history">Garbodor fainted!<br></div><div class="spacer battle-history"><br></div><div class="battle-history">Go! <strong>Liepard</strong>!<br></div><div class="spacer battle-history"><br></div><h2 class="battle-history">Turn 3</h2><div class="spacer battle-history"><br></div><div class="battle-history">The opposing Cottonee used <strong>Protect</strong>!<br></div><div class="battle-history"><small>The opposing Cottonee protected itself!</small><br></div><div class="spacer battle-history"><br></div><div class="battle-history">Liepard used <strong>Encore</strong>!<br></div><div class="battle-history"><small>The opposing Cottonee protected itself!</small><br></div><div class="spacer battle-history"><br></div><h2 class="battle-history">Turn 4</h2><div class="spacer battle-history"><br></div><div class="battle-history">Divine Resonance withdrew Cottonee!<br></div><div class="battle-history">Divine Resonance sent out <strong>Poochyena</strong>!<br></div><div class="battle-history"><small>The opposing Poochyena is hurt by the spikes!</small><br></div><div class="spacer battle-history"><br></div><div class="battle-history">Liepard used <strong>Encore</strong>!<br></div><div class="battle-history"><small>It doesn't affect the opposing Poochyena...</small><br></div><div class="spacer battle-history"><br></div><h2 class="battle-history">Turn 5</h2><div class="spacer battle-history"><br></div><div class="battle-history">Liepard used <strong>U-turn</strong>!<br></div><div class="battle-history"><small>It's super effective!</small><br></div><div class="battle-history"><small>(The opposing Poochyena lost <abbr title="−124/274">45.3%</abbr> of its health!)</small><br></div><div class="spacer battle-history"><br></div><div class="battle-history">Liepard went back to Im Yeray!<br></div><div class="battle-history">Go! <strong>Mesprit</strong>!<br></div><div class="spacer battle-history"><br></div><div class="battle-history">The opposing Poochyena used <strong>Super Fang</strong>!<br></div><div class="battle-history"><small>(Mesprit lost <abbr title="−182/364">50%</abbr> of its health!)</small><br></div><div class="spacer battle-history"><br></div><h2 class="battle-history">Turn 6</h2><div class="spacer battle-history"><br></div><div class="battle-history">Divine Resonance withdrew Poochyena!<br></div><div class="battle-history">Divine Resonance sent out <strong>Cottonee</strong>!<br></div><div class="battle-history"><small>The opposing Cottonee is hurt by the spikes!</small><br></div><div class="spacer battle-history"><br></div><div class="battle-history">Mesprit used <strong>Stealth Rock</strong>!<br></div><div class="battle-history"><small>Pointed stones float in the air around the opposing team!</small><br></div><div class="spacer battle-history"><br></div><h2 class="battle-history">Turn 7</h2><div class="spacer battle-history"><br></div><div class="battle-history">The opposing Cottonee used <strong>Defog</strong>!<br></div><div class="battle-history"><small>Mesprit's evasiveness fell!</small><br></div><div class="battle-history"><small>The spikes disappeared from the ground around the opposing team!</small><br></div><div class="battle-history"><small>The pointed stones disappeared from around the opposing team!</small><br></div><div class="spacer battle-history"><br></div><div class="battle-history">Mesprit used <strong>U-turn</strong>!<br></div><div class="battle-history"><small>(The opposing Cottonee lost <abbr title="−10/12">83.3%</abbr> of its health!)</small><br></div><div class="spacer battle-history"><br></div><div class="battle-history">The opposing Cottonee fainted!<br></div><div class="spacer battle-history"><br></div><div class="battle-history">Mesprit went back to Im Yeray!<br></div><div class="battle-history">Go! <strong>Liepard</strong>!<br></div><div class="spacer battle-history"><br></div><div class="battle-history">Divine Resonance sent out <strong>Poochyena</strong>!<br></div><div class="spacer battle-history"><br></div><h2 class="battle-history">Turn 8</h2><div class="spacer battle-history"><br></div><div class="battle-history">The opposing Poochyena used <strong>Sucker Punch</strong>!<br></div><div class="battle-history"><small>It's not very effective...</small><br></div><div class="battle-history"><small>(Liepard lost <abbr title="−47/332">14.2%</abbr> of its health!)</small><br></div><div class="spacer battle-history"><br></div><div class="battle-history">Liepard used <strong>U-turn</strong>!<br></div><div class="battle-history"><small>It's super effective!</small><br></div><div class="battle-history"><small>A critical hit!</small><br></div><div class="battle-history"><small>(The opposing Poochyena lost <abbr title="−105/274">38.3%</abbr> of its health!)</small><br></div><div class="spacer battle-history"><br></div><div class="battle-history">The opposing Poochyena fainted!<br></div><div class="spacer battle-history"><br></div><div class="battle-history">Liepard went back to Im Yeray!<br></div><div class="battle-history">Go! <strong>Mesprit</strong>!<br></div><div class="spacer battle-history"><br></div><div class="battle-history">Divine Resonance sent out <strong>Salamence</strong>!<br></div><div class="spacer battle-history"><br></div><h2 class="battle-history">Turn 9</h2><div class="spacer battle-history"><br></div><div class="battle-history"><small>The opposing Salamence surrounded itself with its Z-Power!</small><br></div><div class="spacer battle-history"><br></div><div class="battle-history">The opposing Salamence used <strong>Supersonic Skystrike</strong>!<br></div><div class="battle-history"><small>(Mesprit lost <abbr title="−182/364">50%</abbr> of its health!)</small><br></div><div class="spacer battle-history"><br></div><div class="battle-history">Mesprit fainted!<br></div><div class="battle-history"><small>[The opposing Salamence's Moxie]</small><br></div><div class="battle-history"><small>The opposing Salamence's Attack rose!</small><br></div><div class="spacer battle-history"><br></div><div class="battle-history">Go! <strong>Liepard</strong>!<br></div><div class="spacer battle-history"><br></div><h2 class="battle-history">Turn 10</h2><div class="spacer battle-history"><br></div><div class="battle-history">Liepard used <strong>Rain Dance</strong>!<br></div><div class="battle-history"><small>It started to rain!</small><br></div><div class="spacer battle-history"><br></div><div class="battle-history">The opposing Salamence used <strong>Dragon Claw</strong>!<br></div><div class="battle-history"><small>(Liepard lost <abbr title="−285/332">85.8%</abbr> of its health!)</small><br></div><div class="spacer battle-history"><br></div><div class="battle-history">Liepard fainted!<br></div><div class="battle-history"><small>[The opposing Salamence's Moxie]</small><br></div><div class="battle-history"><small>The opposing Salamence's Attack rose!</small><br></div><div class="spacer battle-history"><br></div><div class="battle-history"><small>(Rain continues to fall!)</small><br></div><div class="spacer battle-history"><br></div><div class="battle-history">Go! <strong>Ludicolo</strong>!<br></div><div class="spacer battle-history"><br></div><h2 class="battle-history">Turn 11</h2><div class="spacer battle-history"><br></div><div class="battle-history">Ludicolo used <strong>Ice Beam</strong>!<br></div><div class="battle-history"><small>It's super effective!</small><br></div><div class="battle-history"><small>(The opposing Salamence lost <abbr title="−331/331">100%</abbr> of its health!)</small><br></div><div class="battle-history"><small>Ludicolo lost some of its HP!</small><br></div><div class="spacer battle-history"><br></div><div class="battle-history">The opposing Salamence fainted!<br></div><div class="spacer battle-history"><br></div><div class="battle-history"><small>(Rain continues to fall!)</small><br></div><div class="spacer battle-history"><br></div><div class="battle-history">Divine Resonance sent out <strong>Greninja</strong>!<br></div><div class="spacer battle-history"><br></div><h2 class="battle-history">Turn 12</h2><div class="spacer battle-history"><br></div><div class="battle-history">Divine Resonance withdrew Greninja!<br></div><div class="battle-history">Divine Resonance sent out <strong>Lucario</strong>!<br></div><div class="spacer battle-history"><br></div><div class="battle-history">Ludicolo used <strong>Giga Drain</strong>!<br></div><div class="battle-history"><small>It's not very effective...</small><br></div><div class="battle-history"><small>(The opposing Lucario lost <abbr title="−92/281">32.7%</abbr> of its health!)</small><br></div><div class="battle-history"><small>The opposing Lucario had its energy drained!</small><br></div><div class="battle-history"><small>Ludicolo lost some of its HP!</small><br></div><div class="spacer battle-history"><br></div><div class="battle-history"><small>(Rain continues to fall!)</small><br></div><div class="spacer battle-history"><br></div><h2 class="battle-history">Turn 13</h2><div class="spacer battle-history"><br></div><div class="battle-history">Divine Resonance withdrew Lucario!<br></div><div class="battle-history">Divine Resonance sent out <strong>Greninja</strong>!<br></div><div class="spacer battle-history"><br></div><div class="battle-history">Ludicolo used <strong>Hydro Pump</strong>!<br></div><div class="battle-history"><small>It's not very effective...</small><br></div><div class="battle-history"><small>(The opposing Greninja lost <abbr title="−181/285">63.5%</abbr> of its health!)</small><br></div><div class="battle-history"><small>Ludicolo lost some of its HP!</small><br></div><div class="spacer battle-history"><br></div><div class="battle-history"><small>(Rain continues to fall!)</small><br></div><div class="spacer battle-history"><br></div><h2 class="battle-history">Turn 14</h2><div class="spacer battle-history"><br></div><div class="battle-history">The opposing Greninja used <strong>Water Shuriken</strong>!<br></div><div class="spacer battle-history"><br></div><div class="battle-history"><small>[The opposing Greninja's Protean]</small><br><small>The opposing Greninja transformed into the Water type!</small><br></div><div class="battle-history"><small>It's not very effective...</small><br></div><div class="battle-history"><small>(Ludicolo lost <abbr title="−9/299">3.0%</abbr> of its health!)</small><br></div><div class="battle-history"><small>It's not very effective...</small><br></div><div class="battle-history"><small>(Ludicolo lost <abbr title="−8/299">2.7%</abbr> of its health!)</small><br></div><div class="battle-history"><small>Hit 2 times!</small><br></div><div class="spacer battle-history"><br></div><div class="battle-history">Ludicolo used <strong>Giga Drain</strong>!<br></div><div class="battle-history"><small>It's super effective!</small><br></div><div class="battle-history"><small>(The opposing Greninja lost <abbr title="−104/285">36.5%</abbr> of its health!)</small><br></div><div class="battle-history"><small>The opposing Greninja had its energy drained!</small><br></div><div class="battle-history"><small>Ludicolo lost some of its HP!</small><br></div><div class="spacer battle-history"><br></div><div class="battle-history">The opposing Greninja fainted!<br></div><div class="spacer battle-history"><br></div><div class="battle-history"><small>(Rain continues to fall!)</small><br></div><div class="spacer battle-history"><br></div><div class="battle-history">Divine Resonance sent out <strong>Lucario</strong>!<br></div><div class="spacer battle-history"><br></div><h2 class="battle-history">Turn 15</h2><div class="chat chatmessage-imyeray"><strong style="color:hsl(145,69%,38.361347166523494%)"><small>☆</small><span class="username" data-name="Im Yeray">Im Yeray</span>:</strong> <em>easy uwu</em></div><div class="spacer battle-history"><br></div><div class="battle-history">The opposing Lucario used <strong>Extreme Speed</strong>!<br></div><div class="battle-history"><small>(Ludicolo lost <abbr title="−144/299">48.2%</abbr> of its health!)</small><br></div><div class="battle-history"><small>The opposing Lucario lost some of its HP!</small><br></div><div class="spacer battle-history"><br></div><div class="battle-history">Ludicolo used <strong>Hydro Pump</strong>!<br></div><div class="battle-history"><small>(The opposing Lucario lost <abbr title="−161/281">57.3%</abbr> of its health!)</small><br></div><div class="battle-history"><small>Ludicolo lost some of its HP!</small><br></div><div class="spacer battle-history"><br></div><div class="battle-history">The opposing Lucario fainted!<br></div><div class="spacer battle-history"><br></div><div class="battle-history"><small>(Rain continues to fall!)</small><br></div><div class="spacer battle-history"><br></div><div class="battle-history">Divine Resonance sent out <strong>Clefable</strong>!<br></div><div class="spacer battle-history"><br></div><h2 class="battle-history">Turn 16</h2><div class="spacer battle-history"><br></div><div class="battle-history">Ludicolo used <strong>Hydro Pump</strong>!<br></div><div class="battle-history"><small>A critical hit!</small><br></div><div class="battle-history"><small>(The opposing Clefable lost <abbr title="−391/394">99.2%</abbr> of its health!)</small><br></div><div class="battle-history"><small>Ludicolo lost some of its HP!</small><br></div><div class="spacer battle-history"><br></div><div class="battle-history">The opposing Clefable used <strong>Soft-Boiled</strong>!<br></div><div class="battle-history"><small>The opposing Clefable restored its HP.</small><br></div><div class="spacer battle-history"><br></div><div class="battle-history"><small>(Rain continues to fall!)</small><br></div><div class="battle-history"><small>The opposing Clefable restored a little HP using its Leftovers!</small><br></div><div class="spacer battle-history"><br></div><h2 class="battle-history">Turn 17</h2><div class="spacer battle-history"><br></div><div class="battle-history">Ludicolo used <strong>Hydro Pump</strong>!<br></div><div class="battle-history"><small>(The opposing Clefable lost <abbr title="−224/394">56.9%</abbr> of its health!)</small><br></div><div class="battle-history"><small>Ludicolo lost some of its HP!</small><br></div><div class="spacer battle-history"><br></div><div class="battle-history">The opposing Clefable fainted!<br></div><div class="spacer battle-history"><br></div><div class="battle-history"><strong>Im Yeray</strong> won the battle!<br></div><div class="chat chatmessage-divineresonance"><strong style="color:hsl(284,62%,51.97024370003312%)"><small>☆</small><span class="username" data-name="Divine Resonance">Divine Resonance</span>:</strong> <em>que buen crit</em></div><div class="chat chatmessage-imyeray"><strong style="color:hsl(145,69%,38.361347166523494%)"><small>☆</small><span class="username" data-name="Im Yeray">Im Yeray</span>:</strong> <em>No importaba</em></div><div class="chat chatmessage-divineresonance"><strong style="color:hsl(284,62%,51.97024370003312%)"><small>☆</small><span class="username" data-name="Divine Resonance">Divine Resonance</span>:</strong> <em>los crits nunca importan</em></div><div class="chat chatmessage-imyeray"><strong style="color:hsl(145,69%,38.361347166523494%)"><small>☆</small><span class="username" data-name="Im Yeray">Im Yeray</span>:</strong> <em>Al menos que fuera el ignorante</em></div><div class="chat chatmessage-imyeray"><strong style="color:hsl(145,69%,38.361347166523494%)"><small>☆</small><span class="username" data-name="Im Yeray">Im Yeray</span>:</strong> <em>uwu</em></div></div><div class="inner-preempt"></div></div></div>
</div>
<script>
let daily = Math.floor(Date.now()/1000/60/60/24);document.write('<script src="https://play.pokemonshowdown.com/js/replay-embed.js?version'+daily+'"></'+'script>');
</script>
