<!DOCTYPE html>
<meta charset="utf-8" />
<!-- version 1 -->
<title>OU replay: DanielDL vs. Ds90</title>
<style>
html,body {font-family:Verdana, sans-serif;font-size:10pt;margin:0;padding:0;}body{padding:12px 0;} .battle-log {font-family:Verdana, sans-serif;font-size:10pt;} .battle-log-inline {border:1px solid #AAAAAA;background:#EEF2F5;color:black;max-width:640px;margin:0 auto 80px;padding-bottom:5px;} .battle-log .inner {padding:4px 8px 0px 8px;} .battle-log .inner-preempt {padding:0 8px 4px 8px;} .battle-log .inner-after {margin-top:0.5em;} .battle-log h2 {margin:0.5em -8px;padding:4px 8px;border:1px solid #AAAAAA;background:#E0E7EA;border-left:0;border-right:0;font-family:Verdana, sans-serif;font-size:13pt;} .battle-log .chat {vertical-align:middle;padding:3px 0 3px 0;font-size:8pt;} .battle-log .chat strong {color:#40576A;} .battle-log .chat em {padding:1px 4px 1px 3px;color:#000000;font-style:normal;} .chat.mine {background:rgba(0,0,0,0.05);margin-left:-8px;margin-right:-8px;padding-left:8px;padding-right:8px;} .spoiler {color:#BBBBBB;background:#BBBBBB;padding:0px 3px;} .spoiler:hover, .spoiler:active, .spoiler-shown {color:#000000;background:#E2E2E2;padding:0px 3px;} .spoiler a {color:#BBBBBB;} .spoiler:hover a, .spoiler:active a, .spoiler-shown a {color:#2288CC;} .chat code, .chat .spoiler:hover code, .chat .spoiler:active code, .chat .spoiler-shown code {border:1px solid #C0C0C0;background:#EEEEEE;color:black;padding:0 2px;} .chat .spoiler code {border:1px solid #CCCCCC;background:#CCCCCC;color:#CCCCCC;} .battle-log .rated {padding:3px 4px;} .battle-log .rated strong {color:white;background:#89A;padding:1px 4px;border-radius:4px;} .spacer {margin-top:0.5em;} .message-announce {background:#6688AA;color:white;padding:1px 4px 2px;} .message-announce a, .broadcast-green a, .broadcast-blue a, .broadcast-red a {color:#DDEEFF;} .broadcast-green {background-color:#559955;color:white;padding:2px 4px;} .broadcast-blue {background-color:#6688AA;color:white;padding:2px 4px;} .infobox {border:1px solid #6688AA;padding:2px 4px;} .infobox-limited {max-height:200px;overflow:auto;overflow-x:hidden;} .broadcast-red {background-color:#AA5544;color:white;padding:2px 4px;} .message-learn-canlearn {font-weight:bold;color:#228822;text-decoration:underline;} .message-learn-cannotlearn {font-weight:bold;color:#CC2222;text-decoration:underline;} .message-effect-weak {font-weight:bold;color:#CC2222;} .message-effect-resist {font-weight:bold;color:#6688AA;} .message-effect-immune {font-weight:bold;color:#666666;} .message-learn-list {margin-top:0;margin-bottom:0;} .message-throttle-notice, .message-error {color:#992222;} .message-overflow, .chat small.message-overflow {font-size:0pt;} .message-overflow::before {font-size:9pt;content:'...';} .subtle {color:#3A4A66;}
</style>
<div class="wrapper replay-wrapper" style="max-width:1180px;margin:0 auto">
<input type="hidden" name="replayid" value="destiny-ou-473808" />
<div class="battle"></div><div class="battle-log"></div><div class="replay-controls"></div><div class="replay-controls-2"></div>
<h1 style="font-weight:normal;text-align:center"><strong>OU</strong><br /><a href="http://pokemonshowdown.com/users/danieldl" class="subtle" target="_blank">DanielDL</a> vs. <a href="http://pokemonshowdown.com/users/ds90" class="subtle" target="_blank">Ds90</a></h1>
<script type="text/plain" class="battle-log-data">|player|p1|DanielDL|danieldl-6.gif?90f8bb7d
|teamsize|p1|6
|player|p2|Ds90|9
|teamsize|p2|6
|teamsize|p1|6
|teamsize|p2|6
|gametype|singles
|gen|7
|tier|OU
|rated
|seed|10240,5345,53265,48380
|rule|Cláusula-Mod de Dormir: solo puedes dormir a uno de tus oponentes a la vez.
|rule|Cláusula de Especie: Hasta un Pokémon de cada especie
|rule|Cláusula de Golpe Fulminante: los movimientos fulminantes (OHKO) estan prohibidos
|rule|Cláusula de Veleta: la habilidad Veleta está prohibida
|rule|Cláusula de Movimientos Evasivos: los movimientos de Evasión están prohibidos.
|rule|Cláusula de Batallas Eternas: forzar batallas eternas está prohibido
|clearpoke
|poke|p1|Tapu Koko|item
|poke|p1|Mew|item
|poke|p1|Tyranitar, M|item
|poke|p1|Medicham, F|item
|poke|p1|Landorus-Therian, M|item
|poke|p1|Amoonguss, M|item
|poke|p2|Landorus-Therian, M|item
|poke|p2|Tapu Koko|item
|poke|p2|Hawlucha, M|item
|poke|p2|Zygarde|item
|poke|p2|Magearna|item
|poke|p2|Gyarados, F|item
|teampreview|undefined
|choice|*|*team 213456
|choice|*team 423156|*
|choice|team 4, 2, 3, 1, 5, 6|team 2, 1, 3, 4, 5, 6
|
|start
|switch|p1a: Medicham|Medicham, F|261\/261
|switch|p2a: Tapu Koko|Tapu Koko|343\/343
|-fieldstart|move: Electric Terrain|[from] ability: Electric Surge|[of] p2a: Tapu Koko
|turn|1
|choice|*move 1 mega|*
|inactive|Reloj de batalla ENCENDIDO. El jugador inactivo será descalificado (solicitado por DanielDL).
|inactive|Ds90 tiene 135 segundos restantes.
|inactiveoff|El cronómetro ha sido APAGADO.
|inactive|Reloj de batalla ENCENDIDO. El jugador inactivo será descalificado (solicitado por DanielDL).
|choice|*|*move 3
|choice|move fakeout mega|move reflect
|
|-mega|p1a: Medicham|Medicham|Medichamite
|detailschange|p1a: Medicham|Medicham-Mega, F
|move|p1a: Medicham|Fake Out|p2a: Tapu Koko
|-damage|p2a: Tapu Koko|259\/343
|cant|p2a: Tapu Koko|flinch
|
|upkeep
|turn|2
|inactiveoff|El cronómetro ha sido APAGADO.
|choice|*|*move 3
|choice|*switch 6|*
|choice|switch 6|move reflect
|
|switch|p1a: Amoonguss|Amoonguss, M|432\/432
|move|p2a: Tapu Koko|Reflect|p2a: Tapu Koko
|-sidestart|p2: Ds90|Reflect
|
|upkeep
|turn|3
|choice|*|*move 2
|choice|*move 4|*
|choice|move stunspore|move taunt
|
|move|p2a: Tapu Koko|Taunt|p1a: Amoonguss
|-start|p1a: Amoonguss|move: Taunt
|cant|p1a: Amoonguss|move: Taunt|Stun Spore
|
|upkeep
|turn|4
|choice|*|*move 4
|choice|*switch 5|*
|choice|switch 5|move lightscreen
|
|switch|p1a: Landorus|Landorus-Therian, M|381\/381
|-ability|p1a: Landorus|Intimidate|boost
|-unboost|p2a: Tapu Koko|atk|1
|move|p2a: Tapu Koko|Light Screen|p2a: Tapu Koko
|-sidestart|p2: Ds90|move: Light Screen
|
|upkeep
|turn|5
|choice|*|*move 1
|choice|*move 2|*
|choice|move uturn|move uturn
|
|move|p1a: Landorus|U-turn|p2a: Tapu Koko
|-resisted|p2a: Tapu Koko
|-damage|p2a: Tapu Koko|237\/343
|choice|*switch 4|*
|choice|switch 4|
|
|switch|p1a: Tapu Koko|Tapu Koko|313\/313|[from]move: U-turn
|move|p2a: Tapu Koko|U-turn|p1a: Tapu Koko
|-resisted|p1a: Tapu Koko
|-damage|p1a: Tapu Koko|289\/313
|choice|*|*switch 4
|choice||switch 4
|
|switch|p2a: Zygarde|Zygarde|404\/404|[from]move: U-turn
|-ability|p2a: Zygarde|Aura Break
|
|-fieldend|move: Electric Terrain
|upkeep
|turn|6
|choice|*move 1|*
|choice|*|*move 2
|choice|move hiddenpower|move dragondance
|
|move|p1a: Tapu Koko|Hidden Power|p2a: Zygarde
|-supereffective|p2a: Zygarde
|-damage|p2a: Zygarde|290\/404
|move|p2a: Zygarde|Dragon Dance|p2a: Zygarde
|-boost|p2a: Zygarde|atk|1
|-boost|p2a: Zygarde|spe|1
|
|upkeep
|turn|7
|choice|*move 1|*
|choice|*|*move 2
|choice|move hiddenpower|move dragondance
|
|move|p2a: Zygarde|Dragon Dance|p2a: Zygarde
|-boost|p2a: Zygarde|atk|1
|-boost|p2a: Zygarde|spe|1
|move|p1a: Tapu Koko|Hidden Power|p2a: Zygarde
|-supereffective|p2a: Zygarde
|-damage|p2a: Zygarde|180\/404
|
|upkeep
|turn|8
|choice|*|*move 1
|choice|*switch 4|*
|choice|switch 4|move substitute
|
|switch|p1a: Landorus|Landorus-Therian, M|381\/381
|-ability|p1a: Landorus|Intimidate|boost
|-unboost|p2a: Zygarde|atk|1
|move|p2a: Zygarde|Substitute|p2a: Zygarde
|-start|p2a: Zygarde|Substitute
|-damage|p2a: Zygarde|79\/404
|-enditem|p2a: Zygarde|Iapapa Berry|[eat]
|-heal|p2a: Zygarde|281\/404|[from] item: Iapapa Berry
|
|upkeep
|turn|9
|choice|*move 3|*
|choice|*|*move 3
|choice|move hiddenpower|move coil
|
|move|p2a: Zygarde|Coil|p2a: Zygarde
|-boost|p2a: Zygarde|atk|1
|-boost|p2a: Zygarde|def|1
|-boost|p2a: Zygarde|accuracy|1
|move|p1a: Landorus|Hidden Power|p2a: Zygarde
|-supereffective|p2a: Zygarde
|-activate|p2a: Zygarde|move: Substitute|[damage]
|
|-sideend|p2: Ds90|Reflect
|upkeep
|turn|10
|choice|*move 3|*
|c|☆Ds90|!data landorus therian
|c|~|\/data-pokemon Landorus-Therian

|c|☆Ds90|!data tapu koko
|c|~|\/data-pokemon Tapu Koko

|c|☆Ds90|lol
|c|☆DanielDL|lol
|c|☆DanielDL|tiene mas spa lando que koko
|choice|*|*move 4
|choice|move hiddenpower|move thousandarrows
|
|move|p2a: Zygarde|Thousand Arrows|p1a: Landorus
|-damage|p1a: Landorus|102\/381
|-start|p1a: Landorus|Smack Down
|move|p1a: Landorus|Hidden Power|p2a: Zygarde
|-supereffective|p2a: Zygarde
|-end|p2a: Zygarde|Substitute
|
|upkeep
|turn|11
|choice|*|*move 4
|c|☆Ds90|yess
|choice|*move 3|*
|choice|move hiddenpower|move thousandarrows
|
|move|p2a: Zygarde|Thousand Arrows|p1a: Landorus
|-damage|p1a: Landorus|0 fnt
|faint|p1a: Landorus
|
|-sideend|p2: Ds90|move: Light Screen
|upkeep
|choice|*switch 2|*
|choice|switch 2|
|
|switch|p1a: Mew|Mew|401\/401
|turn|12
|choice|*move 1|*
|choice|*|*move 4
|choice|move icebeam|move thousandarrows
|
|move|p2a: Zygarde|Thousand Arrows|p1a: Mew
|-damage|p1a: Mew|160\/401
|move|p1a: Mew|Ice Beam|p2a: Zygarde
|-supereffective|p2a: Zygarde
|-damage|p2a: Zygarde|1\/404
|
|-heal|p1a: Mew|185\/401|[from] item: Leftovers
|upkeep
|turn|13
|choice|*|*move 4
|-message|DanielDL se rindió.
|
|win|Ds90
Ds90 ha ganado 9.25 PokeDolares.
|raw|Puntaje de DanielDL: 1323 &rarr; <strong>1286<\/strong><br \/>(-37 por perder)
|raw|Puntaje de Ds90: 1137 &rarr; <strong>1183<\/strong><br \/>(+46 por ganar)
</script>
</div>
<div class="battle-log battle-log-inline"><div class="inner"><div class="battle-options"></div><div class="inner"><div class=""><small>Format:</small> <br><strong>OU</strong></div><div class="rated"><strong>Rated battle</strong></div><div class=""><small><em>Cláusula-Mod de Dormir:</em> solo puedes dormir a uno de tus oponentes a la vez.</small></div><div class=""><small><em>Cláusula de Especie:</em> Hasta un Pokémon de cada especie</small></div><div class=""><small><em>Cláusula de Golpe Fulminante:</em> los movimientos fulminantes (OHKO) estan prohibidos</small></div><div class=""><small><em>Cláusula de Veleta:</em> la habilidad Veleta está prohibida</small></div><div class=""><small><em>Cláusula de Movimientos Evasivos:</em> los movimientos de Evasión están prohibidos.</small></div><div class=""><small><em>Cláusula de Batallas Eternas:</em> forzar batallas eternas está prohibido</small></div><div class="chat battle-history"><strong>DanielDL's team:</strong> <em style="color:#445566;display:block;">Tapu Koko / Mew / Tyranitar / Medicham / Landorus-Therian / Amoonguss</em></div><div class="chat battle-history"><strong>Ds90's team:</strong> <em style="color:#445566;display:block;">Landorus-Therian / Tapu Koko / Hawlucha / Zygarde / Magearna / Gyarados</em></div><div class="spacer battle-history"><br></div><div class="battle-history">Battle started between DanielDL and Ds90!<br></div><div class="spacer battle-history"><br></div><div class="battle-history">Go! <strong>Medicham</strong>!<br></div><div class="spacer battle-history"><br></div><div class="battle-history">Ds90 sent out <strong>Tapu Koko</strong>!<br></div><div class="battle-history"><small>[The opposing Tapu Koko's Electric Surge]</small><br><small>An electric current runs across the battlefield!</small><br></div><div class="spacer battle-history"><br></div><h2 class="battle-history">Turn 1</h2><div class="chat message-error">Reloj de batalla ENCENDIDO. El jugador inactivo será descalificado (solicitado por DanielDL).</div><div class="chat message-error">Ds90 tiene 135 segundos restantes.</div><div class="chat message-error">El cronómetro ha sido APAGADO.</div><div class="chat message-error">Reloj de batalla ENCENDIDO. El jugador inactivo será descalificado (solicitado por DanielDL).</div><div class="spacer battle-history"><br></div><div class="battle-history"><small>Medicham's Medichamite is reacting to the Key Stone!</small><br>Medicham has Mega Evolved into Mega Medicham!<br></div><div class="spacer battle-history"><br></div><div class="battle-history">Medicham used <strong>Fake Out</strong>!<br></div><div class="battle-history"><small>(The opposing Tapu Koko lost <abbr title="−84/343">24.5%</abbr> of its health!)</small><br></div><div class="spacer battle-history"><br></div><div class="battle-history">The opposing Tapu Koko flinched and couldn't move!<br></div><div class="spacer battle-history"><br></div><h2 class="battle-history">Turn 2</h2><div class="chat message-error">El cronómetro ha sido APAGADO.</div><div class="spacer battle-history"><br></div><div class="battle-history">Medicham, come back!<br></div><div class="battle-history">Go! <strong>Amoonguss</strong>!<br></div><div class="spacer battle-history"><br></div><div class="battle-history">The opposing Tapu Koko used <strong>Reflect</strong>!<br></div><div class="battle-history"><small>Reflect made the opposing team stronger against physical moves!</small><br></div><div class="spacer battle-history"><br></div><h2 class="battle-history">Turn 3</h2><div class="spacer battle-history"><br></div><div class="battle-history">The opposing Tapu Koko used <strong>Taunt</strong>!<br></div><div class="battle-history"><small>Amoonguss fell for the taunt!</small><br></div><div class="spacer battle-history"><br></div><div class="battle-history">Amoonguss can't use Stun Spore after the taunt!<br></div><div class="spacer battle-history"><br></div><h2 class="battle-history">Turn 4</h2><div class="spacer battle-history"><br></div><div class="battle-history">Amoonguss, come back!<br></div><div class="battle-history">Go! Landorus (<strong>Landorus-Therian</strong>)!<br></div><div class="battle-history"><small>[Landorus's Intimidate]</small><br></div><div class="battle-history"><small>The opposing Tapu Koko's Attack fell!</small><br></div><div class="spacer battle-history"><br></div><div class="battle-history">The opposing Tapu Koko used <strong>Light Screen</strong>!<br></div><div class="battle-history"><small>Light Screen made the opposing team stronger against special moves!</small><br></div><div class="spacer battle-history"><br></div><h2 class="battle-history">Turn 5</h2><div class="spacer battle-history"><br></div><div class="battle-history">Landorus used <strong>U-turn</strong>!<br></div><div class="battle-history"><small>It's not very effective...</small><br></div><div class="battle-history"><small>(The opposing Tapu Koko lost <abbr title="−22/343">6.4%</abbr> of its health!)</small><br></div><div class="spacer battle-history"><br></div><div class="battle-history">Landorus went back to DanielDL!<br></div><div class="battle-history">Go! <strong>Tapu Koko</strong>!<br></div><div class="spacer battle-history"><br></div><div class="battle-history">The opposing Tapu Koko used <strong>U-turn</strong>!<br></div><div class="battle-history"><small>It's not very effective...</small><br></div><div class="battle-history"><small>(Tapu Koko lost <abbr title="−24/313">7.7%</abbr> of its health!)</small><br></div><div class="spacer battle-history"><br></div><div class="battle-history">The opposing Tapu Koko went back to Ds90!<br></div><div class="battle-history">Ds90 sent out <strong>Zygarde</strong>!<br></div><div class="battle-history"><small>[The opposing Zygarde's Aura Break]</small><br><small>The opposing Zygarde reversed all other Pokémon's auras!</small><br></div><div class="spacer battle-history"><br></div><div class="battle-history"><small>The electricity disappeared from the battlefield.</small><br></div><div class="spacer battle-history"><br></div><h2 class="battle-history">Turn 6</h2><div class="spacer battle-history"><br></div><div class="battle-history">Tapu Koko used <strong>Hidden Power</strong>!<br></div><div class="battle-history"><small>It's super effective!</small><br></div><div class="battle-history"><small>(The opposing Zygarde lost <abbr title="−114/404">28.2%</abbr> of its health!)</small><br></div><div class="spacer battle-history"><br></div><div class="battle-history">The opposing Zygarde used <strong>Dragon Dance</strong>!<br></div><div class="battle-history"><small>The opposing Zygarde's Attack rose!</small><br></div><div class="battle-history"><small>The opposing Zygarde's Speed rose!</small><br></div><div class="spacer battle-history"><br></div><h2 class="battle-history">Turn 7</h2><div class="spacer battle-history"><br></div><div class="battle-history">The opposing Zygarde used <strong>Dragon Dance</strong>!<br></div><div class="battle-history"><small>The opposing Zygarde's Attack rose!</small><br></div><div class="battle-history"><small>The opposing Zygarde's Speed rose!</small><br></div><div class="spacer battle-history"><br></div><div class="battle-history">Tapu Koko used <strong>Hidden Power</strong>!<br></div><div class="battle-history"><small>It's super effective!</small><br></div><div class="battle-history"><small>(The opposing Zygarde lost <abbr title="−110/404">27.2%</abbr> of its health!)</small><br></div><div class="spacer battle-history"><br></div><h2 class="battle-history">Turn 8</h2><div class="spacer battle-history"><br></div><div class="battle-history">Tapu Koko, come back!<br></div><div class="battle-history">Go! Landorus (<strong>Landorus-Therian</strong>)!<br></div><div class="battle-history"><small>[Landorus's Intimidate]</small><br></div><div class="battle-history"><small>The opposing Zygarde's Attack fell!</small><br></div><div class="spacer battle-history"><br></div><div class="battle-history">The opposing Zygarde used <strong>Substitute</strong>!<br></div><div class="battle-history"><small>The opposing Zygarde put in a substitute!</small><br></div><div class="battle-history"><small>(The opposing Zygarde lost <abbr title="−101/404">25%</abbr> of its health!)</small><br></div><div class="battle-history"><small>The opposing Zygarde ate its Iapapa Berry!</small><br></div><div class="battle-history"><small>The opposing Zygarde restored HP using its Iapapa Berry!</small><br></div><div class="spacer battle-history"><br></div><h2 class="battle-history">Turn 9</h2><div class="spacer battle-history"><br></div><div class="battle-history">The opposing Zygarde used <strong>Coil</strong>!<br></div><div class="battle-history"><small>The opposing Zygarde's Attack rose!</small><br></div><div class="battle-history"><small>The opposing Zygarde's Defense rose!</small><br></div><div class="battle-history"><small>The opposing Zygarde's accuracy rose!</small><br></div><div class="spacer battle-history"><br></div><div class="battle-history">Landorus used <strong>Hidden Power</strong>!<br></div><div class="battle-history"><small>It's super effective!</small><br></div><div class="battle-history"><small>The substitute took damage for the opposing Zygarde!</small><br></div><div class="spacer battle-history"><br></div><div class="battle-history"><small>The opposing team's Reflect wore off!</small><br></div><div class="spacer battle-history"><br></div><h2 class="battle-history">Turn 10</h2><div class="chat chatmessage-ds90"><strong style="color:hsl(268,60%,55.0835199837184%)"><small>☆</small><span class="username" data-name="Ds90">Ds90</span>:</strong> <em>!data landorus therian</em></div><div class="chat message-error">[outdated code no longer supported]</div><div class="chat chatmessage-ds90"><strong style="color:hsl(268,60%,55.0835199837184%)"><small>☆</small><span class="username" data-name="Ds90">Ds90</span>:</strong> <em>!data tapu koko</em></div><div class="chat message-error">[outdated code no longer supported]</div><div class="chat chatmessage-ds90"><strong style="color:hsl(268,60%,55.0835199837184%)"><small>☆</small><span class="username" data-name="Ds90">Ds90</span>:</strong> <em>lol</em></div><div class="chat chatmessage-danieldl"><strong style="color:hsl(85,60%,34%)"><small>☆</small><span class="username" data-name="DanielDL">DanielDL</span>:</strong> <em>lol</em></div><div class="chat chatmessage-danieldl"><strong style="color:hsl(85,60%,34%)"><small>☆</small><span class="username" data-name="DanielDL">DanielDL</span>:</strong> <em>tiene mas spa lando que koko</em></div><div class="spacer battle-history"><br></div><div class="battle-history">The opposing Zygarde used <strong>Thousand Arrows</strong>!<br></div><div class="battle-history"><small>(Landorus lost <abbr title="−279/381">73.2%</abbr> of its health!)</small><br></div><div class="battle-history"><small>Landorus fell straight down!</small><br></div><div class="spacer battle-history"><br></div><div class="battle-history">Landorus used <strong>Hidden Power</strong>!<br></div><div class="battle-history"><small>It's super effective!</small><br></div><div class="battle-history"><small>The opposing Zygarde's substitute faded!</small><br></div><div class="spacer battle-history"><br></div><h2 class="battle-history">Turn 11</h2><div class="chat chatmessage-ds90"><strong style="color:hsl(268,60%,55.0835199837184%)"><small>☆</small><span class="username" data-name="Ds90">Ds90</span>:</strong> <em>yess</em></div><div class="spacer battle-history"><br></div><div class="battle-history">The opposing Zygarde used <strong>Thousand Arrows</strong>!<br></div><div class="battle-history"><small>(Landorus lost <abbr title="−102/381">26.8%</abbr> of its health!)</small><br></div><div class="spacer battle-history"><br></div><div class="battle-history">Landorus fainted!<br></div><div class="spacer battle-history"><br></div><div class="battle-history"><small>The opposing team's Light Screen wore off!</small><br></div><div class="spacer battle-history"><br></div><div class="battle-history">Go! <strong>Mew</strong>!<br></div><div class="spacer battle-history"><br></div><h2 class="battle-history">Turn 12</h2><div class="spacer battle-history"><br></div><div class="battle-history">The opposing Zygarde used <strong>Thousand Arrows</strong>!<br></div><div class="battle-history"><small>(Mew lost <abbr title="−241/401">60.1%</abbr> of its health!)</small><br></div><div class="spacer battle-history"><br></div><div class="battle-history">Mew used <strong>Ice Beam</strong>!<br></div><div class="battle-history"><small>It's super effective!</small><br></div><div class="battle-history"><small>(The opposing Zygarde lost <abbr title="−280/404">69.3%</abbr> of its health!)</small><br></div><div class="spacer battle-history"><br></div><div class="battle-history"><small>Mew restored a little HP using its Leftovers!</small><br></div><div class="spacer battle-history"><br></div><h2 class="battle-history">Turn 13</h2><div class="spacer battle-history"><br></div><div class="battle-history"><small>DanielDL se rindió.</small><br></div><div class="spacer battle-history"><br></div><div class="battle-history"><strong>Ds90</strong> won the battle!<br></div><div class="chat">Ds90 ha ganado 9.25 PokeDolares.</div><div class="chat">Puntaje de DanielDL: 1323 → <strong>1286</strong><br>(-37 por perder)</div><div class="chat">Puntaje de Ds90: 1137 → <strong>1183</strong><br>(+46 por ganar)</div></div><div class="inner-preempt"></div></div></div>
</div>
<script>
let daily = Math.floor(Date.now()/1000/60/60/24);document.write('<script src="https://play.pokemonshowdown.com/js/replay-embed.js?version'+daily+'"></'+'script>');
</script>
