<!DOCTYPE html>
<meta charset="utf-8" />
<!-- version 1 -->
<title>OU replay: perrito negro vs. Dragon God Ophis</title>
<style>
html,body {font-family:Verdana, sans-serif;font-size:10pt;margin:0;padding:0;}body{padding:12px 0;} .battle-log {font-family:Verdana, sans-serif;font-size:10pt;} .battle-log-inline {border:1px solid #AAAAAA;background:#EEF2F5;color:black;max-width:640px;margin:0 auto 80px;padding-bottom:5px;} .battle-log .inner {padding:4px 8px 0px 8px;} .battle-log .inner-preempt {padding:0 8px 4px 8px;} .battle-log .inner-after {margin-top:0.5em;} .battle-log h2 {margin:0.5em -8px;padding:4px 8px;border:1px solid #AAAAAA;background:#E0E7EA;border-left:0;border-right:0;font-family:Verdana, sans-serif;font-size:13pt;} .battle-log .chat {vertical-align:middle;padding:3px 0 3px 0;font-size:8pt;} .battle-log .chat strong {color:#40576A;} .battle-log .chat em {padding:1px 4px 1px 3px;color:#000000;font-style:normal;} .chat.mine {background:rgba(0,0,0,0.05);margin-left:-8px;margin-right:-8px;padding-left:8px;padding-right:8px;} .spoiler {color:#BBBBBB;background:#BBBBBB;padding:0px 3px;} .spoiler:hover, .spoiler:active, .spoiler-shown {color:#000000;background:#E2E2E2;padding:0px 3px;} .spoiler a {color:#BBBBBB;} .spoiler:hover a, .spoiler:active a, .spoiler-shown a {color:#2288CC;} .chat code, .chat .spoiler:hover code, .chat .spoiler:active code, .chat .spoiler-shown code {border:1px solid #C0C0C0;background:#EEEEEE;color:black;padding:0 2px;} .chat .spoiler code {border:1px solid #CCCCCC;background:#CCCCCC;color:#CCCCCC;} .battle-log .rated {padding:3px 4px;} .battle-log .rated strong {color:white;background:#89A;padding:1px 4px;border-radius:4px;} .spacer {margin-top:0.5em;} .message-announce {background:#6688AA;color:white;padding:1px 4px 2px;} .message-announce a, .broadcast-green a, .broadcast-blue a, .broadcast-red a {color:#DDEEFF;} .broadcast-green {background-color:#559955;color:white;padding:2px 4px;} .broadcast-blue {background-color:#6688AA;color:white;padding:2px 4px;} .infobox {border:1px solid #6688AA;padding:2px 4px;} .infobox-limited {max-height:200px;overflow:auto;overflow-x:hidden;} .broadcast-red {background-color:#AA5544;color:white;padding:2px 4px;} .message-learn-canlearn {font-weight:bold;color:#228822;text-decoration:underline;} .message-learn-cannotlearn {font-weight:bold;color:#CC2222;text-decoration:underline;} .message-effect-weak {font-weight:bold;color:#CC2222;} .message-effect-resist {font-weight:bold;color:#6688AA;} .message-effect-immune {font-weight:bold;color:#666666;} .message-learn-list {margin-top:0;margin-bottom:0;} .message-throttle-notice, .message-error {color:#992222;} .message-overflow, .chat small.message-overflow {font-size:0pt;} .message-overflow::before {font-size:9pt;content:'...';} .subtle {color:#3A4A66;}
</style>
<div class="wrapper replay-wrapper" style="max-width:1180px;margin:0 auto">
<input type="hidden" name="replayid" value="destiny-ou-470002" />
<div class="battle"></div><div class="battle-log"></div><div class="replay-controls"></div><div class="replay-controls-2"></div>
<h1 style="font-weight:normal;text-align:center"><strong>OU</strong><br /><a href="http://pokemonshowdown.com/users/perritonegro" class="subtle" target="_blank">perrito negro</a> vs. <a href="http://pokemonshowdown.com/users/dragongodophis" class="subtle" target="_blank">Dragon God Ophis</a></h1>
<script type="text/plain" class="battle-log-data">|player|p1|perrito negro|105
|teamsize|p1|6
|player|p2|Dragon God Ophis|246
|teamsize|p2|6
|teamsize|p1|6
|teamsize|p2|6
|gametype|singles
|gen|7
|tier|OU
|rated
|seed|56260,39198,58585,23834
|rule|Cláusula-Mod de Dormir: solo puedes dormir a uno de tus oponentes a la vez.
|rule|Cláusula de Especie: Hasta un Pokémon de cada especie
|rule|Cláusula de Golpe Fulminante: los movimientos fulminantes (OHKO) estan prohibidos
|rule|Cláusula de Veleta: la habilidad Veleta está prohibida
|rule|Cláusula de Movimientos Evasivos: los movimientos de Evasión están prohibidos.
|rule|Cláusula de Batallas Eternas: forzar batallas eternas está prohibido
|clearpoke
|poke|p1|Umbreon, M, shiny|item
|poke|p1|Greninja, M|item
|poke|p1|Landorus-Therian, M|item
|poke|p1|Victini|item
|poke|p1|Skarmory, F|item
|poke|p1|Venusaur, M|item
|poke|p2|Lopunny, F|item
|poke|p2|Blacephalon|item
|poke|p2|Landorus-Therian, M|item
|poke|p2|Magearna|item
|poke|p2|Ferrothorn, F|item
|poke|p2|Crawdaunt, F|item
|teampreview|undefined
|choice|*|*team 321456
|inactive|Reloj de batalla ENCENDIDO. El jugador inactivo será descalificado (solicitado por Dragon God Ophis).
|inactive|perrito negro tiene 135 segundos restantes.
|choice|*team 623451|*
|choice|team 6, 2, 3, 4, 5, 1|team 3, 2, 1, 4, 5, 6
|
|start
|switch|p1a: Venusaur|Venusaur, M|364\/364
|switch|p2a: Landorus|Landorus-Therian, M|319\/319
|-ability|p2a: Landorus|Intimidate|boost
|-unboost|p1a: Venusaur|atk|1
|turn|1
|choice|*|*move 2
|choice|*|*move 2
|choice|*move 3 mega|*
|choice|move knockoff mega|move uturn
|
|-mega|p1a: Venusaur|Venusaur|Venusaurite
|detailschange|p1a: Venusaur|Venusaur-Mega, M
|move|p2a: Landorus|U-turn|p1a: Venusaur
|-damage|p1a: Venusaur|291\/364
|choice|*|*switch 4
|choice||switch 4
|
|switch|p2a: Magearna|Magearna|364\/364|[from]move: U-turn
|move|p1a: Venusaur|Knock Off|p2a: Magearna
|-resisted|p2a: Magearna
|-damage|p2a: Magearna|349\/364
|
|upkeep
|turn|2
|choice|*|*move 4
|choice|*move 2|*
|choice|move leechseed|move flashcannon
|
|move|p1a: Venusaur|Leech Seed|p2a: Magearna
|-start|p2a: Magearna|move: Leech Seed
|move|p2a: Magearna|Flash Cannon|p1a: Venusaur
|-damage|p1a: Venusaur|171\/364
|
|-damage|p2a: Magearna|304\/364|[from] Leech Seed|[of] p1a: Venusaur
|-heal|p1a: Venusaur|216\/364|[silent]
|upkeep
|turn|3
|choice|*|*switch 5
|choice|*move 1|*
|choice|move gigadrain|switch 5
|
|switch|p2a: Ferrothorn|Ferrothorn, F|351\/351
|move|p1a: Venusaur|Giga Drain|p2a: Ferrothorn
|-resisted|p2a: Ferrothorn
|-damage|p2a: Ferrothorn|332\/351
|-heal|p1a: Venusaur|226\/364|[from] drain|[of] p2a: Ferrothorn
|
|-heal|p2a: Ferrothorn|351\/351|[from] item: Leftovers
|upkeep
|turn|4
|choice|*|*move 1
|choice|*switch 4|*
|choice|switch 4|move stealthrock
|
|switch|p1a: Victini|Victini|342\/342
|move|p2a: Ferrothorn|Stealth Rock|p1a: Victini
|-sidestart|p1: perrito negro|move: Stealth Rock
|
|upkeep
|turn|5
|choice|*|*switch 4
|choice|*|*switch 4
|choice|*move 4 zmove|*
|choice|move vcreate zmove|switch 4
|
|switch|p2a: Landorus|Landorus-Therian, M|319\/319
|-ability|p2a: Landorus|Intimidate|boost
|-unboost|p1a: Victini|atk|1
|-zpower|p1a: Victini
|move|p1a: Victini|Inferno Overdrive|p2a: Landorus|[zeffect]
|-damage|p2a: Landorus|76\/319
|
|upkeep
|turn|6
|choice|*|*move 2
|choice|*switch 5|*
|choice|switch 5|move uturn
|
|switch|p1a: Skarmory|Skarmory, F|271\/271
|-damage|p1a: Skarmory|238\/271|[from] Stealth Rock
|move|p2a: Landorus|U-turn|p1a: Skarmory
|-resisted|p1a: Skarmory
|-damage|p1a: Skarmory|222\/271
|-damage|p2a: Landorus|23\/319|[from] item: Rocky Helmet|[of] p1a: Skarmory
|inactive|Dragon God Ophis tiene 135 segundos restantes.
|choice|*|*switch 2
|choice||switch 2
|
|switch|p2a: Blacephalon|Blacephalon|247\/247|[from]move: U-turn
|
|upkeep
|turn|7
|choice|*|*move 1
|choice|*switch 3|*
|choice|*|*move 1
|choice|switch 3|move flamethrower
|
|switch|p1a: Landorus|Landorus-Therian, M|319\/319
|-damage|p1a: Landorus|280\/319|[from] Stealth Rock
|-ability|p1a: Landorus|Intimidate|boost
|-unboost|p2a: Blacephalon|atk|1
|move|p2a: Blacephalon|Flamethrower|p1a: Landorus
|-damage|p1a: Landorus|0 fnt
|faint|p1a: Landorus
|-ability|p2a: Blacephalon|Beast Boost|boost
|-boost|p2a: Blacephalon|spa|1
|
|upkeep
|inactive|perrito negro tiene 135 segundos restantes.
|choice|*switch 2|*
|choice|switch 2|
|
|switch|p1a: Greninja|Greninja, M|286\/286
|-damage|p1a: Greninja|251\/286|[from] Stealth Rock
|turn|8
|choice|*move 1|*
|choice|*|*switch 4
|choice|move watershuriken|switch 4
|
|switch|p2a: Ferrothorn|Ferrothorn, F|351\/351
|move|p1a: Greninja|Water Shuriken|p2a: Ferrothorn
|-resisted|p2a: Ferrothorn
|-damage|p2a: Ferrothorn|338\/351
|-resisted|p2a: Ferrothorn
|-damage|p2a: Ferrothorn|325\/351
|-hitcount|p2a: Ferrothorn|2
|
|-heal|p2a: Ferrothorn|346\/351|[from] item: Leftovers
|upkeep
|turn|9
|choice|*|*switch 6
|choice|*switch 3|*
|choice|switch 3|switch 6
|
|switch|p1a: Skarmory|Skarmory, F|222\/271
|-damage|p1a: Skarmory|189\/271|[from] Stealth Rock
|switch|p2a: Crawdaunt|Crawdaunt, F|267\/267
|
|upkeep
|turn|10
|choice|*|*move 3
|choice|*move 3|*
|choice|move toxic|move knockoff
|
|move|p2a: Crawdaunt|Knock Off|p1a: Skarmory
|-damage|p1a: Skarmory|0 fnt
|-damage|p2a: Crawdaunt|223\/267|[from] item: Rocky Helmet|[of] p1a: Skarmory
|-enditem|p1a: Skarmory|Rocky Helmet|[from] move: Knock Off|[of] p2a: Crawdaunt
|faint|p1a: Skarmory
|
|upkeep
|choice|*switch 5|*
|choice|switch 5|
|
|switch|p1a: Victini|Victini|342\/342
|-damage|p1a: Victini|257\/342|[from] Stealth Rock
|turn|11
|choice|*|*switch 2
|choice|*move 3|*
|choice|move boltstrike|switch 2
|
|switch|p2a: Landorus|Landorus-Therian, M|23\/319
|-ability|p2a: Landorus|Intimidate|boost
|-unboost|p1a: Victini|atk|1
|move|p1a: Victini|Bolt Strike|p2a: Landorus
|-immune|p2a: Landorus|[msg]
|
|upkeep
|turn|12
|choice|*|*move 1
|choice|*move 2|*
|choice|move quickattack|move earthquake
|
|move|p1a: Victini|Quick Attack|p2a: Landorus
|-damage|p2a: Landorus|0 fnt
|faint|p2a: Landorus
|
|upkeep
|c|☆Dragon God Ophis|xD
|choice|*|*switch 4
|choice||switch 4
|
|switch|p2a: Blacephalon|Blacephalon|247\/247
|turn|13
|choice|*|*move 2
|inactive|perrito negro tiene 135 segundos restantes.
|choice|*switch 6|*
|inactive|Dragon God Ophis tiene 135 segundos restantes.
|choice|*|*move 2
|choice|switch 6|move shadowball
|
|switch|p1a: Umbreon|Umbreon, M, shiny|394\/394
|-damage|p1a: Umbreon|345\/394|[from] Stealth Rock
|move|p2a: Blacephalon|Shadow Ball|p1a: Umbreon
|-resisted|p1a: Umbreon
|-damage|p1a: Umbreon|278\/394
|
|-heal|p1a: Umbreon|302\/394|[from] item: Leftovers
|upkeep
|turn|14
|choice|*|*switch 5
|choice|*move 3|*
|choice|move wish|switch 5
|
|switch|p2a: Magearna|Magearna|304\/364
|move|p1a: Umbreon|Wish|p1a: Umbreon
|
|-heal|p1a: Umbreon|326\/394|[from] item: Leftovers
|upkeep
|turn|15
|choice|*|*switch 6
|choice|*move 1|*
|choice|*|*move 4
|choice|move foulplay|move flashcannon
|
|move|p1a: Umbreon|Foul Play|p2a: Magearna
|-resisted|p2a: Magearna
|-damage|p2a: Magearna|264\/364
|move|p2a: Magearna|Flash Cannon|p1a: Umbreon
|-damage|p1a: Umbreon|232\/394
|
|-heal|p1a: Umbreon|394\/394|[from] move: Wish|[wisher] Umbreon
|upkeep
|turn|16
|choice|*|*move 1 zmove
|choice|*move 1|*
|choice|move foulplay|move fleurcannon zmove
|
|move|p1a: Umbreon|Foul Play|p2a: Magearna
|-resisted|p2a: Magearna
|-damage|p2a: Magearna|222\/364
|-zpower|p2a: Magearna
|move|p2a: Magearna|Twinkle Tackle|p1a: Umbreon|[zeffect]
|-supereffective|p1a: Umbreon
|-damage|p1a: Umbreon|0 fnt
|faint|p1a: Umbreon
|-ability|p2a: Magearna|Soul-Heart|boost
|-boost|p2a: Magearna|spa|1
|
|upkeep
|inactive|perrito negro tiene 135 segundos restantes.
|choice|*switch 4|*
|choice|switch 4|
|
|switch|p1a: Venusaur|Venusaur-Mega, M|226\/364
|-damage|p1a: Venusaur|181\/364|[from] Stealth Rock
|turn|17
|choice|*|*move 4
|choice|*move 2|*
|choice|move leechseed|move flashcannon
|
|move|p1a: Venusaur|Leech Seed|p2a: Magearna
|-start|p2a: Magearna|move: Leech Seed
|move|p2a: Magearna|Flash Cannon|p1a: Venusaur
|-damage|p1a: Venusaur|0 fnt
|faint|p1a: Venusaur
|-ability|p2a: Magearna|Soul-Heart|boost
|-boost|p2a: Magearna|spa|1
|
|upkeep
|choice|*switch 6|*
|choice|switch 6|
|
|switch|p1a: Victini|Victini|257\/342
|-damage|p1a: Victini|172\/342|[from] Stealth Rock
|turn|18
|choice|*|*move 3
|choice|*move 3|*
|choice|move boltstrike|move thunderbolt
|
|move|p1a: Victini|Bolt Strike|p2a: Magearna
|-damage|p2a: Magearna|103\/364
|move|p2a: Magearna|Thunderbolt|p1a: Victini
|-damage|p1a: Victini|0 fnt
|faint|p1a: Victini
|-ability|p2a: Magearna|Soul-Heart|boost
|-boost|p2a: Magearna|spa|1
|
|upkeep
|c|☆Dragon God Ophis|:v
|choice|*switch 3|*
|choice|switch 3|
|
|switch|p1a: Greninja|Greninja, M|251\/286
|-damage|p1a: Greninja|216\/286|[from] Stealth Rock
|turn|19
|choice|*|*switch 6
|inactive|perrito negro tiene 135 segundos restantes.
|choice|*move 3|*
|choice|move hydropump|switch 6
|
|switch|p2a: Ferrothorn|Ferrothorn, F|346\/351
|move|p1a: Greninja|Hydro Pump|p2a: Ferrothorn
|-resisted|p2a: Ferrothorn
|-damage|p2a: Ferrothorn|254\/351
|
|-heal|p2a: Ferrothorn|275\/351|[from] item: Leftovers
|upkeep
|turn|20
|choice|*|*move 2
|choice|*move 3|*
|choice|move hydropump|move leechseed
|
|move|p1a: Greninja|Hydro Pump|p2a: Ferrothorn
|-resisted|p2a: Ferrothorn
|-damage|p2a: Ferrothorn|179\/351
|move|p2a: Ferrothorn|Leech Seed|p1a: Greninja
|-start|p1a: Greninja|move: Leech Seed
|
|-heal|p2a: Ferrothorn|200\/351|[from] item: Leftovers
|-damage|p1a: Greninja|181\/286|[from] Leech Seed|[of] p2a: Ferrothorn
|-heal|p2a: Ferrothorn|235\/351|[silent]
|upkeep
|turn|21
|choice|*|*move 3
|-message|perrito negro se rindió.
|
|win|Dragon God Ophis
Dragon God Ophis ha ganado 6.75 PokeDolares.
|raw|Puntaje de perrito negro: 1255 &rarr; <strong>1236<\/strong><br \/>(-19 por perder)
|raw|Puntaje de Dragon God Ophis: 1342 &rarr; <strong>1361<\/strong><br \/>(+19 por ganar)
|c|☆Dragon God Ophis|ezzzzzz
</script>
</div>
<div class="battle-log battle-log-inline"><div class="inner"><div class="battle-options"></div><div class="inner"><div class=""><small>Format:</small> <br><strong>OU</strong></div><div class="rated"><strong>Rated battle</strong></div><div class=""><small><em>Cláusula-Mod de Dormir:</em> solo puedes dormir a uno de tus oponentes a la vez.</small></div><div class=""><small><em>Cláusula de Especie:</em> Hasta un Pokémon de cada especie</small></div><div class=""><small><em>Cláusula de Golpe Fulminante:</em> los movimientos fulminantes (OHKO) estan prohibidos</small></div><div class=""><small><em>Cláusula de Veleta:</em> la habilidad Veleta está prohibida</small></div><div class=""><small><em>Cláusula de Movimientos Evasivos:</em> los movimientos de Evasión están prohibidos.</small></div><div class=""><small><em>Cláusula de Batallas Eternas:</em> forzar batallas eternas está prohibido</small></div><div class="chat battle-history"><strong>perrito negro's team:</strong> <em style="color:#445566;display:block;">Umbreon / Greninja / Landorus-Therian / Victini / Skarmory / Venusaur</em></div><div class="chat battle-history"><strong>Dragon God Ophis's team:</strong> <em style="color:#445566;display:block;">Lopunny / Blacephalon / Landorus-Therian / Magearna / Ferrothorn / Crawdaunt</em></div><div class="chat message-error">Reloj de batalla ENCENDIDO. El jugador inactivo será descalificado (solicitado por Dragon God Ophis).</div><div class="chat message-error">perrito negro tiene 135 segundos restantes.</div><div class="spacer battle-history"><br></div><div class="battle-history">Battle started between perrito negro and Dragon God Ophis!<br></div><div class="spacer battle-history"><br></div><div class="battle-history">Go! <strong>Venusaur</strong>!<br></div><div class="spacer battle-history"><br></div><div class="battle-history">Dragon God Ophis sent out Landorus (<strong>Landorus-Therian</strong>)!<br></div><div class="battle-history"><small>[The opposing Landorus's Intimidate]</small><br></div><div class="battle-history"><small>Venusaur's Attack fell!</small><br></div><div class="spacer battle-history"><br></div><h2 class="battle-history">Turn 1</h2><div class="spacer battle-history"><br></div><div class="battle-history"><small>Venusaur's Venusaurite is reacting to the Key Stone!</small><br>Venusaur has Mega Evolved into Mega Venusaur!<br></div><div class="spacer battle-history"><br></div><div class="battle-history">The opposing Landorus used <strong>U-turn</strong>!<br></div><div class="battle-history"><small>(Venusaur lost <abbr title="−73/364">20.1%</abbr> of its health!)</small><br></div><div class="spacer battle-history"><br></div><div class="battle-history">The opposing Landorus went back to Dragon God Ophis!<br></div><div class="battle-history">Dragon God Ophis sent out <strong>Magearna</strong>!<br></div><div class="spacer battle-history"><br></div><div class="battle-history">Venusaur used <strong>Knock Off</strong>!<br></div><div class="battle-history"><small>It's not very effective...</small><br></div><div class="battle-history"><small>(The opposing Magearna lost <abbr title="−15/364">4.1%</abbr> of its health!)</small><br></div><div class="spacer battle-history"><br></div><h2 class="battle-history">Turn 2</h2><div class="spacer battle-history"><br></div><div class="battle-history">Venusaur used <strong>Leech Seed</strong>!<br></div><div class="battle-history"><small>The opposing Magearna was seeded!</small><br></div><div class="spacer battle-history"><br></div><div class="battle-history">The opposing Magearna used <strong>Flash Cannon</strong>!<br></div><div class="battle-history"><small>(Venusaur lost <abbr title="−120/364">33.0%</abbr> of its health!)</small><br></div><div class="spacer battle-history"><br></div><div class="battle-history"><small>The opposing Magearna's health is sapped by Leech Seed!</small><br></div><div class="spacer battle-history"><br></div><h2 class="battle-history">Turn 3</h2><div class="spacer battle-history"><br></div><div class="battle-history">Dragon God Ophis withdrew Magearna!<br></div><div class="battle-history">Dragon God Ophis sent out <strong>Ferrothorn</strong>!<br></div><div class="spacer battle-history"><br></div><div class="battle-history">Venusaur used <strong>Giga Drain</strong>!<br></div><div class="battle-history"><small>It's not very effective...</small><br></div><div class="battle-history"><small>(The opposing Ferrothorn lost <abbr title="−19/351">5.4%</abbr> of its health!)</small><br></div><div class="battle-history"><small>The opposing Ferrothorn had its energy drained!</small><br></div><div class="spacer battle-history"><br></div><div class="battle-history"><small>The opposing Ferrothorn restored a little HP using its Leftovers!</small><br></div><div class="spacer battle-history"><br></div><h2 class="battle-history">Turn 4</h2><div class="spacer battle-history"><br></div><div class="battle-history">Venusaur, come back!<br></div><div class="battle-history">Go! <strong>Victini</strong>!<br></div><div class="spacer battle-history"><br></div><div class="battle-history">The opposing Ferrothorn used <strong>Stealth Rock</strong>!<br></div><div class="battle-history"><small>Pointed stones float in the air around your team!</small><br></div><div class="spacer battle-history"><br></div><h2 class="battle-history">Turn 5</h2><div class="spacer battle-history"><br></div><div class="battle-history">Dragon God Ophis withdrew Ferrothorn!<br></div><div class="battle-history">Dragon God Ophis sent out Landorus (<strong>Landorus-Therian</strong>)!<br></div><div class="battle-history"><small>[The opposing Landorus's Intimidate]</small><br></div><div class="battle-history"><small>Victini's Attack fell!</small><br></div><div class="battle-history"><small>Victini surrounded itself with its Z-Power!</small><br></div><div class="spacer battle-history"><br></div><div class="battle-history">Victini used <strong>Inferno Overdrive</strong>!<br></div><div class="battle-history"><small>(The opposing Landorus lost <abbr title="−243/319">76.2%</abbr> of its health!)</small><br></div><div class="spacer battle-history"><br></div><h2 class="battle-history">Turn 6</h2><div class="spacer battle-history"><br></div><div class="battle-history">Victini, come back!<br></div><div class="battle-history">Go! <strong>Skarmory</strong>!<br></div><div class="battle-history"><small>Pointed stones dug into Skarmory!</small><br></div><div class="spacer battle-history"><br></div><div class="battle-history">The opposing Landorus used <strong>U-turn</strong>!<br></div><div class="battle-history"><small>It's not very effective...</small><br></div><div class="battle-history"><small>(Skarmory lost <abbr title="−16/271">5.9%</abbr> of its health!)</small><br></div><div class="battle-history"><small>The opposing Landorus was hurt by the Rocky Helmet!</small><br></div><div class="chat message-error">Dragon God Ophis tiene 135 segundos restantes.</div><div class="spacer battle-history"><br></div><div class="battle-history">The opposing Landorus went back to Dragon God Ophis!<br></div><div class="battle-history">Dragon God Ophis sent out <strong>Blacephalon</strong>!<br></div><div class="spacer battle-history"><br></div><h2 class="battle-history">Turn 7</h2><div class="spacer battle-history"><br></div><div class="battle-history">Skarmory, come back!<br></div><div class="battle-history">Go! Landorus (<strong>Landorus-Therian</strong>)!<br></div><div class="battle-history"><small>Pointed stones dug into Landorus!</small><br></div><div class="battle-history"><small>[Landorus's Intimidate]</small><br></div><div class="battle-history"><small>The opposing Blacephalon's Attack fell!</small><br></div><div class="spacer battle-history"><br></div><div class="battle-history">The opposing Blacephalon used <strong>Flamethrower</strong>!<br></div><div class="battle-history"><small>(Landorus lost <abbr title="−280/319">87.8%</abbr> of its health!)</small><br></div><div class="spacer battle-history"><br></div><div class="battle-history">Landorus fainted!<br></div><div class="battle-history"><small>[The opposing Blacephalon's Beast Boost]</small><br></div><div class="battle-history"><small>The opposing Blacephalon's Special Attack rose!</small><br></div><div class="chat message-error">perrito negro tiene 135 segundos restantes.</div><div class="spacer battle-history"><br></div><div class="battle-history">Go! <strong>Greninja</strong>!<br></div><div class="battle-history"><small>Pointed stones dug into Greninja!</small><br></div><div class="spacer battle-history"><br></div><h2 class="battle-history">Turn 8</h2><div class="spacer battle-history"><br></div><div class="battle-history">Dragon God Ophis withdrew Blacephalon!<br></div><div class="battle-history">Dragon God Ophis sent out <strong>Ferrothorn</strong>!<br></div><div class="spacer battle-history"><br></div><div class="battle-history">Greninja used <strong>Water Shuriken</strong>!<br></div><div class="battle-history"><small>It's not very effective...</small><br></div><div class="battle-history"><small>(The opposing Ferrothorn lost <abbr title="−13/351">3.7%</abbr> of its health!)</small><br></div><div class="battle-history"><small>It's not very effective...</small><br></div><div class="battle-history"><small>(The opposing Ferrothorn lost <abbr title="−13/351">3.7%</abbr> of its health!)</small><br></div><div class="battle-history"><small>Hit 2 times!</small><br></div><div class="spacer battle-history"><br></div><div class="battle-history"><small>The opposing Ferrothorn restored a little HP using its Leftovers!</small><br></div><div class="spacer battle-history"><br></div><h2 class="battle-history">Turn 9</h2><div class="spacer battle-history"><br></div><div class="battle-history">Greninja, come back!<br></div><div class="battle-history">Go! <strong>Skarmory</strong>!<br></div><div class="battle-history"><small>Pointed stones dug into Skarmory!</small><br></div><div class="spacer battle-history"><br></div><div class="battle-history">Dragon God Ophis withdrew Ferrothorn!<br></div><div class="battle-history">Dragon God Ophis sent out <strong>Crawdaunt</strong>!<br></div><div class="spacer battle-history"><br></div><h2 class="battle-history">Turn 10</h2><div class="spacer battle-history"><br></div><div class="battle-history">The opposing Crawdaunt used <strong>Knock Off</strong>!<br></div><div class="battle-history"><small>(Skarmory lost <abbr title="−189/271">69.7%</abbr> of its health!)</small><br></div><div class="battle-history"><small>The opposing Crawdaunt was hurt by the Rocky Helmet!</small><br></div><div class="battle-history"><small>The opposing Crawdaunt knocked off Skarmory's Rocky Helmet!</small><br></div><div class="spacer battle-history"><br></div><div class="battle-history">Skarmory fainted!<br></div><div class="spacer battle-history"><br></div><div class="battle-history">Go! <strong>Victini</strong>!<br></div><div class="battle-history"><small>Pointed stones dug into Victini!</small><br></div><div class="spacer battle-history"><br></div><h2 class="battle-history">Turn 11</h2><div class="spacer battle-history"><br></div><div class="battle-history">Dragon God Ophis withdrew Crawdaunt!<br></div><div class="battle-history">Dragon God Ophis sent out Landorus (<strong>Landorus-Therian</strong>)!<br></div><div class="battle-history"><small>[The opposing Landorus's Intimidate]</small><br></div><div class="battle-history"><small>Victini's Attack fell!</small><br></div><div class="spacer battle-history"><br></div><div class="battle-history">Victini used <strong>Bolt Strike</strong>!<br></div><div class="battle-history"><small>It doesn't affect the opposing Landorus...</small><br></div><div class="spacer battle-history"><br></div><h2 class="battle-history">Turn 12</h2><div class="spacer battle-history"><br></div><div class="battle-history">Victini used <strong>Quick Attack</strong>!<br></div><div class="battle-history"><small>(The opposing Landorus lost <abbr title="−23/319">7.2%</abbr> of its health!)</small><br></div><div class="spacer battle-history"><br></div><div class="battle-history">The opposing Landorus fainted!<br></div><div class="chat chatmessage-dragongodophis"><strong style="color:hsl(195,46%,43.910715417000006%)"><small>☆</small><span class="username" data-name="Dragon God Ophis">Dragon God Ophis</span>:</strong> <em>xD</em></div><div class="spacer battle-history"><br></div><div class="battle-history">Dragon God Ophis sent out <strong>Blacephalon</strong>!<br></div><div class="spacer battle-history"><br></div><h2 class="battle-history">Turn 13</h2><div class="chat message-error">perrito negro tiene 135 segundos restantes.</div><div class="chat message-error">Dragon God Ophis tiene 135 segundos restantes.</div><div class="spacer battle-history"><br></div><div class="battle-history">Victini, come back!<br></div><div class="battle-history">Go! <strong>Umbreon</strong>!<br></div><div class="battle-history"><small>Pointed stones dug into Umbreon!</small><br></div><div class="spacer battle-history"><br></div><div class="battle-history">The opposing Blacephalon used <strong>Shadow Ball</strong>!<br></div><div class="battle-history"><small>It's not very effective...</small><br></div><div class="battle-history"><small>(Umbreon lost <abbr title="−67/394">17.0%</abbr> of its health!)</small><br></div><div class="spacer battle-history"><br></div><div class="battle-history"><small>Umbreon restored a little HP using its Leftovers!</small><br></div><div class="spacer battle-history"><br></div><h2 class="battle-history">Turn 14</h2><div class="spacer battle-history"><br></div><div class="battle-history">Dragon God Ophis withdrew Blacephalon!<br></div><div class="battle-history">Dragon God Ophis sent out <strong>Magearna</strong>!<br></div><div class="spacer battle-history"><br></div><div class="battle-history">Umbreon used <strong>Wish</strong>!<br></div><div class="spacer battle-history"><br></div><div class="battle-history"><small>Umbreon restored a little HP using its Leftovers!</small><br></div><div class="spacer battle-history"><br></div><h2 class="battle-history">Turn 15</h2><div class="spacer battle-history"><br></div><div class="battle-history">Umbreon used <strong>Foul Play</strong>!<br></div><div class="battle-history"><small>It's not very effective...</small><br></div><div class="battle-history"><small>(The opposing Magearna lost <abbr title="−40/364">11.0%</abbr> of its health!)</small><br></div><div class="spacer battle-history"><br></div><div class="battle-history">The opposing Magearna used <strong>Flash Cannon</strong>!<br></div><div class="battle-history"><small>(Umbreon lost <abbr title="−94/394">23.9%</abbr> of its health!)</small><br></div><div class="spacer battle-history"><br></div><div class="battle-history"><small>Umbreon's wish came true!</small><br></div><div class="spacer battle-history"><br></div><h2 class="battle-history">Turn 16</h2><div class="spacer battle-history"><br></div><div class="battle-history">Umbreon used <strong>Foul Play</strong>!<br></div><div class="battle-history"><small>It's not very effective...</small><br></div><div class="battle-history"><small>(The opposing Magearna lost <abbr title="−42/364">11.5%</abbr> of its health!)</small><br></div><div class="battle-history"><small>The opposing Magearna surrounded itself with its Z-Power!</small><br></div><div class="spacer battle-history"><br></div><div class="battle-history">The opposing Magearna used <strong>Twinkle Tackle</strong>!<br></div><div class="battle-history"><small>It's super effective!</small><br></div><div class="battle-history"><small>(Umbreon lost <abbr title="−394/394">100%</abbr> of its health!)</small><br></div><div class="spacer battle-history"><br></div><div class="battle-history">Umbreon fainted!<br></div><div class="battle-history"><small>[The opposing Magearna's Soul-Heart]</small><br></div><div class="battle-history"><small>The opposing Magearna's Special Attack rose!</small><br></div><div class="chat message-error">perrito negro tiene 135 segundos restantes.</div><div class="spacer battle-history"><br></div><div class="battle-history">Go! Venusaur (<strong>Venusaur-Mega</strong>)!<br></div><div class="battle-history"><small>Pointed stones dug into Venusaur!</small><br></div><div class="spacer battle-history"><br></div><h2 class="battle-history">Turn 17</h2><div class="spacer battle-history"><br></div><div class="battle-history">Venusaur used <strong>Leech Seed</strong>!<br></div><div class="battle-history"><small>The opposing Magearna was seeded!</small><br></div><div class="spacer battle-history"><br></div><div class="battle-history">The opposing Magearna used <strong>Flash Cannon</strong>!<br></div><div class="battle-history"><small>(Venusaur lost <abbr title="−181/364">49.7%</abbr> of its health!)</small><br></div><div class="spacer battle-history"><br></div><div class="battle-history">Venusaur fainted!<br></div><div class="battle-history"><small>[The opposing Magearna's Soul-Heart]</small><br></div><div class="battle-history"><small>The opposing Magearna's Special Attack rose!</small><br></div><div class="spacer battle-history"><br></div><div class="battle-history">Go! <strong>Victini</strong>!<br></div><div class="battle-history"><small>Pointed stones dug into Victini!</small><br></div><div class="spacer battle-history"><br></div><h2 class="battle-history">Turn 18</h2><div class="spacer battle-history"><br></div><div class="battle-history">Victini used <strong>Bolt Strike</strong>!<br></div><div class="battle-history"><small>(The opposing Magearna lost <abbr title="−119/364">32.7%</abbr> of its health!)</small><br></div><div class="spacer battle-history"><br></div><div class="battle-history">The opposing Magearna used <strong>Thunderbolt</strong>!<br></div><div class="battle-history"><small>(Victini lost <abbr title="−172/342">50.3%</abbr> of its health!)</small><br></div><div class="spacer battle-history"><br></div><div class="battle-history">Victini fainted!<br></div><div class="battle-history"><small>[The opposing Magearna's Soul-Heart]</small><br></div><div class="battle-history"><small>The opposing Magearna's Special Attack rose!</small><br></div><div class="chat chatmessage-dragongodophis"><strong style="color:hsl(195,46%,43.910715417000006%)"><small>☆</small><span class="username" data-name="Dragon God Ophis">Dragon God Ophis</span>:</strong> <em>:v</em></div><div class="spacer battle-history"><br></div><div class="battle-history">Go! <strong>Greninja</strong>!<br></div><div class="battle-history"><small>Pointed stones dug into Greninja!</small><br></div><div class="spacer battle-history"><br></div><h2 class="battle-history">Turn 19</h2><div class="chat message-error">perrito negro tiene 135 segundos restantes.</div><div class="spacer battle-history"><br></div><div class="battle-history">Dragon God Ophis withdrew Magearna!<br></div><div class="battle-history">Dragon God Ophis sent out <strong>Ferrothorn</strong>!<br></div><div class="spacer battle-history"><br></div><div class="battle-history">Greninja used <strong>Hydro Pump</strong>!<br></div><div class="battle-history"><small>It's not very effective...</small><br></div><div class="battle-history"><small>(The opposing Ferrothorn lost <abbr title="−92/351">26.2%</abbr> of its health!)</small><br></div><div class="spacer battle-history"><br></div><div class="battle-history"><small>The opposing Ferrothorn restored a little HP using its Leftovers!</small><br></div><div class="spacer battle-history"><br></div><h2 class="battle-history">Turn 20</h2><div class="spacer battle-history"><br></div><div class="battle-history">Greninja used <strong>Hydro Pump</strong>!<br></div><div class="battle-history"><small>It's not very effective...</small><br></div><div class="battle-history"><small>(The opposing Ferrothorn lost <abbr title="−96/351">27.4%</abbr> of its health!)</small><br></div><div class="spacer battle-history"><br></div><div class="battle-history">The opposing Ferrothorn used <strong>Leech Seed</strong>!<br></div><div class="battle-history"><small>Greninja was seeded!</small><br></div><div class="spacer battle-history"><br></div><div class="battle-history"><small>The opposing Ferrothorn restored a little HP using its Leftovers!</small><br></div><div class="battle-history"><small>Greninja's health is sapped by Leech Seed!</small><br></div><div class="spacer battle-history"><br></div><h2 class="battle-history">Turn 21</h2><div class="spacer battle-history"><br></div><div class="battle-history"><small>perrito negro se rindió.</small><br></div><div class="spacer battle-history"><br></div><div class="battle-history"><strong>Dragon God Ophis</strong> won the battle!<br></div><div class="chat">Dragon God Ophis ha ganado 6.75 PokeDolares.</div><div class="chat">Puntaje de perrito negro: 1255 → <strong>1236</strong><br>(-19 por perder)</div><div class="chat">Puntaje de Dragon God Ophis: 1342 → <strong>1361</strong><br>(+19 por ganar)</div><div class="chat chatmessage-dragongodophis"><strong style="color:hsl(195,46%,43.910715417000006%)"><small>☆</small><span class="username" data-name="Dragon God Ophis">Dragon God Ophis</span>:</strong> <em>ezzzzzz</em></div></div><div class="inner-preempt"></div></div></div>
</div>
<script>
let daily = Math.floor(Date.now()/1000/60/60/24);document.write('<script src="https://play.pokemonshowdown.com/js/replay-embed.js?version'+daily+'"></'+'script>');
</script>
