<!DOCTYPE html>
<meta charset="utf-8" />
<!-- version 1 -->
<title>OU replay: harrytatobrine vs. DraconSer</title>
<style>
html,body {font-family:Verdana, sans-serif;font-size:10pt;margin:0;padding:0;}body{padding:12px 0;} .battle-log {font-family:Verdana, sans-serif;font-size:10pt;} .battle-log-inline {border:1px solid #AAAAAA;background:#EEF2F5;color:black;max-width:640px;margin:0 auto 80px;padding-bottom:5px;} .battle-log .inner {padding:4px 8px 0px 8px;} .battle-log .inner-preempt {padding:0 8px 4px 8px;} .battle-log .inner-after {margin-top:0.5em;} .battle-log h2 {margin:0.5em -8px;padding:4px 8px;border:1px solid #AAAAAA;background:#E0E7EA;border-left:0;border-right:0;font-family:Verdana, sans-serif;font-size:13pt;} .battle-log .chat {vertical-align:middle;padding:3px 0 3px 0;font-size:8pt;} .battle-log .chat strong {color:#40576A;} .battle-log .chat em {padding:1px 4px 1px 3px;color:#000000;font-style:normal;} .chat.mine {background:rgba(0,0,0,0.05);margin-left:-8px;margin-right:-8px;padding-left:8px;padding-right:8px;} .spoiler {color:#BBBBBB;background:#BBBBBB;padding:0px 3px;} .spoiler:hover, .spoiler:active, .spoiler-shown {color:#000000;background:#E2E2E2;padding:0px 3px;} .spoiler a {color:#BBBBBB;} .spoiler:hover a, .spoiler:active a, .spoiler-shown a {color:#2288CC;} .chat code, .chat .spoiler:hover code, .chat .spoiler:active code, .chat .spoiler-shown code {border:1px solid #C0C0C0;background:#EEEEEE;color:black;padding:0 2px;} .chat .spoiler code {border:1px solid #CCCCCC;background:#CCCCCC;color:#CCCCCC;} .battle-log .rated {padding:3px 4px;} .battle-log .rated strong {color:white;background:#89A;padding:1px 4px;border-radius:4px;} .spacer {margin-top:0.5em;} .message-announce {background:#6688AA;color:white;padding:1px 4px 2px;} .message-announce a, .broadcast-green a, .broadcast-blue a, .broadcast-red a {color:#DDEEFF;} .broadcast-green {background-color:#559955;color:white;padding:2px 4px;} .broadcast-blue {background-color:#6688AA;color:white;padding:2px 4px;} .infobox {border:1px solid #6688AA;padding:2px 4px;} .infobox-limited {max-height:200px;overflow:auto;overflow-x:hidden;} .broadcast-red {background-color:#AA5544;color:white;padding:2px 4px;} .message-learn-canlearn {font-weight:bold;color:#228822;text-decoration:underline;} .message-learn-cannotlearn {font-weight:bold;color:#CC2222;text-decoration:underline;} .message-effect-weak {font-weight:bold;color:#CC2222;} .message-effect-resist {font-weight:bold;color:#6688AA;} .message-effect-immune {font-weight:bold;color:#666666;} .message-learn-list {margin-top:0;margin-bottom:0;} .message-throttle-notice, .message-error {color:#992222;} .message-overflow, .chat small.message-overflow {font-size:0pt;} .message-overflow::before {font-size:9pt;content:'...';} .subtle {color:#3A4A66;}
</style>
<div class="wrapper replay-wrapper" style="max-width:1180px;margin:0 auto">
<input type="hidden" name="replayid" value="destiny-ou-567585" />
<div class="battle"></div><div class="battle-log"></div><div class="replay-controls"></div><div class="replay-controls-2"></div>
<h1 style="font-weight:normal;text-align:center"><strong>OU</strong><br /><a href="http://pokemonshowdown.com/users/harrytatobrine" class="subtle" target="_blank">harrytatobrine</a> vs. <a href="http://pokemonshowdown.com/users/draconser" class="subtle" target="_blank">DraconSer</a></h1>
<script type="text/plain" class="battle-log-data">|player|p1|harrytatobrine|2001
|teamsize|p1|6
|player|p2|DraconSer|1084
|teamsize|p2|6
|teamsize|p1|6
|teamsize|p2|6
|gametype|singles
|gen|7
|tier|OU
|seed|31282,53411,43626,45418
|rule|Cláusula-Mod de Dormir: solo puedes dormir a uno de tus oponentes a la vez.
|rule|Cláusula de Especie: Hasta un Pokémon de cada especie
|rule|Cláusula de Golpe Fulminante: los movimientos fulminantes (OHKO) estan prohibidos
|rule|Cláusula de Veleta: la habilidad Veleta está prohibida
|rule|Cláusula de Movimientos Evasivos: los movimientos de Evasión están prohibidos.
|rule|Cláusula de Batallas Eternas: forzar batallas eternas está prohibido
|clearpoke
|poke|p1|Charizard, F|item
|poke|p1|Blacephalon|item
|poke|p1|Rotom-Heat|item
|poke|p1|Torkoal, F|item
|poke|p1|Infernape, M|item
|poke|p1|Chandelure, M, shiny|item
|poke|p2|Aggron, M, shiny|item
|poke|p2|Hitmontop, M, shiny|item
|poke|p2|Mimikyu, M, shiny|item
|poke|p2|Noivern, F, shiny|item
|poke|p2|Electivire, M, shiny|item
|poke|p2|Empoleon, F, shiny|item
|teampreview|undefined
|c|☆harrytatobrine|DAAAALEEE
|c|☆DraconSer|el mismo team pero para ti :3
|choice|*|*team 523416
|choice|*team 321456|*
|choice|team 3, 2, 1, 4, 5, 6|team 5, 2, 3, 4, 1, 6
|
|start
|switch|p1a: Rotom|Rotom-Heat|303\/303
|switch|p2a: Electivire|Electivire, M, shiny|354\/354
|turn|1
|choice|*move 1|*
|choice|*|*move 2
|choice|move lightscreen|move crosschop
|
|move|p2a: Electivire|Cross Chop|p1a: Rotom|[miss]
|-miss|p2a: Electivire|p1a: Rotom
|move|p1a: Rotom|Light Screen|p1a: Rotom
|-sidestart|p1: harrytatobrine|move: Light Screen
|
|upkeep
|turn|2
|choice|*move 2|*
|choice|*|*switch 5
|choice|move reflect|switch 5
|
|switch|p2a: Aggron|Aggron, M, shiny|343\/343
|move|p1a: Rotom|Reflect|p1a: Rotom
|-sidestart|p1: harrytatobrine|Reflect
|
|upkeep
|turn|3
|choice|*|*move 3 mega
|choice|*move 4|*
|choice|move voltswitch|move honeclaws mega
|
|-mega|p2a: Aggron|Aggron|Aggronite
|detailschange|p2a: Aggron|Aggron-Mega, M, shiny
|move|p1a: Rotom|Volt Switch|p2a: Aggron
|-damage|p2a: Aggron|244\/343
|choice|*switch 6|*
|choice|switch 6|
|
|switch|p1a: Chandelure|Chandelure, M, shiny|324\/324|[from]move: Volt Switch
|move|p2a: Aggron|Hone Claws|p2a: Aggron
|-boost|p2a: Aggron|atk|1
|-boost|p2a: Aggron|accuracy|1
|
|upkeep
|turn|4
|choice|*move 1|*
|choice|*|*move 1
|choice|move flamethrower|move stoneedge
|
|move|p1a: Chandelure|Flamethrower|p2a: Aggron
|-supereffective|p2a: Aggron
|-damage|p2a: Aggron|0 fnt
|faint|p2a: Aggron
|
|upkeep
|c|☆DraconSer|que bien
|c|☆DraconSer|ves
|c|☆DraconSer|aun que cambie de equipo NO SOY NADA
|choice|*|*switch 6
|choice||switch 6
|
|switch|p2a: Empoleon|Empoleon, F, shiny|372\/372
|turn|5
|choice|*|*move 2
|c|☆harrytatobrine|430 de atk especial
|c|☆harrytatobrine|mas la cinta expero :V
|choice|*move 3|*
|choice|move energyball|move knockoff
|
|move|p1a: Chandelure|Energy Ball|p2a: Empoleon
|-damage|p2a: Empoleon|286\/372
|move|p2a: Empoleon|Knock Off|p1a: Chandelure
|-supereffective|p1a: Chandelure
|-damage|p1a: Chandelure|255\/324
|-enditem|p1a: Chandelure|Expert Belt|[from] move: Knock Off|[of] p2a: Empoleon
|
|upkeep
|turn|6
|choice|*move 1|*
|c|☆DraconSer|desias
|choice|*|*move 1
|choice|move flamethrower|move scald
|
|move|p1a: Chandelure|Flamethrower|p2a: Empoleon
|-damage|p2a: Empoleon|165\/372
|move|p2a: Empoleon|Scald|p1a: Chandelure
|-supereffective|p1a: Chandelure
|-damage|p1a: Chandelure|95\/324
|
|upkeep
|turn|7
|c|☆harrytatobrine|OYE >:v
|choice|*move 2|*
|choice|*|*move 1
|choice|move shadowball|move scald
|
|move|p1a: Chandelure|Shadow Ball|p2a: Empoleon
|-damage|p2a: Empoleon|62\/372
|move|p2a: Empoleon|Scald|p1a: Chandelure
|-supereffective|p1a: Chandelure
|-damage|p1a: Chandelure|0 fnt
|faint|p1a: Chandelure
|
|upkeep
|choice|*switch 4|*
|choice|switch 4|
|
|switch|p1a: Torkoal|Torkoal, F|343\/343
|-weather|SunnyDay|[from] ability: Drought|[of] p1a: Torkoal
|turn|8
|choice|*move 3|*
|choice|*|*move 1
|choice|move earthquake|move scald
|
|move|p2a: Empoleon|Scald|p1a: Torkoal
|-supereffective|p1a: Torkoal
|-damage|p1a: Torkoal|255\/343
|move|p1a: Torkoal|Earthquake|p2a: Empoleon
|-supereffective|p2a: Empoleon
|-damage|p2a: Empoleon|0 fnt
|faint|p2a: Empoleon
|
|-weather|SunnyDay|[upkeep]
|-sideend|p1: harrytatobrine|move: Light Screen
|upkeep
|choice|*|*switch 5
|choice||switch 5
|
|switch|p2a: Electivire|Electivire, M, shiny|354\/354
|turn|9
|choice|*|*move 4
|choice|*move 4|*
|choice|move yawn|move earthquake
|
|move|p2a: Electivire|Earthquake|p1a: Torkoal
|-supereffective|p1a: Torkoal
|-damage|p1a: Torkoal|154\/343
|-damage|p2a: Electivire|319\/354|[from] item: Life Orb
|move|p1a: Torkoal|Yawn|p2a: Electivire
|-start|p2a: Electivire|move: Yawn|[of] p1a: Torkoal
|
|-weather|SunnyDay|[upkeep]
|-sideend|p1: harrytatobrine|Reflect
|upkeep
|turn|10
|choice|*|*switch 2
|choice|*move 3|*
|choice|move earthquake|switch 2
|
|switch|p2a: Hitmontop|Hitmontop, M, shiny|303\/303
|move|p1a: Torkoal|Earthquake|p2a: Hitmontop
|-damage|p2a: Hitmontop|236\/303
|
|-weather|SunnyDay|[upkeep]
|upkeep
|turn|11
|choice|*move 2|*
|choice|*|*move 4
|choice|move lavaplume|move stoneedge
|
|move|p2a: Hitmontop|Stone Edge|p1a: Torkoal
|-supereffective|p1a: Torkoal
|-damage|p1a: Torkoal|24\/343
|move|p1a: Torkoal|Lava Plume|p2a: Hitmontop
|-damage|p2a: Hitmontop|127\/303
|-status|p2a: Hitmontop|brn
|-enditem|p2a: Hitmontop|Sitrus Berry|[eat]
|-heal|p2a: Hitmontop|202\/303 brn|[from] item: Sitrus Berry
|
|-weather|SunnyDay|[upkeep]
|-damage|p2a: Hitmontop|184\/303 brn|[from] brn
|upkeep
|turn|12
|choice|*|*move 3
|choice|*move 1|*
|choice|move rest|move bulletpunch
|
|move|p2a: Hitmontop|Bullet Punch|p1a: Torkoal
|-resisted|p1a: Torkoal
|-crit|p1a: Torkoal
|-damage|p1a: Torkoal|11\/343
|move|p1a: Torkoal|Rest|p1a: Torkoal
|-status|p1a: Torkoal|slp
|-heal|p1a: Torkoal|343\/343 slp|[silent]
|-status|p1a: Torkoal|slp|[from] move: Rest
|
|-weather|SunnyDay|[upkeep]
|-damage|p2a: Hitmontop|166\/303 brn|[from] brn
|upkeep
|turn|13
|c|☆DraconSer|.___.
|choice|*move 2|*
|c|☆DraconSer|DE VERDAD ES QUE ME GUSTA MI VENDITA SUERTRE
|c|☆harrytatobrine|tabla de tipos :V
|c|☆harrytatobrine|y estas quemado
|c|☆DraconSer|pero estabas a poca vida mas apate tengo experto >:V
|c|☆harrytatobrine|te reduce el ataque a la mitad
|choice|*|*switch 3
|choice|move lavaplume|switch 3
|
|switch|p2a: Mimikyu|Mimikyu, M, shiny|251\/251
|cant|p1a: Torkoal|slp
|
|-weather|SunnyDay|[upkeep]
|upkeep
|turn|14
|choice|*|*move 4
|c|☆harrytatobrine|o demonios
|c|☆harrytatobrine|el problema
|choice|*move 4|*
|choice|move yawn|move swordsdance
|
|move|p2a: Mimikyu|Swords Dance|p2a: Mimikyu
|-boost|p2a: Mimikyu|atk|2
|cant|p1a: Torkoal|slp
|
|-weather|SunnyDay|[upkeep]
|upkeep
|turn|15
|c|☆DraconSer|no si es que
|choice|*|*move 4
|choice|*move 4|*
|choice|move yawn|move swordsdance
|
|move|p2a: Mimikyu|Swords Dance|p2a: Mimikyu
|-boost|p2a: Mimikyu|atk|2
|-curestatus|p1a: Torkoal|slp|[msg]
|move|p1a: Torkoal|Yawn|p2a: Mimikyu
|-start|p2a: Mimikyu|move: Yawn|[of] p1a: Torkoal
|
|-weather|none
|upkeep
|turn|16
|choice|*|*move 1
|choice|*|*move 1
|choice|*move 2|*
|choice|move lavaplume|move playrough
|
|move|p2a: Mimikyu|Play Rough|p1a: Torkoal
|-resisted|p1a: Torkoal
|-crit|p1a: Torkoal
|-damage|p1a: Torkoal|193\/343
|move|p1a: Torkoal|Lava Plume|p2a: Mimikyu
|-activate|p2a: Mimikyu|ability: Disguise
|-damage|p2a: Mimikyu|251\/251
|-status|p2a: Mimikyu|brn
|detailschange|p2a: Mimikyu|Mimikyu-Busted, M, shiny
|
|-end|p2a: Mimikyu|move: Yawn|[silent]
|-damage|p2a: Mimikyu|236\/251 brn|[from] brn
|upkeep
|turn|17
|choice|*|*move 1 zmove
|c|☆harrytatobrine|quemado :3
|choice|*move 2|*
|choice|move lavaplume|move playrough zmove
|
|-zpower|p2a: Mimikyu
|move|p2a: Mimikyu|Let's Snuggle Forever|p1a: Torkoal|[zeffect]
|-resisted|p1a: Torkoal
|-damage|p1a: Torkoal|72\/343
|move|p1a: Torkoal|Lava Plume|p2a: Mimikyu
|-damage|p2a: Mimikyu|154\/251 brn
|
|-damage|p2a: Mimikyu|139\/251 brn|[from] brn
|upkeep
|turn|18
|choice|*move 3|*
|choice|*|*move 1
|choice|move earthquake|move playrough
|
|move|p2a: Mimikyu|Play Rough|p1a: Torkoal
|-resisted|p1a: Torkoal
|-damage|p1a: Torkoal|23\/343
|move|p1a: Torkoal|Earthquake|p2a: Mimikyu
|-damage|p2a: Mimikyu|67\/251 brn
|
|-damage|p2a: Mimikyu|52\/251 brn|[from] brn
|upkeep
|turn|19
|choice|*|*move 1
|choice|*move 3|*
|choice|move earthquake|move playrough
|
|move|p2a: Mimikyu|Play Rough|p1a: Torkoal
|-resisted|p1a: Torkoal
|-damage|p1a: Torkoal|0 fnt
|faint|p1a: Torkoal
|
|-damage|p2a: Mimikyu|37\/251 brn|[from] brn
|upkeep
|c|☆DraconSer|ya vali
|choice|*switch 2|*
|choice|switch 2|
|
|switch|p1a: Blacephalon|Blacephalon|247\/247
|turn|20
|choice|*move 1|*
|c|☆DraconSer|y me decias problema?
|c|☆DraconSer|jajjajajaja
|c|☆harrytatobrine|xd
|c|☆DraconSer|SOY HISTORIA
|choice|*|*move 2
|choice|move shadowball|move shadowsneak
|
|move|p2a: Mimikyu|Shadow Sneak|p1a: Blacephalon
|-supereffective|p1a: Blacephalon
|-crit|p1a: Blacephalon
|-enditem|p1a: Blacephalon|Focus Sash
|-damage|p1a: Blacephalon|1\/247
|move|p1a: Blacephalon|Shadow Ball|p2a: Mimikyu
|-supereffective|p2a: Mimikyu
|-crit|p2a: Mimikyu
|-damage|p2a: Mimikyu|0 fnt
|faint|p2a: Mimikyu
|-ability|p1a: Blacephalon|Beast Boost|boost
|-boost|p1a: Blacephalon|spa|1
|
|upkeep
|choice|*|*switch 3
|choice||switch 3
|
|switch|p2a: Hitmontop|Hitmontop, M, shiny|166\/303 brn
|turn|21
|choice|*|*move 3
|choice|*move 4|*
|choice|move psyshock|move bulletpunch
|
|move|p2a: Hitmontop|Bullet Punch|p1a: Blacephalon
|-resisted|p1a: Blacephalon
|-damage|p1a: Blacephalon|0 fnt
|faint|p1a: Blacephalon
|
|-damage|p2a: Hitmontop|148\/303 brn|[from] brn
|upkeep
|choice|*switch 5|*
|choice|switch 5|
|
|switch|p1a: Infernape|Infernape, M|293\/293
|turn|22
|choice|*move 1|*
|choice|*|*move 4
|choice|move swordsdance|move stoneedge
|
|move|p1a: Infernape|Swords Dance|p1a: Infernape
|-boost|p1a: Infernape|atk|2
|move|p2a: Hitmontop|Stone Edge|p1a: Infernape
|-damage|p1a: Infernape|227\/293
|
|-damage|p2a: Hitmontop|130\/303 brn|[from] brn
|upkeep
|turn|23
|choice|*move 1|*
|choice|*|*move 4
|choice|move swordsdance|move stoneedge
|
|move|p1a: Infernape|Swords Dance|p1a: Infernape
|-boost|p1a: Infernape|atk|2
|move|p2a: Hitmontop|Stone Edge|p1a: Infernape
|-damage|p1a: Infernape|157\/293
|
|-damage|p2a: Hitmontop|112\/303 brn|[from] brn
|upkeep
|turn|24
|choice|*|*move 4
|choice|*move 3|*
|choice|move flareblitz|move stoneedge
|
|move|p1a: Infernape|Flare Blitz|p2a: Hitmontop
|-damage|p2a: Hitmontop|0 fnt
|-damage|p1a: Infernape|120\/293|[from] recoil
|faint|p2a: Hitmontop
|
|upkeep
|choice|*|*switch 4
|choice||switch 4
|
|switch|p2a: Noivern|Noivern, F, shiny|311\/311
|turn|25
|choice|*|*move 2
|choice|*move 2 zmove|*
|choice|move closecombat zmove|move hurricane
|
|move|p2a: Noivern|Hurricane|p1a: Infernape|[miss]
|-miss|p2a: Noivern|p1a: Infernape
|-zpower|p1a: Infernape
|move|p1a: Infernape|All-Out Pummeling|p2a: Noivern|[zeffect]
|-resisted|p2a: Noivern
|-damage|p2a: Noivern|0 fnt
|faint|p2a: Noivern
|
|upkeep
|c|☆DraconSer|.__.
|c|☆harrytatobrine|eso si es mala suerte
|c|☆harrytatobrine|ya me joderia a mi xd
|c|☆DraconSer|MIIRA YA RECUERDO POR QUE DEJE SHOWDON POR QUE SOY MUYYYY MALISIMO Y MAS APARTE LA SUERTE ME DISE QUE SOY ESCORIA
|choice|*|*switch 2
|choice||switch 2
|
|switch|p2a: Electivire|Electivire, M, shiny|319\/354
|turn|26
|c|☆harrytatobrine|XD
|choice|*|*move 4
|choice|*move 4|*
|choice|move machpunch|move earthquake
|
|move|p1a: Infernape|Mach Punch|p2a: Electivire
|-damage|p2a: Electivire|0 fnt
|faint|p2a: Electivire
|
|win|harrytatobrine
|c|☆DraconSer|como no
|c|☆DraconSer|COMO NO
|c|☆DraconSer|SI ES QUE
|c|☆harrytatobrine|intenta hacer la liga :V
|c|☆harrytatobrine|yo soy el mas dificl
|c|☆harrytatobrine|ah para
|c|☆DraconSer|NO SIRVO NI SI QUIERA PARA ENTRENAR
|c|☆harrytatobrine|esta araquanid
|c|☆DraconSer|no si es que
|c|☆harrytatobrine|soy el segundo mas jodido(?
|c|☆harrytatobrine|intenta
|c|☆DraconSer|de aqui no me voy hasta ganrte hijo
</script>
</div>
<div class="battle-log battle-log-inline"><div class="inner"><div class="battle-options"></div><div class="inner"><div class=""><small>Format:</small> <br><strong>OU</strong></div><div class=""><small><em>Cláusula-Mod de Dormir:</em> solo puedes dormir a uno de tus oponentes a la vez.</small></div><div class=""><small><em>Cláusula de Especie:</em> Hasta un Pokémon de cada especie</small></div><div class=""><small><em>Cláusula de Golpe Fulminante:</em> los movimientos fulminantes (OHKO) estan prohibidos</small></div><div class=""><small><em>Cláusula de Veleta:</em> la habilidad Veleta está prohibida</small></div><div class=""><small><em>Cláusula de Movimientos Evasivos:</em> los movimientos de Evasión están prohibidos.</small></div><div class=""><small><em>Cláusula de Batallas Eternas:</em> forzar batallas eternas está prohibido</small></div><div class="chat battle-history"><strong>harrytatobrine's team:</strong> <em style="color:#445566;display:block;">Charizard / Blacephalon / Rotom-Heat / Torkoal / Infernape / Chandelure</em></div><div class="chat battle-history"><strong>DraconSer's team:</strong> <em style="color:#445566;display:block;">Aggron / Hitmontop / Mimikyu / Noivern / Electivire / Empoleon</em></div><div class="chat chatmessage-harrytatobrine"><strong style="color:hsl(3,69%,45.25906921207555%)"><small>☆</small><span class="username" data-name="harrytatobrine">harrytatobrine</span>:</strong> <em>DAAAALEEE</em></div><div class="chat chatmessage-draconser"><strong style="color:hsl(100,46%,42%)"><small>☆</small><span class="username" data-name="DraconSer">DraconSer</span>:</strong> <em>el mismo team pero para ti :3</em></div><div class="spacer battle-history"><br></div><div class="battle-history">Battle started between harrytatobrine and DraconSer!<br></div><div class="spacer battle-history"><br></div><div class="battle-history">Go! Rotom (<strong>Rotom-Heat</strong>)!<br></div><div class="spacer battle-history"><br></div><div class="battle-history">DraconSer sent out <strong>Electivire</strong>!<br></div><div class="spacer battle-history"><br></div><h2 class="battle-history">Turn 1</h2><div class="spacer battle-history"><br></div><div class="battle-history">The opposing Electivire used <strong>Cross Chop</strong>!<br></div><div class="battle-history"><small>Rotom avoided the attack!</small><br></div><div class="spacer battle-history"><br></div><div class="battle-history">Rotom used <strong>Light Screen</strong>!<br></div><div class="battle-history"><small>Light Screen made your team stronger against special moves!</small><br></div><div class="spacer battle-history"><br></div><h2 class="battle-history">Turn 2</h2><div class="spacer battle-history"><br></div><div class="battle-history">DraconSer withdrew Electivire!<br></div><div class="battle-history">DraconSer sent out <strong>Aggron</strong>!<br></div><div class="spacer battle-history"><br></div><div class="battle-history">Rotom used <strong>Reflect</strong>!<br></div><div class="battle-history"><small>Reflect made your team stronger against physical moves!</small><br></div><div class="spacer battle-history"><br></div><h2 class="battle-history">Turn 3</h2><div class="spacer battle-history"><br></div><div class="battle-history"><small>The opposing Aggron's Aggronite is reacting to the Key Stone!</small><br>The opposing Aggron has Mega Evolved into Mega Aggron!<br></div><div class="spacer battle-history"><br></div><div class="battle-history">Rotom used <strong>Volt Switch</strong>!<br></div><div class="battle-history"><small>(The opposing Aggron lost <abbr title="−99/343">28.9%</abbr> of its health!)</small><br></div><div class="spacer battle-history"><br></div><div class="battle-history">Rotom went back to harrytatobrine!<br></div><div class="battle-history">Go! <strong>Chandelure</strong>!<br></div><div class="spacer battle-history"><br></div><div class="battle-history">The opposing Aggron used <strong>Hone Claws</strong>!<br></div><div class="battle-history"><small>The opposing Aggron's Attack rose!</small><br></div><div class="battle-history"><small>The opposing Aggron's accuracy rose!</small><br></div><div class="spacer battle-history"><br></div><h2 class="battle-history">Turn 4</h2><div class="spacer battle-history"><br></div><div class="battle-history">Chandelure used <strong>Flamethrower</strong>!<br></div><div class="battle-history"><small>It's super effective!</small><br></div><div class="battle-history"><small>(The opposing Aggron lost <abbr title="−244/343">71.1%</abbr> of its health!)</small><br></div><div class="spacer battle-history"><br></div><div class="battle-history">The opposing Aggron fainted!<br></div><div class="chat chatmessage-draconser"><strong style="color:hsl(100,46%,42%)"><small>☆</small><span class="username" data-name="DraconSer">DraconSer</span>:</strong> <em>que bien</em></div><div class="chat chatmessage-draconser"><strong style="color:hsl(100,46%,42%)"><small>☆</small><span class="username" data-name="DraconSer">DraconSer</span>:</strong> <em>ves</em></div><div class="chat chatmessage-draconser"><strong style="color:hsl(100,46%,42%)"><small>☆</small><span class="username" data-name="DraconSer">DraconSer</span>:</strong> <em>aun que cambie de equipo NO SOY NADA</em></div><div class="spacer battle-history"><br></div><div class="battle-history">DraconSer sent out <strong>Empoleon</strong>!<br></div><div class="spacer battle-history"><br></div><h2 class="battle-history">Turn 5</h2><div class="chat chatmessage-harrytatobrine"><strong style="color:hsl(3,69%,45.25906921207555%)"><small>☆</small><span class="username" data-name="harrytatobrine">harrytatobrine</span>:</strong> <em>430 de atk especial</em></div><div class="chat chatmessage-harrytatobrine"><strong style="color:hsl(3,69%,45.25906921207555%)"><small>☆</small><span class="username" data-name="harrytatobrine">harrytatobrine</span>:</strong> <em>mas la cinta expero :V</em></div><div class="spacer battle-history"><br></div><div class="battle-history">Chandelure used <strong>Energy Ball</strong>!<br></div><div class="battle-history"><small>(The opposing Empoleon lost <abbr title="−86/372">23.1%</abbr> of its health!)</small><br></div><div class="spacer battle-history"><br></div><div class="battle-history">The opposing Empoleon used <strong>Knock Off</strong>!<br></div><div class="battle-history"><small>It's super effective!</small><br></div><div class="battle-history"><small>(Chandelure lost <abbr title="−69/324">21.3%</abbr> of its health!)</small><br></div><div class="battle-history"><small>The opposing Empoleon knocked off Chandelure's Expert Belt!</small><br></div><div class="spacer battle-history"><br></div><h2 class="battle-history">Turn 6</h2><div class="chat chatmessage-draconser"><strong style="color:hsl(100,46%,42%)"><small>☆</small><span class="username" data-name="DraconSer">DraconSer</span>:</strong> <em>desias</em></div><div class="spacer battle-history"><br></div><div class="battle-history">Chandelure used <strong>Flamethrower</strong>!<br></div><div class="battle-history"><small>(The opposing Empoleon lost <abbr title="−121/372">32.5%</abbr> of its health!)</small><br></div><div class="spacer battle-history"><br></div><div class="battle-history">The opposing Empoleon used <strong>Scald</strong>!<br></div><div class="battle-history"><small>It's super effective!</small><br></div><div class="battle-history"><small>(Chandelure lost <abbr title="−160/324">49.4%</abbr> of its health!)</small><br></div><div class="spacer battle-history"><br></div><h2 class="battle-history">Turn 7</h2><div class="chat chatmessage-harrytatobrine"><strong style="color:hsl(3,69%,45.25906921207555%)"><small>☆</small><span class="username" data-name="harrytatobrine">harrytatobrine</span>:</strong> <em>OYE &gt;:v</em></div><div class="spacer battle-history"><br></div><div class="battle-history">Chandelure used <strong>Shadow Ball</strong>!<br></div><div class="battle-history"><small>(The opposing Empoleon lost <abbr title="−103/372">27.7%</abbr> of its health!)</small><br></div><div class="spacer battle-history"><br></div><div class="battle-history">The opposing Empoleon used <strong>Scald</strong>!<br></div><div class="battle-history"><small>It's super effective!</small><br></div><div class="battle-history"><small>(Chandelure lost <abbr title="−95/324">29.3%</abbr> of its health!)</small><br></div><div class="spacer battle-history"><br></div><div class="battle-history">Chandelure fainted!<br></div><div class="spacer battle-history"><br></div><div class="battle-history">Go! <strong>Torkoal</strong>!<br></div><div class="battle-history"><small>[Torkoal's Drought]</small><br><small>The sunlight turned harsh!</small><br></div><div class="spacer battle-history"><br></div><h2 class="battle-history">Turn 8</h2><div class="spacer battle-history"><br></div><div class="battle-history">The opposing Empoleon used <strong>Scald</strong>!<br></div><div class="battle-history"><small>It's super effective!</small><br></div><div class="battle-history"><small>(Torkoal lost <abbr title="−88/343">25.7%</abbr> of its health!)</small><br></div><div class="spacer battle-history"><br></div><div class="battle-history">Torkoal used <strong>Earthquake</strong>!<br></div><div class="battle-history"><small>It's super effective!</small><br></div><div class="battle-history"><small>(The opposing Empoleon lost <abbr title="−62/372">16.7%</abbr> of its health!)</small><br></div><div class="spacer battle-history"><br></div><div class="battle-history">The opposing Empoleon fainted!<br></div><div class="spacer battle-history"><br></div><div class="battle-history"><small>(The sunlight is strong!)</small><br></div><div class="battle-history"><small>Your team's Light Screen wore off!</small><br></div><div class="spacer battle-history"><br></div><div class="battle-history">DraconSer sent out <strong>Electivire</strong>!<br></div><div class="spacer battle-history"><br></div><h2 class="battle-history">Turn 9</h2><div class="spacer battle-history"><br></div><div class="battle-history">The opposing Electivire used <strong>Earthquake</strong>!<br></div><div class="battle-history"><small>It's super effective!</small><br></div><div class="battle-history"><small>(Torkoal lost <abbr title="−101/343">29.4%</abbr> of its health!)</small><br></div><div class="battle-history"><small>The opposing Electivire lost some of its HP!</small><br></div><div class="spacer battle-history"><br></div><div class="battle-history">Torkoal used <strong>Yawn</strong>!<br></div><div class="battle-history"><small>The opposing Electivire grew drowsy!</small><br></div><div class="spacer battle-history"><br></div><div class="battle-history"><small>(The sunlight is strong!)</small><br></div><div class="battle-history"><small>Your team's Reflect wore off!</small><br></div><div class="spacer battle-history"><br></div><h2 class="battle-history">Turn 10</h2><div class="spacer battle-history"><br></div><div class="battle-history">DraconSer withdrew Electivire!<br></div><div class="battle-history">DraconSer sent out <strong>Hitmontop</strong>!<br></div><div class="spacer battle-history"><br></div><div class="battle-history">Torkoal used <strong>Earthquake</strong>!<br></div><div class="battle-history"><small>(The opposing Hitmontop lost <abbr title="−67/303">22.1%</abbr> of its health!)</small><br></div><div class="spacer battle-history"><br></div><div class="battle-history"><small>(The sunlight is strong!)</small><br></div><div class="spacer battle-history"><br></div><h2 class="battle-history">Turn 11</h2><div class="spacer battle-history"><br></div><div class="battle-history">The opposing Hitmontop used <strong>Stone Edge</strong>!<br></div><div class="battle-history"><small>It's super effective!</small><br></div><div class="battle-history"><small>(Torkoal lost <abbr title="−130/343">37.9%</abbr> of its health!)</small><br></div><div class="spacer battle-history"><br></div><div class="battle-history">Torkoal used <strong>Lava Plume</strong>!<br></div><div class="battle-history"><small>(The opposing Hitmontop lost <abbr title="−109/303">36.0%</abbr> of its health!)</small><br></div><div class="battle-history"><small>The opposing Hitmontop was burned!</small><br></div><div class="battle-history"><small>The opposing Hitmontop ate its Sitrus Berry!</small><br></div><div class="battle-history"><small>The opposing Hitmontop restored HP using its Sitrus Berry!</small><br></div><div class="spacer battle-history"><br></div><div class="battle-history"><small>(The sunlight is strong!)</small><br></div><div class="battle-history"><small>The opposing Hitmontop was hurt by its burn!</small><br></div><div class="spacer battle-history"><br></div><h2 class="battle-history">Turn 12</h2><div class="spacer battle-history"><br></div><div class="battle-history">The opposing Hitmontop used <strong>Bullet Punch</strong>!<br></div><div class="battle-history"><small>It's not very effective...</small><br></div><div class="battle-history"><small>A critical hit!</small><br></div><div class="battle-history"><small>(Torkoal lost <abbr title="−13/343">3.8%</abbr> of its health!)</small><br></div><div class="spacer battle-history"><br></div><div class="battle-history">Torkoal used <strong>Rest</strong>!<br></div><div class="battle-history"><small>Torkoal fell asleep!</small><br></div><div class="battle-history"><small>Torkoal slept and became healthy!</small><br></div><div class="spacer battle-history"><br></div><div class="battle-history"><small>(The sunlight is strong!)</small><br></div><div class="battle-history"><small>The opposing Hitmontop was hurt by its burn!</small><br></div><div class="spacer battle-history"><br></div><h2 class="battle-history">Turn 13</h2><div class="chat chatmessage-draconser"><strong style="color:hsl(100,46%,42%)"><small>☆</small><span class="username" data-name="DraconSer">DraconSer</span>:</strong> <em>.___.</em></div><div class="chat chatmessage-draconser"><strong style="color:hsl(100,46%,42%)"><small>☆</small><span class="username" data-name="DraconSer">DraconSer</span>:</strong> <em>DE VERDAD ES QUE ME GUSTA MI VENDITA SUERTRE</em></div><div class="chat chatmessage-harrytatobrine"><strong style="color:hsl(3,69%,45.25906921207555%)"><small>☆</small><span class="username" data-name="harrytatobrine">harrytatobrine</span>:</strong> <em>tabla de tipos :V</em></div><div class="chat chatmessage-harrytatobrine"><strong style="color:hsl(3,69%,45.25906921207555%)"><small>☆</small><span class="username" data-name="harrytatobrine">harrytatobrine</span>:</strong> <em>y estas quemado</em></div><div class="chat chatmessage-draconser"><strong style="color:hsl(100,46%,42%)"><small>☆</small><span class="username" data-name="DraconSer">DraconSer</span>:</strong> <em>pero estabas a poca vida mas apate tengo experto &gt;:V</em></div><div class="chat chatmessage-harrytatobrine"><strong style="color:hsl(3,69%,45.25906921207555%)"><small>☆</small><span class="username" data-name="harrytatobrine">harrytatobrine</span>:</strong> <em>te reduce el ataque a la mitad</em></div><div class="spacer battle-history"><br></div><div class="battle-history">DraconSer withdrew Hitmontop!<br></div><div class="battle-history">DraconSer sent out <strong>Mimikyu</strong>!<br></div><div class="spacer battle-history"><br></div><div class="battle-history">Torkoal is fast asleep.<br></div><div class="spacer battle-history"><br></div><div class="battle-history"><small>(The sunlight is strong!)</small><br></div><div class="spacer battle-history"><br></div><h2 class="battle-history">Turn 14</h2><div class="chat chatmessage-harrytatobrine"><strong style="color:hsl(3,69%,45.25906921207555%)"><small>☆</small><span class="username" data-name="harrytatobrine">harrytatobrine</span>:</strong> <em>o demonios</em></div><div class="chat chatmessage-harrytatobrine"><strong style="color:hsl(3,69%,45.25906921207555%)"><small>☆</small><span class="username" data-name="harrytatobrine">harrytatobrine</span>:</strong> <em>el problema</em></div><div class="spacer battle-history"><br></div><div class="battle-history">The opposing Mimikyu used <strong>Swords Dance</strong>!<br></div><div class="battle-history"><small>The opposing Mimikyu's Attack rose sharply!</small><br></div><div class="spacer battle-history"><br></div><div class="battle-history">Torkoal is fast asleep.<br></div><div class="spacer battle-history"><br></div><div class="battle-history"><small>(The sunlight is strong!)</small><br></div><div class="spacer battle-history"><br></div><h2 class="battle-history">Turn 15</h2><div class="chat chatmessage-draconser"><strong style="color:hsl(100,46%,42%)"><small>☆</small><span class="username" data-name="DraconSer">DraconSer</span>:</strong> <em>no si es que</em></div><div class="spacer battle-history"><br></div><div class="battle-history">The opposing Mimikyu used <strong>Swords Dance</strong>!<br></div><div class="battle-history"><small>The opposing Mimikyu's Attack rose sharply!</small><br></div><div class="battle-history"><small>Torkoal woke up!</small><br></div><div class="spacer battle-history"><br></div><div class="battle-history">Torkoal used <strong>Yawn</strong>!<br></div><div class="battle-history"><small>The opposing Mimikyu grew drowsy!</small><br></div><div class="spacer battle-history"><br></div><div class="battle-history"><small>The sunlight faded.</small><br></div><div class="spacer battle-history"><br></div><h2 class="battle-history">Turn 16</h2><div class="spacer battle-history"><br></div><div class="battle-history">The opposing Mimikyu used <strong>Play Rough</strong>!<br></div><div class="battle-history"><small>It's not very effective...</small><br></div><div class="battle-history"><small>A critical hit!</small><br></div><div class="battle-history"><small>(Torkoal lost <abbr title="−150/343">43.7%</abbr> of its health!)</small><br></div><div class="spacer battle-history"><br></div><div class="battle-history">Torkoal used <strong>Lava Plume</strong>!<br></div><div class="battle-history"><small>[The opposing Mimikyu's Disguise]</small><br><small>Its disguise served it as a decoy!</small><br></div><div class="battle-history"><small>(The opposing Mimikyu lost <abbr title="0/251">0%</abbr> of its health!)</small><br></div><div class="battle-history"><small>The opposing Mimikyu was burned!</small><br></div><div class="battle-history">The opposing Mimikyu's disguise was busted!<br></div><div class="spacer battle-history"><br></div><div class="battle-history"><small>The opposing Mimikyu was hurt by its burn!</small><br></div><div class="spacer battle-history"><br></div><h2 class="battle-history">Turn 17</h2><div class="chat chatmessage-harrytatobrine"><strong style="color:hsl(3,69%,45.25906921207555%)"><small>☆</small><span class="username" data-name="harrytatobrine">harrytatobrine</span>:</strong> <em>quemado :3</em></div><div class="spacer battle-history"><br></div><div class="battle-history"><small>The opposing Mimikyu surrounded itself with its Z-Power!</small><br></div><div class="spacer battle-history"><br></div><div class="battle-history">The opposing Mimikyu used <strong>Let's Snuggle Forever</strong>!<br></div><div class="battle-history"><small>It's not very effective...</small><br></div><div class="battle-history"><small>(Torkoal lost <abbr title="−121/343">35.3%</abbr> of its health!)</small><br></div><div class="spacer battle-history"><br></div><div class="battle-history">Torkoal used <strong>Lava Plume</strong>!<br></div><div class="battle-history"><small>(The opposing Mimikyu lost <abbr title="−82/251">32.7%</abbr> of its health!)</small><br></div><div class="spacer battle-history"><br></div><div class="battle-history"><small>The opposing Mimikyu was hurt by its burn!</small><br></div><div class="spacer battle-history"><br></div><h2 class="battle-history">Turn 18</h2><div class="spacer battle-history"><br></div><div class="battle-history">The opposing Mimikyu used <strong>Play Rough</strong>!<br></div><div class="battle-history"><small>It's not very effective...</small><br></div><div class="battle-history"><small>(Torkoal lost <abbr title="−49/343">14.3%</abbr> of its health!)</small><br></div><div class="spacer battle-history"><br></div><div class="battle-history">Torkoal used <strong>Earthquake</strong>!<br></div><div class="battle-history"><small>(The opposing Mimikyu lost <abbr title="−72/251">28.7%</abbr> of its health!)</small><br></div><div class="spacer battle-history"><br></div><div class="battle-history"><small>The opposing Mimikyu was hurt by its burn!</small><br></div><div class="spacer battle-history"><br></div><h2 class="battle-history">Turn 19</h2><div class="spacer battle-history"><br></div><div class="battle-history">The opposing Mimikyu used <strong>Play Rough</strong>!<br></div><div class="battle-history"><small>It's not very effective...</small><br></div><div class="battle-history"><small>(Torkoal lost <abbr title="−23/343">6.7%</abbr> of its health!)</small><br></div><div class="spacer battle-history"><br></div><div class="battle-history">Torkoal fainted!<br></div><div class="spacer battle-history"><br></div><div class="battle-history"><small>The opposing Mimikyu was hurt by its burn!</small><br></div><div class="chat chatmessage-draconser"><strong style="color:hsl(100,46%,42%)"><small>☆</small><span class="username" data-name="DraconSer">DraconSer</span>:</strong> <em>ya vali</em></div><div class="spacer battle-history"><br></div><div class="battle-history">Go! <strong>Blacephalon</strong>!<br></div><div class="spacer battle-history"><br></div><h2 class="battle-history">Turn 20</h2><div class="chat chatmessage-draconser"><strong style="color:hsl(100,46%,42%)"><small>☆</small><span class="username" data-name="DraconSer">DraconSer</span>:</strong> <em>y me decias problema?</em></div><div class="chat chatmessage-draconser"><strong style="color:hsl(100,46%,42%)"><small>☆</small><span class="username" data-name="DraconSer">DraconSer</span>:</strong> <em>jajjajajaja</em></div><div class="chat chatmessage-harrytatobrine"><strong style="color:hsl(3,69%,45.25906921207555%)"><small>☆</small><span class="username" data-name="harrytatobrine">harrytatobrine</span>:</strong> <em>xd</em></div><div class="chat chatmessage-draconser"><strong style="color:hsl(100,46%,42%)"><small>☆</small><span class="username" data-name="DraconSer">DraconSer</span>:</strong> <em>SOY HISTORIA</em></div><div class="spacer battle-history"><br></div><div class="battle-history">The opposing Mimikyu used <strong>Shadow Sneak</strong>!<br></div><div class="battle-history"><small>It's super effective!</small><br></div><div class="battle-history"><small>A critical hit!</small><br></div><div class="battle-history"><small>Blacephalon hung on using its Focus Sash!</small><br></div><div class="battle-history"><small>(Blacephalon lost <abbr title="−246/247">99.6%</abbr> of its health!)</small><br></div><div class="spacer battle-history"><br></div><div class="battle-history">Blacephalon used <strong>Shadow Ball</strong>!<br></div><div class="battle-history"><small>It's super effective!</small><br></div><div class="battle-history"><small>A critical hit!</small><br></div><div class="battle-history"><small>(The opposing Mimikyu lost <abbr title="−37/251">14.7%</abbr> of its health!)</small><br></div><div class="spacer battle-history"><br></div><div class="battle-history">The opposing Mimikyu fainted!<br></div><div class="battle-history"><small>[Blacephalon's Beast Boost]</small><br></div><div class="battle-history"><small>Blacephalon's Special Attack rose!</small><br></div><div class="spacer battle-history"><br></div><div class="battle-history">DraconSer sent out <strong>Hitmontop</strong>!<br></div><div class="spacer battle-history"><br></div><h2 class="battle-history">Turn 21</h2><div class="spacer battle-history"><br></div><div class="battle-history">The opposing Hitmontop used <strong>Bullet Punch</strong>!<br></div><div class="battle-history"><small>It's not very effective...</small><br></div><div class="battle-history"><small>(Blacephalon lost <abbr title="−1/247">0.4%</abbr> of its health!)</small><br></div><div class="spacer battle-history"><br></div><div class="battle-history">Blacephalon fainted!<br></div><div class="spacer battle-history"><br></div><div class="battle-history"><small>The opposing Hitmontop was hurt by its burn!</small><br></div><div class="spacer battle-history"><br></div><div class="battle-history">Go! <strong>Infernape</strong>!<br></div><div class="spacer battle-history"><br></div><h2 class="battle-history">Turn 22</h2><div class="spacer battle-history"><br></div><div class="battle-history">Infernape used <strong>Swords Dance</strong>!<br></div><div class="battle-history"><small>Infernape's Attack rose sharply!</small><br></div><div class="spacer battle-history"><br></div><div class="battle-history">The opposing Hitmontop used <strong>Stone Edge</strong>!<br></div><div class="battle-history"><small>(Infernape lost <abbr title="−66/293">22.5%</abbr> of its health!)</small><br></div><div class="spacer battle-history"><br></div><div class="battle-history"><small>The opposing Hitmontop was hurt by its burn!</small><br></div><div class="spacer battle-history"><br></div><h2 class="battle-history">Turn 23</h2><div class="spacer battle-history"><br></div><div class="battle-history">Infernape used <strong>Swords Dance</strong>!<br></div><div class="battle-history"><small>Infernape's Attack rose sharply!</small><br></div><div class="spacer battle-history"><br></div><div class="battle-history">The opposing Hitmontop used <strong>Stone Edge</strong>!<br></div><div class="battle-history"><small>(Infernape lost <abbr title="−70/293">23.9%</abbr> of its health!)</small><br></div><div class="spacer battle-history"><br></div><div class="battle-history"><small>The opposing Hitmontop was hurt by its burn!</small><br></div><div class="spacer battle-history"><br></div><h2 class="battle-history">Turn 24</h2><div class="spacer battle-history"><br></div><div class="battle-history">Infernape used <strong>Flare Blitz</strong>!<br></div><div class="battle-history"><small>(The opposing Hitmontop lost <abbr title="−112/303">37.0%</abbr> of its health!)</small><br></div><div class="battle-history"><small>Infernape is damaged by the recoil!</small><br></div><div class="spacer battle-history"><br></div><div class="battle-history">The opposing Hitmontop fainted!<br></div><div class="spacer battle-history"><br></div><div class="battle-history">DraconSer sent out <strong>Noivern</strong>!<br></div><div class="spacer battle-history"><br></div><h2 class="battle-history">Turn 25</h2><div class="spacer battle-history"><br></div><div class="battle-history">The opposing Noivern used <strong>Hurricane</strong>!<br></div><div class="battle-history"><small>Infernape avoided the attack!</small><br></div><div class="battle-history"><small>Infernape surrounded itself with its Z-Power!</small><br></div><div class="spacer battle-history"><br></div><div class="battle-history">Infernape used <strong>All-Out Pummeling</strong>!<br></div><div class="battle-history"><small>It's not very effective...</small><br></div><div class="battle-history"><small>(The opposing Noivern lost <abbr title="−311/311">100%</abbr> of its health!)</small><br></div><div class="spacer battle-history"><br></div><div class="battle-history">The opposing Noivern fainted!<br></div><div class="chat chatmessage-draconser"><strong style="color:hsl(100,46%,42%)"><small>☆</small><span class="username" data-name="DraconSer">DraconSer</span>:</strong> <em>.__.</em></div><div class="chat chatmessage-harrytatobrine"><strong style="color:hsl(3,69%,45.25906921207555%)"><small>☆</small><span class="username" data-name="harrytatobrine">harrytatobrine</span>:</strong> <em>eso si es mala suerte</em></div><div class="chat chatmessage-harrytatobrine"><strong style="color:hsl(3,69%,45.25906921207555%)"><small>☆</small><span class="username" data-name="harrytatobrine">harrytatobrine</span>:</strong> <em>ya me joderia a mi xd</em></div><div class="chat chatmessage-draconser"><strong style="color:hsl(100,46%,42%)"><small>☆</small><span class="username" data-name="DraconSer">DraconSer</span>:</strong> <em>MIIRA YA RECUERDO POR QUE DEJE SHOWDON POR QUE SOY MUYYYY MALISIMO Y MAS APARTE LA SUERTE ME DISE QUE SOY ESCORIA</em></div><div class="spacer battle-history"><br></div><div class="battle-history">DraconSer sent out <strong>Electivire</strong>!<br></div><div class="spacer battle-history"><br></div><h2 class="battle-history">Turn 26</h2><div class="chat chatmessage-harrytatobrine"><strong style="color:hsl(3,69%,45.25906921207555%)"><small>☆</small><span class="username" data-name="harrytatobrine">harrytatobrine</span>:</strong> <em>XD</em></div><div class="spacer battle-history"><br></div><div class="battle-history">Infernape used <strong>Mach Punch</strong>!<br></div><div class="battle-history"><small>(The opposing Electivire lost <abbr title="−319/354">90.1%</abbr> of its health!)</small><br></div><div class="spacer battle-history"><br></div><div class="battle-history">The opposing Electivire fainted!<br></div><div class="spacer battle-history"><br></div><div class="battle-history"><strong>harrytatobrine</strong> won the battle!<br></div><div class="chat chatmessage-draconser"><strong style="color:hsl(100,46%,42%)"><small>☆</small><span class="username" data-name="DraconSer">DraconSer</span>:</strong> <em>como no</em></div><div class="chat chatmessage-draconser"><strong style="color:hsl(100,46%,42%)"><small>☆</small><span class="username" data-name="DraconSer">DraconSer</span>:</strong> <em>COMO NO</em></div><div class="chat chatmessage-draconser"><strong style="color:hsl(100,46%,42%)"><small>☆</small><span class="username" data-name="DraconSer">DraconSer</span>:</strong> <em>SI ES QUE</em></div><div class="chat chatmessage-harrytatobrine"><strong style="color:hsl(3,69%,45.25906921207555%)"><small>☆</small><span class="username" data-name="harrytatobrine">harrytatobrine</span>:</strong> <em>intenta hacer la liga :V</em></div><div class="chat chatmessage-harrytatobrine"><strong style="color:hsl(3,69%,45.25906921207555%)"><small>☆</small><span class="username" data-name="harrytatobrine">harrytatobrine</span>:</strong> <em>yo soy el mas dificl</em></div><div class="chat chatmessage-harrytatobrine"><strong style="color:hsl(3,69%,45.25906921207555%)"><small>☆</small><span class="username" data-name="harrytatobrine">harrytatobrine</span>:</strong> <em>ah para</em></div><div class="chat chatmessage-draconser"><strong style="color:hsl(100,46%,42%)"><small>☆</small><span class="username" data-name="DraconSer">DraconSer</span>:</strong> <em>NO SIRVO NI SI QUIERA PARA ENTRENAR</em></div><div class="chat chatmessage-harrytatobrine"><strong style="color:hsl(3,69%,45.25906921207555%)"><small>☆</small><span class="username" data-name="harrytatobrine">harrytatobrine</span>:</strong> <em>esta araquanid</em></div><div class="chat chatmessage-draconser"><strong style="color:hsl(100,46%,42%)"><small>☆</small><span class="username" data-name="DraconSer">DraconSer</span>:</strong> <em>no si es que</em></div><div class="chat chatmessage-harrytatobrine"><strong style="color:hsl(3,69%,45.25906921207555%)"><small>☆</small><span class="username" data-name="harrytatobrine">harrytatobrine</span>:</strong> <em>soy el segundo mas jodido(?</em></div><div class="chat chatmessage-harrytatobrine"><strong style="color:hsl(3,69%,45.25906921207555%)"><small>☆</small><span class="username" data-name="harrytatobrine">harrytatobrine</span>:</strong> <em>intenta</em></div><div class="chat chatmessage-draconser"><strong style="color:hsl(100,46%,42%)"><small>☆</small><span class="username" data-name="DraconSer">DraconSer</span>:</strong> <em>de aqui no me voy hasta ganrte hijo</em></div></div><div class="inner-preempt"></div></div></div>
</div>
<script>
let daily = Math.floor(Date.now()/1000/60/60/24);document.write('<script src="https://play.pokemonshowdown.com/js/replay-embed.js?version'+daily+'"></'+'script>');
</script>
