<!DOCTYPE html>
<meta charset="utf-8" />
<!-- version 1 -->
<title>OU replay: Mahvel Party vs. LoD Asuna</title>
<style>
html,body {font-family:Verdana, sans-serif;font-size:10pt;margin:0;padding:0;}body{padding:12px 0;} .battle-log {font-family:Verdana, sans-serif;font-size:10pt;} .battle-log-inline {border:1px solid #AAAAAA;background:#EEF2F5;color:black;max-width:640px;margin:0 auto 80px;padding-bottom:5px;} .battle-log .inner {padding:4px 8px 0px 8px;} .battle-log .inner-preempt {padding:0 8px 4px 8px;} .battle-log .inner-after {margin-top:0.5em;} .battle-log h2 {margin:0.5em -8px;padding:4px 8px;border:1px solid #AAAAAA;background:#E0E7EA;border-left:0;border-right:0;font-family:Verdana, sans-serif;font-size:13pt;} .battle-log .chat {vertical-align:middle;padding:3px 0 3px 0;font-size:8pt;} .battle-log .chat strong {color:#40576A;} .battle-log .chat em {padding:1px 4px 1px 3px;color:#000000;font-style:normal;} .chat.mine {background:rgba(0,0,0,0.05);margin-left:-8px;margin-right:-8px;padding-left:8px;padding-right:8px;} .spoiler {color:#BBBBBB;background:#BBBBBB;padding:0px 3px;} .spoiler:hover, .spoiler:active, .spoiler-shown {color:#000000;background:#E2E2E2;padding:0px 3px;} .spoiler a {color:#BBBBBB;} .spoiler:hover a, .spoiler:active a, .spoiler-shown a {color:#2288CC;} .chat code, .chat .spoiler:hover code, .chat .spoiler:active code, .chat .spoiler-shown code {border:1px solid #C0C0C0;background:#EEEEEE;color:black;padding:0 2px;} .chat .spoiler code {border:1px solid #CCCCCC;background:#CCCCCC;color:#CCCCCC;} .battle-log .rated {padding:3px 4px;} .battle-log .rated strong {color:white;background:#89A;padding:1px 4px;border-radius:4px;} .spacer {margin-top:0.5em;} .message-announce {background:#6688AA;color:white;padding:1px 4px 2px;} .message-announce a, .broadcast-green a, .broadcast-blue a, .broadcast-red a {color:#DDEEFF;} .broadcast-green {background-color:#559955;color:white;padding:2px 4px;} .broadcast-blue {background-color:#6688AA;color:white;padding:2px 4px;} .infobox {border:1px solid #6688AA;padding:2px 4px;} .infobox-limited {max-height:200px;overflow:auto;overflow-x:hidden;} .broadcast-red {background-color:#AA5544;color:white;padding:2px 4px;} .message-learn-canlearn {font-weight:bold;color:#228822;text-decoration:underline;} .message-learn-cannotlearn {font-weight:bold;color:#CC2222;text-decoration:underline;} .message-effect-weak {font-weight:bold;color:#CC2222;} .message-effect-resist {font-weight:bold;color:#6688AA;} .message-effect-immune {font-weight:bold;color:#666666;} .message-learn-list {margin-top:0;margin-bottom:0;} .message-throttle-notice, .message-error {color:#992222;} .message-overflow, .chat small.message-overflow {font-size:0pt;} .message-overflow::before {font-size:9pt;content:'...';} .subtle {color:#3A4A66;}
</style>
<div class="wrapper replay-wrapper" style="max-width:1180px;margin:0 auto">
<input type="hidden" name="replayid" value="destiny-ou-415046" />
<div class="battle"></div><div class="battle-log"></div><div class="replay-controls"></div><div class="replay-controls-2"></div>
<h1 style="font-weight:normal;text-align:center"><strong>OU</strong><br /><a href="http://pokemonshowdown.com/users/mahvelparty" class="subtle" target="_blank">Mahvel Party</a> vs. <a href="http://pokemonshowdown.com/users/lodasuna" class="subtle" target="_blank">LoD Asuna</a></h1>
<script type="text/plain" class="battle-log-data">|player|p1|Mahvel Party|169
|teamsize|p1|6
|player|p2|LoD Asuna|lodasuna-5.gif?840a0427
|teamsize|p2|6
|teamsize|p1|6
|teamsize|p2|6
|gametype|singles
|gen|7
|tier|OU
|rated
|seed|20440,8726,41256,61591
|rule|Cláusula-Mod de Dormir: solo puedes dormir a uno de tus oponentes a la vez.
|rule|Cláusula de Especie: Hasta un Pokémon de cada especie
|rule|Cláusula de Golpe Fulminante: los movimientos fulminantes (OHKO) estan prohibidos
|rule|Cláusula de Veleta: la habilidad Veleta está prohibida
|rule|Cláusula de Movimientos Evasivos: los movimientos de Evasión están prohibidos.
|rule|Cláusula de Batallas Eternas: forzar batallas eternas está prohibido
|clearpoke
|poke|p1|Beedrill, M|item
|poke|p1|Magearna|item
|poke|p1|Infernape, M|item
|poke|p1|Ursaring, F|item
|poke|p1|Alomomola, M|item
|poke|p1|Latias, F|item
|poke|p2|Diancie|item
|poke|p2|Zygarde|item
|poke|p2|Keldeo|item
|poke|p2|Landorus-Therian, M|item
|poke|p2|Gyarados, M|item
|poke|p2|Kartana|item
|teampreview|undefined
|choice|*|*team 123456
|choice|*team 213456|*
|choice|team 2, 1, 3, 4, 5, 6|team 1, 2, 3, 4, 5, 6
|
|start
|switch|p1a: Magearna|Magearna|364\/364
|switch|p2a: Diancie|Diancie|241\/241
|turn|1
|choice|*move 4|*
|choice|*|*switch 4
|choice|move icebeam|switch 4
|
|switch|p2a: Landorus|Landorus-Therian, M|382\/382
|-ability|p2a: Landorus|Intimidate|boost
|-unboost|p1a: Magearna|atk|1
|move|p1a: Magearna|Ice Beam|p2a: Landorus
|-supereffective|p2a: Landorus
|-damage|p2a: Landorus|0 fnt
|faint|p2a: Landorus
|-ability|p1a: Magearna|Soul-Heart|boost
|-boost|p1a: Magearna|spa|1
|
|upkeep
|choice|*|*switch 6
|choice||switch 6
|
|switch|p2a: Kartana|Kartana|259\/259
|turn|2
|choice|*move 4|*
|choice|*|*move 1
|choice|move icebeam|move knockoff
|
|move|p2a: Kartana|Knock Off|p1a: Magearna
|-resisted|p1a: Magearna
|-damage|p1a: Magearna|290\/364
|-enditem|p1a: Magearna|Assault Vest|[from] move: Knock Off|[of] p2a: Kartana
|move|p1a: Magearna|Ice Beam|p2a: Kartana
|-damage|p2a: Kartana|0 fnt
|faint|p2a: Kartana
|-ability|p1a: Magearna|Soul-Heart|boost
|-boost|p1a: Magearna|spa|1
|
|upkeep
|choice|*|*switch 2
|choice||switch 2
|
|switch|p2a: Zygarde|Zygarde|394\/394
|-ability|p2a: Zygarde|Aura Break
|turn|3
|choice|*|*move 3
|choice|*|*move 3
|choice|*switch 5|*
|choice|switch 5|move thousandarrows
|
|switch|p1a: Alomomola|Alomomola, M|534\/534
|move|p2a: Zygarde|Thousand Arrows|p1a: Alomomola
|-damage|p1a: Alomomola|408\/534
|
|-heal|p1a: Alomomola|441\/534|[from] item: Leftovers
|upkeep
|turn|4
|choice|*|*switch 4
|choice|*move 3|*
|choice|move knockoff|switch 4
|
|switch|p2a: Diancie|Diancie|241\/241
|move|p1a: Alomomola|Knock Off|p2a: Diancie
|-resisted|p2a: Diancie
|-damage|p2a: Diancie|225\/241
|
|-heal|p1a: Alomomola|474\/534|[from] item: Leftovers
|upkeep
|turn|5
|choice|*move 2|*
|choice|*|*move 4 mega
|choice|move wish|move stealthrock mega
|
|-mega|p2a: Diancie|Diancie|Diancite
|detailschange|p2a: Diancie|Diancie-Mega
|move|p2a: Diancie|Stealth Rock|p1a: Alomomola
|-sidestart|p1: Mahvel Party|move: Stealth Rock
|move|p1a: Alomomola|Wish|p1a: Alomomola
|
|-heal|p1a: Alomomola|507\/534|[from] item: Leftovers
|upkeep
|turn|6
|choice|*|*move 3
|choice|*switch 4|*
|choice|switch 4|move earthpower
|
|switch|p1a: Ursaring|Ursaring, F|383\/383
|-damage|p1a: Ursaring|336\/383|[from] Stealth Rock
|move|p2a: Diancie|Earth Power|p1a: Ursaring
|-damage|p1a: Ursaring|191\/383
|-unboost|p1a: Ursaring|spd|1
|
|-heal|p1a: Ursaring|383\/383|[from] move: Wish|[wisher] Alomomola
|-status|p1a: Ursaring|brn|[from] item: Flame Orb
|upkeep
|turn|7
|choice|*|*move 2
|choice|*|*move 1
|choice|*move 1|*
|choice|move facade|move moonblast
|
|move|p2a: Diancie|Moonblast|p1a: Ursaring
|-damage|p1a: Ursaring|56\/383 brn
|move|p1a: Ursaring|Facade|p2a: Diancie
|-resisted|p2a: Diancie
|-crit|p2a: Diancie
|-damage|p2a: Diancie|0 fnt
|faint|p2a: Diancie
|
|-damage|p1a: Ursaring|33\/383 brn|[from] brn
|upkeep
|choice|*|*switch 4
|choice||switch 4
|
|switch|p2a: Zygarde|Zygarde|394\/394
|-ability|p2a: Zygarde|Aura Break
|turn|8
|choice|*|*move 4
|choice|*move 1|*
|choice|move facade|move extremespeed
|
|move|p2a: Zygarde|Extreme Speed|p1a: Ursaring
|-crit|p1a: Ursaring
|-damage|p1a: Ursaring|0 fnt
|faint|p1a: Ursaring
|
|upkeep
|choice|*switch 4|*
|choice|switch 4|
|
|switch|p1a: Alomomola|Alomomola, M|534\/534
|-damage|p1a: Alomomola|468\/534|[from] Stealth Rock
|turn|9
|choice|*|*move 1
|choice|*move 2|*
|choice|move wish|move dragondance
|
|move|p2a: Zygarde|Dragon Dance|p2a: Zygarde
|-boost|p2a: Zygarde|atk|1
|-boost|p2a: Zygarde|spe|1
|move|p1a: Alomomola|Wish|p1a: Alomomola
|
|-heal|p1a: Alomomola|501\/534|[from] item: Leftovers
|upkeep
|turn|10
|choice|*move 1|*
|choice|*|*move 1
|choice|move scald|move dragondance
|
|move|p2a: Zygarde|Dragon Dance|p2a: Zygarde
|-boost|p2a: Zygarde|atk|1
|-boost|p2a: Zygarde|spe|1
|move|p1a: Alomomola|Scald|p2a: Zygarde
|-damage|p2a: Zygarde|354\/394
|
|-heal|p1a: Alomomola|534\/534|[from] move: Wish|[wisher] Alomomola
|upkeep
|turn|11
|choice|*|*move 4
|choice|*|*move 3
|choice|*move 1|*
|choice|move scald|move thousandarrows
|
|move|p2a: Zygarde|Thousand Arrows|p1a: Alomomola
|-damage|p1a: Alomomola|297\/534
|move|p1a: Alomomola|Scald|p2a: Zygarde
|-damage|p2a: Zygarde|309\/394
|-status|p2a: Zygarde|brn
|
|-heal|p1a: Alomomola|330\/534|[from] item: Leftovers
|-damage|p2a: Zygarde|285\/394 brn|[from] brn
|upkeep
|turn|12
|choice|*move 2|*
|choice|*|*move 1
|choice|move wish|move dragondance
|
|move|p2a: Zygarde|Dragon Dance|p2a: Zygarde
|-boost|p2a: Zygarde|atk|1
|-boost|p2a: Zygarde|spe|1
|move|p1a: Alomomola|Wish|p1a: Alomomola
|
|-heal|p1a: Alomomola|363\/534|[from] item: Leftovers
|-damage|p2a: Zygarde|261\/394 brn|[from] brn
|upkeep
|turn|13
|choice|*|*move 3
|choice|*move 1|*
|choice|move scald|move thousandarrows
|
|move|p2a: Zygarde|Thousand Arrows|p1a: Alomomola
|-damage|p1a: Alomomola|219\/534
|move|p1a: Alomomola|Scald|p2a: Zygarde
|-damage|p2a: Zygarde|221\/394 brn
|
|-heal|p1a: Alomomola|486\/534|[from] move: Wish|[wisher] Alomomola
|-heal|p1a: Alomomola|519\/534|[from] item: Leftovers
|-damage|p2a: Zygarde|197\/394 brn|[from] brn
|upkeep
|turn|14
|choice|*|*move 3
|choice|*move 3|*
|choice|move knockoff|move thousandarrows
|
|move|p2a: Zygarde|Thousand Arrows|p1a: Alomomola
|-damage|p1a: Alomomola|370\/534
|move|p1a: Alomomola|Knock Off|p2a: Zygarde
|-damage|p2a: Zygarde|144\/394 brn
|-enditem|p2a: Zygarde|Iapapa Berry|[from] move: Knock Off|[of] p1a: Alomomola
|
|-heal|p1a: Alomomola|403\/534|[from] item: Leftovers
|-damage|p2a: Zygarde|120\/394 brn|[from] brn
|upkeep
|turn|15
|choice|*|*move 3
|choice|*|*move 1
|choice|*move 1|*
|choice|move scald|move dragondance
|
|move|p2a: Zygarde|Dragon Dance|p2a: Zygarde
|-boost|p2a: Zygarde|atk|1
|-boost|p2a: Zygarde|spe|1
|move|p1a: Alomomola|Scald|p2a: Zygarde
|-damage|p2a: Zygarde|77\/394 brn
|
|-heal|p1a: Alomomola|436\/534|[from] item: Leftovers
|-damage|p2a: Zygarde|53\/394 brn|[from] brn
|upkeep
|turn|16
|choice|*move 2|*
|choice|*|*move 1
|choice|move wish|move dragondance
|
|move|p2a: Zygarde|Dragon Dance|p2a: Zygarde
|-boost|p2a: Zygarde|atk|1
|-boost|p2a: Zygarde|spe|1
|move|p1a: Alomomola|Wish|p1a: Alomomola
|
|-heal|p1a: Alomomola|469\/534|[from] item: Leftovers
|-damage|p2a: Zygarde|29\/394 brn|[from] brn
|upkeep
|turn|17
|choice|*move 1|*
|choice|*|*move 3
|choice|move scald|move thousandarrows
|
|move|p2a: Zygarde|Thousand Arrows|p1a: Alomomola
|-damage|p1a: Alomomola|250\/534
|move|p1a: Alomomola|Scald|p2a: Zygarde
|-damage|p2a: Zygarde|0 fnt
|faint|p2a: Zygarde
|
|-heal|p1a: Alomomola|517\/534|[from] move: Wish|[wisher] Alomomola
|-heal|p1a: Alomomola|534\/534|[from] item: Leftovers
|upkeep
|choice|*|*switch 5
|choice||switch 5
|
|switch|p2a: Gyarados|Gyarados, M|331\/331
|turn|18
|choice|*move 1|*
|choice|*|*move 1
|choice|move scald|move dragondance
|
|move|p2a: Gyarados|Dragon Dance|p2a: Gyarados
|-boost|p2a: Gyarados|atk|1
|-boost|p2a: Gyarados|spe|1
|move|p1a: Alomomola|Scald|p2a: Gyarados
|-resisted|p2a: Gyarados
|-damage|p2a: Gyarados|311\/331
|
|upkeep
|turn|19
|choice|*move 1|*
|choice|*|*move 1
|choice|move scald|move dragondance
|
|move|p2a: Gyarados|Dragon Dance|p2a: Gyarados
|-boost|p2a: Gyarados|atk|1
|-boost|p2a: Gyarados|spe|1
|move|p1a: Alomomola|Scald|p2a: Gyarados
|-resisted|p2a: Gyarados
|-crit|p2a: Gyarados
|-damage|p2a: Gyarados|279\/331
|-status|p2a: Gyarados|brn
|
|-damage|p2a: Gyarados|259\/331 brn|[from] brn
|upkeep
|turn|20
|choice|*|*move 1
|choice|*move 2|*
|choice|move wish|move dragondance
|
|move|p2a: Gyarados|Dragon Dance|p2a: Gyarados
|-boost|p2a: Gyarados|atk|1
|-boost|p2a: Gyarados|spe|1
|move|p1a: Alomomola|Wish|p1a: Alomomola
|
|-damage|p2a: Gyarados|239\/331 brn|[from] brn
|upkeep
|turn|21
|choice|*move 3|*
|choice|*|*move 1
|choice|move knockoff|move dragondance
|
|move|p2a: Gyarados|Dragon Dance|p2a: Gyarados
|-boost|p2a: Gyarados|atk|1
|-boost|p2a: Gyarados|spe|1
|move|p1a: Alomomola|Knock Off|p2a: Gyarados
|-damage|p2a: Gyarados|193\/331 brn
|
|-damage|p2a: Gyarados|173\/331 brn|[from] brn
|upkeep
|turn|22
|choice|*|*move 2 zmove
|choice|*move 3|*
|choice|move knockoff|move bounce zmove
|
|-zpower|p2a: Gyarados
|move|p2a: Gyarados|Supersonic Skystrike|p1a: Alomomola|[zeffect]
|-damage|p1a: Alomomola|169\/534
|move|p1a: Alomomola|Knock Off|p2a: Gyarados
|-damage|p2a: Gyarados|121\/331 brn
|
|-heal|p1a: Alomomola|202\/534|[from] item: Leftovers
|-damage|p2a: Gyarados|101\/331 brn|[from] brn
|upkeep
|turn|23
|choice|*|*move 3
|choice|*move 2|*
|choice|*|*move 4
|choice|move wish|move earthquake
|
|move|p2a: Gyarados|Earthquake|p1a: Alomomola
|-damage|p1a: Alomomola|59\/534
|move|p1a: Alomomola|Wish|p1a: Alomomola
|
|-heal|p1a: Alomomola|92\/534|[from] item: Leftovers
|-damage|p2a: Gyarados|81\/331 brn|[from] brn
|upkeep
|turn|24
|choice|*|*move 3
|choice|*switch 6|*
|choice|switch 6|move waterfall
|
|switch|p1a: Latias|Latias, F|364\/364
|-damage|p1a: Latias|319\/364|[from] Stealth Rock
|move|p2a: Gyarados|Waterfall|p1a: Latias
|-resisted|p1a: Latias
|-damage|p1a: Latias|217\/364
|
|-heal|p1a: Latias|364\/364|[from] move: Wish|[wisher] Alomomola
|-damage|p2a: Gyarados|61\/331 brn|[from] brn
|upkeep
|turn|25
|choice|*move 4|*
|choice|*|*move 2
|choice|move thunderbolt|move bounce
|
|move|p2a: Gyarados|Bounce|p1a: Latias|[still]
|-prepare|p2a: Gyarados|Bounce|p1a: Latias
|move|p1a: Latias|Thunderbolt|p2a: Gyarados|[miss]
|-miss|p1a: Latias|p2a: Gyarados
|
|-damage|p2a: Gyarados|41\/331 brn|[from] brn
|upkeep
|turn|26
|choice|*|*move 1
|choice|*move 4|*
|choice|move thunderbolt|move bounce
|
|move|p2a: Gyarados|Bounce|p1a: Latias|[from]lockedmove|[miss]
|-miss|p2a: Gyarados|p1a: Latias
|move|p1a: Latias|Thunderbolt|p2a: Gyarados
|-supereffective|p2a: Gyarados
|-damage|p2a: Gyarados|0 fnt
|faint|p2a: Gyarados
|
|upkeep
|choice|*|*switch 3
|choice||switch 3
|
|switch|p2a: Keldeo|Keldeo|323\/323
|turn|27
|choice|*|*move 2
|choice|*move 4|*
|choice|move thunderbolt|move hydropump
|
|move|p2a: Keldeo|Hydro Pump|p1a: Latias|[miss]
|-miss|p2a: Keldeo|p1a: Latias
|move|p1a: Latias|Thunderbolt|p2a: Keldeo
|-supereffective|p2a: Keldeo
|-damage|p2a: Keldeo|169\/323
|
|upkeep
|turn|28
|choice|*|*move 2
|choice|*move 4|*
|choice|move thunderbolt|move hydropump
|
|move|p2a: Keldeo|Hydro Pump|p1a: Latias|[miss]
|-miss|p2a: Keldeo|p1a: Latias
|move|p1a: Latias|Thunderbolt|p2a: Keldeo
|-supereffective|p2a: Keldeo
|-damage|p2a: Keldeo|0 fnt
|faint|p2a: Keldeo
|
|win|Mahvel Party
Mahvel Party ha ganado 8 PokeDolares.
|raw|Puntaje de Mahvel Party: 1101 &rarr; <strong>1140<\/strong><br \/>(+39 por ganar)
|raw|Puntaje de LoD Asuna: 1144 &rarr; <strong>1122<\/strong><br \/>(-22 por perder)
|c|☆Mahvel Party| gg
</script>
</div>
<div class="battle-log battle-log-inline"><div class="inner"><div class="battle-options"></div><div class="inner"><div class=""><small>Format:</small> <br><strong>OU</strong></div><div class="rated"><strong>Rated battle</strong></div><div class=""><small><em>Cláusula-Mod de Dormir:</em> solo puedes dormir a uno de tus oponentes a la vez.</small></div><div class=""><small><em>Cláusula de Especie:</em> Hasta un Pokémon de cada especie</small></div><div class=""><small><em>Cláusula de Golpe Fulminante:</em> los movimientos fulminantes (OHKO) estan prohibidos</small></div><div class=""><small><em>Cláusula de Veleta:</em> la habilidad Veleta está prohibida</small></div><div class=""><small><em>Cláusula de Movimientos Evasivos:</em> los movimientos de Evasión están prohibidos.</small></div><div class=""><small><em>Cláusula de Batallas Eternas:</em> forzar batallas eternas está prohibido</small></div><div class="chat battle-history"><strong>Mahvel Party's team:</strong> <em style="color:#445566;display:block;">Beedrill / Magearna / Infernape / Ursaring / Alomomola / Latias</em></div><div class="chat battle-history"><strong>LoD Asuna's team:</strong> <em style="color:#445566;display:block;">Diancie / Zygarde / Keldeo / Landorus-Therian / Gyarados / Kartana</em></div><div class="spacer battle-history"><br></div><div class="battle-history">Battle started between Mahvel Party and LoD Asuna!<br></div><div class="spacer battle-history"><br></div><div class="battle-history">Go! <strong>Magearna</strong>!<br></div><div class="spacer battle-history"><br></div><div class="battle-history">LoD Asuna sent out <strong>Diancie</strong>!<br></div><div class="spacer battle-history"><br></div><h2 class="battle-history">Turn 1</h2><div class="spacer battle-history"><br></div><div class="battle-history">LoD Asuna withdrew Diancie!<br></div><div class="battle-history">LoD Asuna sent out Landorus (<strong>Landorus-Therian</strong>)!<br></div><div class="battle-history"><small>[The opposing Landorus's Intimidate]</small><br></div><div class="battle-history"><small>Magearna's Attack fell!</small><br></div><div class="spacer battle-history"><br></div><div class="battle-history">Magearna used <strong>Ice Beam</strong>!<br></div><div class="battle-history"><small>It's super effective!</small><br></div><div class="battle-history"><small>(The opposing Landorus lost <abbr title="−382/382">100%</abbr> of its health!)</small><br></div><div class="spacer battle-history"><br></div><div class="battle-history">The opposing Landorus fainted!<br></div><div class="battle-history"><small>[Magearna's Soul-Heart]</small><br></div><div class="battle-history"><small>Magearna's Special Attack rose!</small><br></div><div class="spacer battle-history"><br></div><div class="battle-history">LoD Asuna sent out <strong>Kartana</strong>!<br></div><div class="spacer battle-history"><br></div><h2 class="battle-history">Turn 2</h2><div class="spacer battle-history"><br></div><div class="battle-history">The opposing Kartana used <strong>Knock Off</strong>!<br></div><div class="battle-history"><small>It's not very effective...</small><br></div><div class="battle-history"><small>(Magearna lost <abbr title="−74/364">20.3%</abbr> of its health!)</small><br></div><div class="battle-history"><small>The opposing Kartana knocked off Magearna's Assault Vest!</small><br></div><div class="spacer battle-history"><br></div><div class="battle-history">Magearna used <strong>Ice Beam</strong>!<br></div><div class="battle-history"><small>(The opposing Kartana lost <abbr title="−259/259">100%</abbr> of its health!)</small><br></div><div class="spacer battle-history"><br></div><div class="battle-history">The opposing Kartana fainted!<br></div><div class="battle-history"><small>[Magearna's Soul-Heart]</small><br></div><div class="battle-history"><small>Magearna's Special Attack rose!</small><br></div><div class="spacer battle-history"><br></div><div class="battle-history">LoD Asuna sent out <strong>Zygarde</strong>!<br></div><div class="battle-history"><small>[The opposing Zygarde's Aura Break]</small><br><small>The opposing Zygarde reversed all other Pokémon's auras!</small><br></div><div class="spacer battle-history"><br></div><h2 class="battle-history">Turn 3</h2><div class="spacer battle-history"><br></div><div class="battle-history">Magearna, come back!<br></div><div class="battle-history">Go! <strong>Alomomola</strong>!<br></div><div class="spacer battle-history"><br></div><div class="battle-history">The opposing Zygarde used <strong>Thousand Arrows</strong>!<br></div><div class="battle-history"><small>(Alomomola lost <abbr title="−126/534">23.6%</abbr> of its health!)</small><br></div><div class="spacer battle-history"><br></div><div class="battle-history"><small>Alomomola restored a little HP using its Leftovers!</small><br></div><div class="spacer battle-history"><br></div><h2 class="battle-history">Turn 4</h2><div class="spacer battle-history"><br></div><div class="battle-history">LoD Asuna withdrew Zygarde!<br></div><div class="battle-history">LoD Asuna sent out <strong>Diancie</strong>!<br></div><div class="spacer battle-history"><br></div><div class="battle-history">Alomomola used <strong>Knock Off</strong>!<br></div><div class="battle-history"><small>It's not very effective...</small><br></div><div class="battle-history"><small>(The opposing Diancie lost <abbr title="−16/241">6.6%</abbr> of its health!)</small><br></div><div class="spacer battle-history"><br></div><div class="battle-history"><small>Alomomola restored a little HP using its Leftovers!</small><br></div><div class="spacer battle-history"><br></div><h2 class="battle-history">Turn 5</h2><div class="spacer battle-history"><br></div><div class="battle-history"><small>The opposing Diancie's Diancite is reacting to the Key Stone!</small><br>The opposing Diancie has Mega Evolved into Mega Diancie!<br></div><div class="spacer battle-history"><br></div><div class="battle-history">The opposing Diancie used <strong>Stealth Rock</strong>!<br></div><div class="battle-history"><small>Pointed stones float in the air around your team!</small><br></div><div class="spacer battle-history"><br></div><div class="battle-history">Alomomola used <strong>Wish</strong>!<br></div><div class="spacer battle-history"><br></div><div class="battle-history"><small>Alomomola restored a little HP using its Leftovers!</small><br></div><div class="spacer battle-history"><br></div><h2 class="battle-history">Turn 6</h2><div class="spacer battle-history"><br></div><div class="battle-history">Alomomola, come back!<br></div><div class="battle-history">Go! <strong>Ursaring</strong>!<br></div><div class="battle-history"><small>Pointed stones dug into Ursaring!</small><br></div><div class="spacer battle-history"><br></div><div class="battle-history">The opposing Diancie used <strong>Earth Power</strong>!<br></div><div class="battle-history"><small>(Ursaring lost <abbr title="−145/383">37.9%</abbr> of its health!)</small><br></div><div class="battle-history"><small>Ursaring's Special Defense fell!</small><br></div><div class="spacer battle-history"><br></div><div class="battle-history"><small>Alomomola's wish came true!</small><br></div><div class="battle-history"><small>Ursaring was burned!</small><br></div><div class="spacer battle-history"><br></div><h2 class="battle-history">Turn 7</h2><div class="spacer battle-history"><br></div><div class="battle-history">The opposing Diancie used <strong>Moonblast</strong>!<br></div><div class="battle-history"><small>(Ursaring lost <abbr title="−327/383">85.4%</abbr> of its health!)</small><br></div><div class="spacer battle-history"><br></div><div class="battle-history">Ursaring used <strong>Facade</strong>!<br></div><div class="battle-history"><small>It's not very effective...</small><br></div><div class="battle-history"><small>A critical hit!</small><br></div><div class="battle-history"><small>(The opposing Diancie lost <abbr title="−225/241">93.4%</abbr> of its health!)</small><br></div><div class="spacer battle-history"><br></div><div class="battle-history">The opposing Diancie fainted!<br></div><div class="spacer battle-history"><br></div><div class="battle-history"><small>Ursaring was hurt by its burn!</small><br></div><div class="spacer battle-history"><br></div><div class="battle-history">LoD Asuna sent out <strong>Zygarde</strong>!<br></div><div class="battle-history"><small>[The opposing Zygarde's Aura Break]</small><br><small>The opposing Zygarde reversed all other Pokémon's auras!</small><br></div><div class="spacer battle-history"><br></div><h2 class="battle-history">Turn 8</h2><div class="spacer battle-history"><br></div><div class="battle-history">The opposing Zygarde used <strong>Extreme Speed</strong>!<br></div><div class="battle-history"><small>A critical hit!</small><br></div><div class="battle-history"><small>(Ursaring lost <abbr title="−33/383">8.6%</abbr> of its health!)</small><br></div><div class="spacer battle-history"><br></div><div class="battle-history">Ursaring fainted!<br></div><div class="spacer battle-history"><br></div><div class="battle-history">Go! <strong>Alomomola</strong>!<br></div><div class="battle-history"><small>Pointed stones dug into Alomomola!</small><br></div><div class="spacer battle-history"><br></div><h2 class="battle-history">Turn 9</h2><div class="spacer battle-history"><br></div><div class="battle-history">The opposing Zygarde used <strong>Dragon Dance</strong>!<br></div><div class="battle-history"><small>The opposing Zygarde's Attack rose!</small><br></div><div class="battle-history"><small>The opposing Zygarde's Speed rose!</small><br></div><div class="spacer battle-history"><br></div><div class="battle-history">Alomomola used <strong>Wish</strong>!<br></div><div class="spacer battle-history"><br></div><div class="battle-history"><small>Alomomola restored a little HP using its Leftovers!</small><br></div><div class="spacer battle-history"><br></div><h2 class="battle-history">Turn 10</h2><div class="spacer battle-history"><br></div><div class="battle-history">The opposing Zygarde used <strong>Dragon Dance</strong>!<br></div><div class="battle-history"><small>The opposing Zygarde's Attack rose!</small><br></div><div class="battle-history"><small>The opposing Zygarde's Speed rose!</small><br></div><div class="spacer battle-history"><br></div><div class="battle-history">Alomomola used <strong>Scald</strong>!<br></div><div class="battle-history"><small>(The opposing Zygarde lost <abbr title="−40/394">10.2%</abbr> of its health!)</small><br></div><div class="spacer battle-history"><br></div><div class="battle-history"><small>Alomomola's wish came true!</small><br></div><div class="spacer battle-history"><br></div><h2 class="battle-history">Turn 11</h2><div class="spacer battle-history"><br></div><div class="battle-history">The opposing Zygarde used <strong>Thousand Arrows</strong>!<br></div><div class="battle-history"><small>(Alomomola lost <abbr title="−237/534">44.4%</abbr> of its health!)</small><br></div><div class="spacer battle-history"><br></div><div class="battle-history">Alomomola used <strong>Scald</strong>!<br></div><div class="battle-history"><small>(The opposing Zygarde lost <abbr title="−45/394">11.4%</abbr> of its health!)</small><br></div><div class="battle-history"><small>The opposing Zygarde was burned!</small><br></div><div class="spacer battle-history"><br></div><div class="battle-history"><small>Alomomola restored a little HP using its Leftovers!</small><br></div><div class="battle-history"><small>The opposing Zygarde was hurt by its burn!</small><br></div><div class="spacer battle-history"><br></div><h2 class="battle-history">Turn 12</h2><div class="spacer battle-history"><br></div><div class="battle-history">The opposing Zygarde used <strong>Dragon Dance</strong>!<br></div><div class="battle-history"><small>The opposing Zygarde's Attack rose!</small><br></div><div class="battle-history"><small>The opposing Zygarde's Speed rose!</small><br></div><div class="spacer battle-history"><br></div><div class="battle-history">Alomomola used <strong>Wish</strong>!<br></div><div class="spacer battle-history"><br></div><div class="battle-history"><small>Alomomola restored a little HP using its Leftovers!</small><br></div><div class="battle-history"><small>The opposing Zygarde was hurt by its burn!</small><br></div><div class="spacer battle-history"><br></div><h2 class="battle-history">Turn 13</h2><div class="spacer battle-history"><br></div><div class="battle-history">The opposing Zygarde used <strong>Thousand Arrows</strong>!<br></div><div class="battle-history"><small>(Alomomola lost <abbr title="−144/534">27.0%</abbr> of its health!)</small><br></div><div class="spacer battle-history"><br></div><div class="battle-history">Alomomola used <strong>Scald</strong>!<br></div><div class="battle-history"><small>(The opposing Zygarde lost <abbr title="−40/394">10.2%</abbr> of its health!)</small><br></div><div class="spacer battle-history"><br></div><div class="battle-history"><small>Alomomola's wish came true!</small><br></div><div class="battle-history"><small>Alomomola restored a little HP using its Leftovers!</small><br></div><div class="battle-history"><small>The opposing Zygarde was hurt by its burn!</small><br></div><div class="spacer battle-history"><br></div><h2 class="battle-history">Turn 14</h2><div class="spacer battle-history"><br></div><div class="battle-history">The opposing Zygarde used <strong>Thousand Arrows</strong>!<br></div><div class="battle-history"><small>(Alomomola lost <abbr title="−149/534">27.9%</abbr> of its health!)</small><br></div><div class="spacer battle-history"><br></div><div class="battle-history">Alomomola used <strong>Knock Off</strong>!<br></div><div class="battle-history"><small>(The opposing Zygarde lost <abbr title="−53/394">13.5%</abbr> of its health!)</small><br></div><div class="battle-history"><small>Alomomola knocked off the opposing Zygarde's Iapapa Berry!</small><br></div><div class="spacer battle-history"><br></div><div class="battle-history"><small>Alomomola restored a little HP using its Leftovers!</small><br></div><div class="battle-history"><small>The opposing Zygarde was hurt by its burn!</small><br></div><div class="spacer battle-history"><br></div><h2 class="battle-history">Turn 15</h2><div class="spacer battle-history"><br></div><div class="battle-history">The opposing Zygarde used <strong>Dragon Dance</strong>!<br></div><div class="battle-history"><small>The opposing Zygarde's Attack rose!</small><br></div><div class="battle-history"><small>The opposing Zygarde's Speed rose!</small><br></div><div class="spacer battle-history"><br></div><div class="battle-history">Alomomola used <strong>Scald</strong>!<br></div><div class="battle-history"><small>(The opposing Zygarde lost <abbr title="−43/394">10.9%</abbr> of its health!)</small><br></div><div class="spacer battle-history"><br></div><div class="battle-history"><small>Alomomola restored a little HP using its Leftovers!</small><br></div><div class="battle-history"><small>The opposing Zygarde was hurt by its burn!</small><br></div><div class="spacer battle-history"><br></div><h2 class="battle-history">Turn 16</h2><div class="spacer battle-history"><br></div><div class="battle-history">The opposing Zygarde used <strong>Dragon Dance</strong>!<br></div><div class="battle-history"><small>The opposing Zygarde's Attack rose!</small><br></div><div class="battle-history"><small>The opposing Zygarde's Speed rose!</small><br></div><div class="spacer battle-history"><br></div><div class="battle-history">Alomomola used <strong>Wish</strong>!<br></div><div class="spacer battle-history"><br></div><div class="battle-history"><small>Alomomola restored a little HP using its Leftovers!</small><br></div><div class="battle-history"><small>The opposing Zygarde was hurt by its burn!</small><br></div><div class="spacer battle-history"><br></div><h2 class="battle-history">Turn 17</h2><div class="spacer battle-history"><br></div><div class="battle-history">The opposing Zygarde used <strong>Thousand Arrows</strong>!<br></div><div class="battle-history"><small>(Alomomola lost <abbr title="−219/534">41.0%</abbr> of its health!)</small><br></div><div class="spacer battle-history"><br></div><div class="battle-history">Alomomola used <strong>Scald</strong>!<br></div><div class="battle-history"><small>(The opposing Zygarde lost <abbr title="−29/394">7.4%</abbr> of its health!)</small><br></div><div class="spacer battle-history"><br></div><div class="battle-history">The opposing Zygarde fainted!<br></div><div class="spacer battle-history"><br></div><div class="battle-history"><small>Alomomola's wish came true!</small><br></div><div class="battle-history"><small>Alomomola restored a little HP using its Leftovers!</small><br></div><div class="spacer battle-history"><br></div><div class="battle-history">LoD Asuna sent out <strong>Gyarados</strong>!<br></div><div class="spacer battle-history"><br></div><h2 class="battle-history">Turn 18</h2><div class="spacer battle-history"><br></div><div class="battle-history">The opposing Gyarados used <strong>Dragon Dance</strong>!<br></div><div class="battle-history"><small>The opposing Gyarados's Attack rose!</small><br></div><div class="battle-history"><small>The opposing Gyarados's Speed rose!</small><br></div><div class="spacer battle-history"><br></div><div class="battle-history">Alomomola used <strong>Scald</strong>!<br></div><div class="battle-history"><small>It's not very effective...</small><br></div><div class="battle-history"><small>(The opposing Gyarados lost <abbr title="−20/331">6.0%</abbr> of its health!)</small><br></div><div class="spacer battle-history"><br></div><h2 class="battle-history">Turn 19</h2><div class="spacer battle-history"><br></div><div class="battle-history">The opposing Gyarados used <strong>Dragon Dance</strong>!<br></div><div class="battle-history"><small>The opposing Gyarados's Attack rose!</small><br></div><div class="battle-history"><small>The opposing Gyarados's Speed rose!</small><br></div><div class="spacer battle-history"><br></div><div class="battle-history">Alomomola used <strong>Scald</strong>!<br></div><div class="battle-history"><small>It's not very effective...</small><br></div><div class="battle-history"><small>A critical hit!</small><br></div><div class="battle-history"><small>(The opposing Gyarados lost <abbr title="−32/331">9.7%</abbr> of its health!)</small><br></div><div class="battle-history"><small>The opposing Gyarados was burned!</small><br></div><div class="spacer battle-history"><br></div><div class="battle-history"><small>The opposing Gyarados was hurt by its burn!</small><br></div><div class="spacer battle-history"><br></div><h2 class="battle-history">Turn 20</h2><div class="spacer battle-history"><br></div><div class="battle-history">The opposing Gyarados used <strong>Dragon Dance</strong>!<br></div><div class="battle-history"><small>The opposing Gyarados's Attack rose!</small><br></div><div class="battle-history"><small>The opposing Gyarados's Speed rose!</small><br></div><div class="spacer battle-history"><br></div><div class="battle-history">Alomomola used <strong>Wish</strong>!<br></div><div class="spacer battle-history"><br></div><div class="battle-history"><small>The opposing Gyarados was hurt by its burn!</small><br></div><div class="spacer battle-history"><br></div><h2 class="battle-history">Turn 21</h2><div class="spacer battle-history"><br></div><div class="battle-history">The opposing Gyarados used <strong>Dragon Dance</strong>!<br></div><div class="battle-history"><small>The opposing Gyarados's Attack rose!</small><br></div><div class="battle-history"><small>The opposing Gyarados's Speed rose!</small><br></div><div class="spacer battle-history"><br></div><div class="battle-history">Alomomola used <strong>Knock Off</strong>!<br></div><div class="battle-history"><small>(The opposing Gyarados lost <abbr title="−46/331">13.9%</abbr> of its health!)</small><br></div><div class="spacer battle-history"><br></div><div class="battle-history"><small>The opposing Gyarados was hurt by its burn!</small><br></div><div class="spacer battle-history"><br></div><h2 class="battle-history">Turn 22</h2><div class="spacer battle-history"><br></div><div class="battle-history"><small>The opposing Gyarados surrounded itself with its Z-Power!</small><br></div><div class="spacer battle-history"><br></div><div class="battle-history">The opposing Gyarados used <strong>Supersonic Skystrike</strong>!<br></div><div class="battle-history"><small>(Alomomola lost <abbr title="−365/534">68.4%</abbr> of its health!)</small><br></div><div class="spacer battle-history"><br></div><div class="battle-history">Alomomola used <strong>Knock Off</strong>!<br></div><div class="battle-history"><small>(The opposing Gyarados lost <abbr title="−52/331">15.7%</abbr> of its health!)</small><br></div><div class="spacer battle-history"><br></div><div class="battle-history"><small>Alomomola restored a little HP using its Leftovers!</small><br></div><div class="battle-history"><small>The opposing Gyarados was hurt by its burn!</small><br></div><div class="spacer battle-history"><br></div><h2 class="battle-history">Turn 23</h2><div class="spacer battle-history"><br></div><div class="battle-history">The opposing Gyarados used <strong>Earthquake</strong>!<br></div><div class="battle-history"><small>(Alomomola lost <abbr title="−143/534">26.8%</abbr> of its health!)</small><br></div><div class="spacer battle-history"><br></div><div class="battle-history">Alomomola used <strong>Wish</strong>!<br></div><div class="spacer battle-history"><br></div><div class="battle-history"><small>Alomomola restored a little HP using its Leftovers!</small><br></div><div class="battle-history"><small>The opposing Gyarados was hurt by its burn!</small><br></div><div class="spacer battle-history"><br></div><h2 class="battle-history">Turn 24</h2><div class="spacer battle-history"><br></div><div class="battle-history">Alomomola, come back!<br></div><div class="battle-history">Go! <strong>Latias</strong>!<br></div><div class="battle-history"><small>Pointed stones dug into Latias!</small><br></div><div class="spacer battle-history"><br></div><div class="battle-history">The opposing Gyarados used <strong>Waterfall</strong>!<br></div><div class="battle-history"><small>It's not very effective...</small><br></div><div class="battle-history"><small>(Latias lost <abbr title="−102/364">28.0%</abbr> of its health!)</small><br></div><div class="spacer battle-history"><br></div><div class="battle-history"><small>Alomomola's wish came true!</small><br></div><div class="battle-history"><small>The opposing Gyarados was hurt by its burn!</small><br></div><div class="spacer battle-history"><br></div><h2 class="battle-history">Turn 25</h2><div class="spacer battle-history"><br></div><div class="battle-history">The opposing Gyarados used <strong>Bounce</strong>!<br></div><div class="battle-history">The opposing Gyarados sprang up!<br></div><div class="spacer battle-history"><br></div><div class="battle-history">Latias used <strong>Thunderbolt</strong>!<br></div><div class="battle-history"><small>The opposing Gyarados avoided the attack!</small><br></div><div class="spacer battle-history"><br></div><div class="battle-history"><small>The opposing Gyarados was hurt by its burn!</small><br></div><div class="spacer battle-history"><br></div><h2 class="battle-history">Turn 26</h2><div class="spacer battle-history"><br></div><div class="battle-history">The opposing Gyarados used <strong>Bounce</strong>!<br></div><div class="battle-history"><small>Latias avoided the attack!</small><br></div><div class="spacer battle-history"><br></div><div class="battle-history">Latias used <strong>Thunderbolt</strong>!<br></div><div class="battle-history"><small>It's super effective!</small><br></div><div class="battle-history"><small>(The opposing Gyarados lost <abbr title="−41/331">12.4%</abbr> of its health!)</small><br></div><div class="spacer battle-history"><br></div><div class="battle-history">The opposing Gyarados fainted!<br></div><div class="spacer battle-history"><br></div><div class="battle-history">LoD Asuna sent out <strong>Keldeo</strong>!<br></div><div class="spacer battle-history"><br></div><h2 class="battle-history">Turn 27</h2><div class="spacer battle-history"><br></div><div class="battle-history">The opposing Keldeo used <strong>Hydro Pump</strong>!<br></div><div class="battle-history"><small>Latias avoided the attack!</small><br></div><div class="spacer battle-history"><br></div><div class="battle-history">Latias used <strong>Thunderbolt</strong>!<br></div><div class="battle-history"><small>It's super effective!</small><br></div><div class="battle-history"><small>(The opposing Keldeo lost <abbr title="−154/323">47.7%</abbr> of its health!)</small><br></div><div class="spacer battle-history"><br></div><h2 class="battle-history">Turn 28</h2><div class="spacer battle-history"><br></div><div class="battle-history">The opposing Keldeo used <strong>Hydro Pump</strong>!<br></div><div class="battle-history"><small>Latias avoided the attack!</small><br></div><div class="spacer battle-history"><br></div><div class="battle-history">Latias used <strong>Thunderbolt</strong>!<br></div><div class="battle-history"><small>It's super effective!</small><br></div><div class="battle-history"><small>(The opposing Keldeo lost <abbr title="−169/323">52.3%</abbr> of its health!)</small><br></div><div class="spacer battle-history"><br></div><div class="battle-history">The opposing Keldeo fainted!<br></div><div class="spacer battle-history"><br></div><div class="battle-history"><strong>Mahvel Party</strong> won the battle!<br></div><div class="chat">Mahvel Party ha ganado 8 PokeDolares.</div><div class="chat">Puntaje de Mahvel Party: 1101 → <strong>1140</strong><br>(+39 por ganar)</div><div class="chat">Puntaje de LoD Asuna: 1144 → <strong>1122</strong><br>(-22 por perder)</div><div class="chat chatmessage-mahvelparty"><strong style="color:hsl(214,54%,49.959496616864456%)"><small>☆</small><span class="username" data-name="Mahvel Party">Mahvel Party</span>:</strong> <em> gg</em></div></div><div class="inner-preempt"></div></div></div>
</div>
<script>
let daily = Math.floor(Date.now()/1000/60/60/24);document.write('<script src="https://play.pokemonshowdown.com/js/replay-embed.js?version'+daily+'"></'+'script>');
</script>
