<!DOCTYPE html>
<meta charset="utf-8" />
<!-- version 1 -->
<title>OU replay: Kerumatsu vs. BloodMoonBlue</title>
<style>
html,body {font-family:Verdana, sans-serif;font-size:10pt;margin:0;padding:0;}body{padding:12px 0;} .battle-log {font-family:Verdana, sans-serif;font-size:10pt;} .battle-log-inline {border:1px solid #AAAAAA;background:#EEF2F5;color:black;max-width:640px;margin:0 auto 80px;padding-bottom:5px;} .battle-log .inner {padding:4px 8px 0px 8px;} .battle-log .inner-preempt {padding:0 8px 4px 8px;} .battle-log .inner-after {margin-top:0.5em;} .battle-log h2 {margin:0.5em -8px;padding:4px 8px;border:1px solid #AAAAAA;background:#E0E7EA;border-left:0;border-right:0;font-family:Verdana, sans-serif;font-size:13pt;} .battle-log .chat {vertical-align:middle;padding:3px 0 3px 0;font-size:8pt;} .battle-log .chat strong {color:#40576A;} .battle-log .chat em {padding:1px 4px 1px 3px;color:#000000;font-style:normal;} .chat.mine {background:rgba(0,0,0,0.05);margin-left:-8px;margin-right:-8px;padding-left:8px;padding-right:8px;} .spoiler {color:#BBBBBB;background:#BBBBBB;padding:0px 3px;} .spoiler:hover, .spoiler:active, .spoiler-shown {color:#000000;background:#E2E2E2;padding:0px 3px;} .spoiler a {color:#BBBBBB;} .spoiler:hover a, .spoiler:active a, .spoiler-shown a {color:#2288CC;} .chat code, .chat .spoiler:hover code, .chat .spoiler:active code, .chat .spoiler-shown code {border:1px solid #C0C0C0;background:#EEEEEE;color:black;padding:0 2px;} .chat .spoiler code {border:1px solid #CCCCCC;background:#CCCCCC;color:#CCCCCC;} .battle-log .rated {padding:3px 4px;} .battle-log .rated strong {color:white;background:#89A;padding:1px 4px;border-radius:4px;} .spacer {margin-top:0.5em;} .message-announce {background:#6688AA;color:white;padding:1px 4px 2px;} .message-announce a, .broadcast-green a, .broadcast-blue a, .broadcast-red a {color:#DDEEFF;} .broadcast-green {background-color:#559955;color:white;padding:2px 4px;} .broadcast-blue {background-color:#6688AA;color:white;padding:2px 4px;} .infobox {border:1px solid #6688AA;padding:2px 4px;} .infobox-limited {max-height:200px;overflow:auto;overflow-x:hidden;} .broadcast-red {background-color:#AA5544;color:white;padding:2px 4px;} .message-learn-canlearn {font-weight:bold;color:#228822;text-decoration:underline;} .message-learn-cannotlearn {font-weight:bold;color:#CC2222;text-decoration:underline;} .message-effect-weak {font-weight:bold;color:#CC2222;} .message-effect-resist {font-weight:bold;color:#6688AA;} .message-effect-immune {font-weight:bold;color:#666666;} .message-learn-list {margin-top:0;margin-bottom:0;} .message-throttle-notice, .message-error {color:#992222;} .message-overflow, .chat small.message-overflow {font-size:0pt;} .message-overflow::before {font-size:9pt;content:'...';} .subtle {color:#3A4A66;}
</style>
<div class="wrapper replay-wrapper" style="max-width:1180px;margin:0 auto">
<input type="hidden" name="replayid" value="destiny-ou-432692" />
<div class="battle"></div><div class="battle-log"></div><div class="replay-controls"></div><div class="replay-controls-2"></div>
<h1 style="font-weight:normal;text-align:center"><strong>OU</strong><br /><a href="http://pokemonshowdown.com/users/kerumatsu" class="subtle" target="_blank">Kerumatsu</a> vs. <a href="http://pokemonshowdown.com/users/bloodmoonblue" class="subtle" target="_blank">BloodMoonBlue</a></h1>
<script type="text/plain" class="battle-log-data">|player|p1|Kerumatsu|102
|teamsize|p1|6
|player|p2|BloodMoonBlue|266
|teamsize|p2|6
|teamsize|p1|6
|teamsize|p2|6
|gametype|singles
|gen|7
|tier|OU
|rated
|seed|34938,38396,11235,5756
|rule|Cláusula-Mod de Dormir: solo puedes dormir a uno de tus oponentes a la vez.
|rule|Cláusula de Especie: Hasta un Pokémon de cada especie
|rule|Cláusula de Golpe Fulminante: los movimientos fulminantes (OHKO) estan prohibidos
|rule|Cláusula de Veleta: la habilidad Veleta está prohibida
|rule|Cláusula de Movimientos Evasivos: los movimientos de Evasión están prohibidos.
|rule|Cláusula de Batallas Eternas: forzar batallas eternas está prohibido
|clearpoke
|poke|p1|Infernape, M|item
|poke|p1|Togekiss, M|item
|poke|p1|Celebi|item
|poke|p1|Skarmory, F|item
|poke|p1|Toxapex, F|item
|poke|p1|Hippowdon, M|item
|poke|p2|Cofagrigus, F|item
|poke|p2|Stakataka|item
|poke|p2|Azumarill, M|item
|poke|p2|Goodra, M|item
|poke|p2|Mawile, M|item
|poke|p2|Crawdaunt, M|item
|teampreview|undefined
|choice|*|*team 123456
|inactive|Reloj de batalla ENCENDIDO. El jugador inactivo será descalificado (solicitado por BloodMoonBlue).
|inactive|Kerumatsu tiene 135 segundos restantes.
|choice|*team 321456|*
|choice|team 3, 2, 1, 4, 5, 6|team 1, 2, 3, 4, 5, 6
|
|start
|switch|p1a: Celebi|Celebi|373\/373
|switch|p2a: Cofagrigus|Cofagrigus, F|319\/319
|turn|1
|choice|*|*move 3
|choice|*move 4|*
|choice|move stealthrock|move trickroom
|
|move|p1a: Celebi|Stealth Rock|p2a: Cofagrigus
|-sidestart|p2: BloodMoonBlue|move: Stealth Rock
|move|p2a: Cofagrigus|Trick Room|p2a: Cofagrigus
|-fieldstart|move: Trick Room|[of] p2a: Cofagrigus
|
|upkeep
|turn|2
|choice|*|*move 1
|choice|*switch 2|*
|choice|switch 2|move shadowball
|
|switch|p1a: Togekiss|Togekiss, M|361\/361
|move|p2a: Cofagrigus|Shadow Ball|p1a: Togekiss
|-damage|p1a: Togekiss|283\/361
|-unboost|p1a: Togekiss|spd|1
|
|-heal|p1a: Togekiss|305\/361|[from] item: Leftovers
|upkeep
|turn|3
|choice|*move 1|*
|choice|*|*move 1
|choice|move toxic|move shadowball
|
|move|p2a: Cofagrigus|Shadow Ball|p1a: Togekiss
|-damage|p1a: Togekiss|190\/361
|move|p1a: Togekiss|Toxic|p2a: Cofagrigus
|-status|p2a: Cofagrigus|tox
|
|-heal|p1a: Togekiss|212\/361|[from] item: Leftovers
|-damage|p2a: Cofagrigus|300\/319 tox|[from] psn
|upkeep
|turn|4
|choice|*|*move 1
|choice|*move 2|*
|choice|move protect|move shadowball
|
|move|p1a: Togekiss|Protect|p1a: Togekiss
|-singleturn|p1a: Togekiss|Protect
|move|p2a: Cofagrigus|Shadow Ball|p1a: Togekiss
|-activate|p1a: Togekiss|move: Protect
|
|-heal|p1a: Togekiss|234\/361|[from] item: Leftovers
|-damage|p2a: Cofagrigus|262\/319 tox|[from] psn
|upkeep
|turn|5
|choice|*|*move 1
|choice|*move 4|*
|choice|move roost|move shadowball
|
|move|p2a: Cofagrigus|Shadow Ball|p1a: Togekiss
|-damage|p1a: Togekiss|123\/361
|-unboost|p1a: Togekiss|spd|1
|move|p1a: Togekiss|Roost|p1a: Togekiss
|-heal|p1a: Togekiss|304\/361
|
|-heal|p1a: Togekiss|326\/361|[from] item: Leftovers
|-damage|p2a: Cofagrigus|205\/319 tox|[from] psn
|-fieldend|move: Trick Room
|upkeep
|turn|6
|choice|*|*move 3
|inactive|Kerumatsu tiene 135 segundos restantes.
|choice|*switch 4|*
|choice|switch 4|move trickroom
|
|switch|p1a: Skarmory|Skarmory, F|334\/334
|move|p2a: Cofagrigus|Trick Room|p2a: Cofagrigus
|-fieldstart|move: Trick Room|[of] p2a: Cofagrigus
|
|-damage|p2a: Cofagrigus|129\/319 tox|[from] psn
|upkeep
|turn|7
|choice|*move 4|*
|choice|*|*move 2
|choice|move spikes|move willowisp
|
|move|p2a: Cofagrigus|Will-O-Wisp|p1a: Skarmory
|-status|p1a: Skarmory|brn
|move|p1a: Skarmory|Spikes|p2a: Cofagrigus
|-sidestart|p2: BloodMoonBlue|Spikes
|
|-damage|p2a: Cofagrigus|34\/319 tox|[from] psn
|-damage|p1a: Skarmory|314\/334 brn|[from] brn
|upkeep
|turn|8
|choice|*|*move 1
|choice|*move 4|*
|choice|move spikes|move shadowball
|
|move|p2a: Cofagrigus|Shadow Ball|p1a: Skarmory
|-damage|p1a: Skarmory|190\/334 brn
|move|p1a: Skarmory|Spikes|p2a: Cofagrigus
|-sidestart|p2: BloodMoonBlue|Spikes
|
|-heal|p1a: Skarmory|210\/334 brn|[from] item: Leftovers
|-damage|p2a: Cofagrigus|0 fnt|[from] psn
|-damage|p1a: Skarmory|190\/334 brn|[from] brn
|upkeep
|faint|p2a: Cofagrigus
|choice|*|*switch 6
|choice||switch 6
|
|switch|p2a: Crawdaunt|Crawdaunt, M|330\/330
|-damage|p2a: Crawdaunt|289\/330|[from] Stealth Rock
|-damage|p2a: Crawdaunt|234\/330|[from] Spikes
|turn|9
|choice|*|*move 1
|choice|*switch 5|*
|choice|switch 5|move swordsdance
|
|switch|p1a: Toxapex|Toxapex, F|304\/304
|move|p2a: Crawdaunt|Swords Dance|p2a: Crawdaunt
|-boost|p2a: Crawdaunt|atk|2
|
|upkeep
|turn|10
|choice|*|*move 3
|choice|*move 1|*
|choice|move haze|move knockoff
|
|move|p1a: Toxapex|Haze|p1a: Toxapex
|-clearallboost
|move|p2a: Crawdaunt|Knock Off|p1a: Toxapex
|-damage|p1a: Toxapex|125\/304
|-enditem|p1a: Toxapex|Black Sludge|[from] move: Knock Off|[of] p2a: Crawdaunt
|-damage|p2a: Crawdaunt|201\/330|[from] item: Life Orb
|
|-fieldend|move: Trick Room
|upkeep
|turn|11
|choice|*|*move 1
|choice|*switch 3|*
|choice|switch 3|move swordsdance
|
|switch|p1a: Infernape|Infernape, M|294\/294
|move|p2a: Crawdaunt|Swords Dance|p2a: Crawdaunt
|-boost|p2a: Crawdaunt|atk|2
|
|upkeep
|turn|12
|choice|*|*move 2
|choice|*switch 3|*
|choice|switch 3|move aquajet
|
|switch|p1a: Toxapex|Toxapex, F|226\/304
|move|p2a: Crawdaunt|Aqua Jet|p1a: Toxapex
|-resisted|p1a: Toxapex
|-damage|p1a: Toxapex|144\/304
|-damage|p2a: Crawdaunt|168\/330|[from] item: Life Orb
|
|upkeep
|turn|13
|choice|*|*move 3
|choice|*switch 5|*
|choice|switch 5|move knockoff
|
|switch|p1a: Skarmory|Skarmory, F|190\/334 brn
|move|p2a: Crawdaunt|Knock Off|p1a: Skarmory
|-damage|p1a: Skarmory|0 fnt
|-enditem|p1a: Skarmory|Leftovers|[from] move: Knock Off|[of] p2a: Crawdaunt
|-damage|p2a: Crawdaunt|135\/330|[from] item: Life Orb
|faint|p1a: Skarmory
|
|upkeep
|choice|*switch 4|*
|choice|switch 4|
|
|switch|p1a: Togekiss|Togekiss, M|326\/361
|turn|14
|choice|*|*move 2
|choice|*move 3|*
|choice|move dazzlinggleam|move aquajet
|
|move|p2a: Crawdaunt|Aqua Jet|p1a: Togekiss
|-crit|p1a: Togekiss
|-damage|p1a: Togekiss|0 fnt
|-damage|p2a: Crawdaunt|102\/330|[from] item: Life Orb
|faint|p1a: Togekiss
|
|upkeep
|choice|*switch 5|*
|choice|switch 5|
|
|switch|p1a: Toxapex|Toxapex, F|245\/304
|turn|15
|choice|*|*move 3
|choice|*move 4|*
|choice|move recover|move knockoff
|
|move|p2a: Crawdaunt|Knock Off|p1a: Toxapex
|-damage|p1a: Toxapex|0 fnt
|-damage|p2a: Crawdaunt|69\/330|[from] item: Life Orb
|faint|p1a: Toxapex
|
|upkeep
|choice|*switch 2|*
|choice|switch 2|
|
|switch|p1a: Celebi|Celebi|373\/373
|turn|16
|choice|*|*move 2
|choice|*switch 6|*
|choice|switch 6|move aquajet
|
|switch|p1a: Hippowdon|Hippowdon, M|419\/419
|-weather|Sandstorm|[from] ability: Sand Stream|[of] p1a: Hippowdon
|move|p2a: Crawdaunt|Aqua Jet|p1a: Hippowdon
|-supereffective|p1a: Hippowdon
|-damage|p1a: Hippowdon|45\/419
|-damage|p2a: Crawdaunt|36\/330|[from] item: Life Orb
|
|-weather|Sandstorm|[upkeep]
|-damage|p2a: Crawdaunt|16\/330|[from] sandstorm
|-heal|p1a: Hippowdon|71\/419|[from] item: Leftovers
|upkeep
|turn|17
|choice|*|*move 3
|choice|*move 4|*
|choice|move slackoff|move knockoff
|
|move|p2a: Crawdaunt|Knock Off|p1a: Hippowdon
|-damage|p1a: Hippowdon|0 fnt
|-enditem|p1a: Hippowdon|Leftovers|[from] move: Knock Off|[of] p2a: Crawdaunt
|-damage|p2a: Crawdaunt|0 fnt|[from] item: Life Orb
|faint|p1a: Hippowdon
|faint|p2a: Crawdaunt
|
|-weather|Sandstorm|[upkeep]
|upkeep
|choice|*|*switch 3
|choice|*switch 6|*
|choice|switch 6|switch 3
|
|switch|p2a: Azumarill|Azumarill, M|403\/403
|switch|p1a: Celebi|Celebi|373\/373
|-damage|p2a: Azumarill|336\/403|[from] Spikes
|-damage|p2a: Azumarill|286\/403|[from] Stealth Rock
|turn|18
|choice|*move 3 zmove|*
|choice|*|*move 4 zmove
|choice|move leafstorm zmove|move bellydrum zmove
|
|-zpower|p1a: Celebi
|move|p1a: Celebi|Bloom Doom|p2a: Azumarill|[zeffect]
|-supereffective|p2a: Azumarill
|-damage|p2a: Azumarill|0 fnt
|faint|p2a: Azumarill
|
|-weather|Sandstorm|[upkeep]
|-damage|p1a: Celebi|350\/373|[from] sandstorm
|upkeep
|choice|*|*switch 4
|choice||switch 4
|
|switch|p2a: Goodra|Goodra, M|383\/383
|-damage|p2a: Goodra|320\/383|[from] Spikes
|-damage|p2a: Goodra|273\/383|[from] Stealth Rock
|turn|19
|choice|*|*move 2
|choice|*move 2|*
|choice|move psychic|move flamethrower
|
|move|p1a: Celebi|Psychic|p2a: Goodra
|-damage|p2a: Goodra|201\/383
|move|p2a: Goodra|Flamethrower|p1a: Celebi
|-supereffective|p1a: Celebi
|-damage|p1a: Celebi|152\/373
|-status|p1a: Celebi|brn
|
|-weather|Sandstorm|[upkeep]
|-damage|p1a: Celebi|129\/373 brn|[from] sandstorm
|-damage|p2a: Goodra|178\/383|[from] sandstorm
|-damage|p1a: Celebi|106\/373 brn|[from] brn
|upkeep
|turn|20
|choice|*|*move 4
|choice|*move 2|*
|choice|move psychic|move dragonbreath
|
|move|p1a: Celebi|Psychic|p2a: Goodra
|-damage|p2a: Goodra|111\/383
|move|p2a: Goodra|Dragon Breath|p1a: Celebi
|-damage|p1a: Celebi|9\/373 brn
|
|-weather|none
|-damage|p1a: Celebi|0 fnt|[from] brn
|upkeep
|faint|p1a: Celebi
|choice|*switch 3|*
|choice|switch 3|
|
|switch|p1a: Infernape|Infernape, M|294\/294
|turn|21
|choice|*|*move 1
|choice|*move 1|*
|choice|move closecombat|move dracometeor
|
|move|p1a: Infernape|Close Combat|p2a: Goodra
|-damage|p2a: Goodra|0 fnt
|-unboost|p1a: Infernape|def|1
|-unboost|p1a: Infernape|spd|1
|faint|p2a: Goodra
|
|upkeep
|choice|*|*switch 5
|choice||switch 5
|
|switch|p2a: Mawile|Mawile, M|303\/303
|-damage|p2a: Mawile|285\/303|[from] Stealth Rock
|-damage|p2a: Mawile|235\/303|[from] Spikes
|-ability|p2a: Mawile|Intimidate|boost
|-unboost|p1a: Infernape|atk|1
|turn|22
|choice|*|*move 2 mega
|choice|*move 1|*
|choice|move closecombat|move playrough mega
|
|-mega|p2a: Mawile|Mawile|Mawilite
|detailschange|p2a: Mawile|Mawile-Mega, M
|move|p1a: Infernape|Close Combat|p2a: Mawile
|-damage|p2a: Mawile|127\/303
|-unboost|p1a: Infernape|def|1
|-unboost|p1a: Infernape|spd|1
|move|p2a: Mawile|Play Rough|p1a: Infernape
|-crit|p1a: Infernape
|-damage|p1a: Infernape|0 fnt
|faint|p1a: Infernape
|
|win|BloodMoonBlue
BloodMoonBlue ha ganado 8 PokeDolares.
|raw|Puntaje de Kerumatsu: 1000 &rarr; <strong>1000<\/strong><br \/>(+0 por perder)
|raw|Puntaje de BloodMoonBlue: 1000 &rarr; <strong>1045<\/strong><br \/>(+45 por ganar)
</script>
</div>
<div class="battle-log battle-log-inline"><div class="inner"><div class="battle-options"></div><div class="inner"><div class=""><small>Format:</small> <br><strong>OU</strong></div><div class="rated"><strong>Rated battle</strong></div><div class=""><small><em>Cláusula-Mod de Dormir:</em> solo puedes dormir a uno de tus oponentes a la vez.</small></div><div class=""><small><em>Cláusula de Especie:</em> Hasta un Pokémon de cada especie</small></div><div class=""><small><em>Cláusula de Golpe Fulminante:</em> los movimientos fulminantes (OHKO) estan prohibidos</small></div><div class=""><small><em>Cláusula de Veleta:</em> la habilidad Veleta está prohibida</small></div><div class=""><small><em>Cláusula de Movimientos Evasivos:</em> los movimientos de Evasión están prohibidos.</small></div><div class=""><small><em>Cláusula de Batallas Eternas:</em> forzar batallas eternas está prohibido</small></div><div class="chat battle-history"><strong>Kerumatsu's team:</strong> <em style="color:#445566;display:block;">Infernape / Togekiss / Celebi / Skarmory / Toxapex / Hippowdon</em></div><div class="chat battle-history"><strong>BloodMoonBlue's team:</strong> <em style="color:#445566;display:block;">Cofagrigus / Stakataka / Azumarill / Goodra / Mawile / Crawdaunt</em></div><div class="chat message-error">Reloj de batalla ENCENDIDO. El jugador inactivo será descalificado (solicitado por BloodMoonBlue).</div><div class="chat message-error">Kerumatsu tiene 135 segundos restantes.</div><div class="spacer battle-history"><br></div><div class="battle-history">Battle started between Kerumatsu and BloodMoonBlue!<br></div><div class="spacer battle-history"><br></div><div class="battle-history">Go! <strong>Celebi</strong>!<br></div><div class="spacer battle-history"><br></div><div class="battle-history">BloodMoonBlue sent out <strong>Cofagrigus</strong>!<br></div><div class="spacer battle-history"><br></div><h2 class="battle-history">Turn 1</h2><div class="spacer battle-history"><br></div><div class="battle-history">Celebi used <strong>Stealth Rock</strong>!<br></div><div class="battle-history"><small>Pointed stones float in the air around the opposing team!</small><br></div><div class="spacer battle-history"><br></div><div class="battle-history">The opposing Cofagrigus used <strong>Trick Room</strong>!<br></div><div class="battle-history"><small>The opposing Cofagrigus twisted the dimensions!</small><br></div><div class="spacer battle-history"><br></div><h2 class="battle-history">Turn 2</h2><div class="spacer battle-history"><br></div><div class="battle-history">Celebi, come back!<br></div><div class="battle-history">Go! <strong>Togekiss</strong>!<br></div><div class="spacer battle-history"><br></div><div class="battle-history">The opposing Cofagrigus used <strong>Shadow Ball</strong>!<br></div><div class="battle-history"><small>(Togekiss lost <abbr title="−78/361">21.6%</abbr> of its health!)</small><br></div><div class="battle-history"><small>Togekiss's Special Defense fell!</small><br></div><div class="spacer battle-history"><br></div><div class="battle-history"><small>Togekiss restored a little HP using its Leftovers!</small><br></div><div class="spacer battle-history"><br></div><h2 class="battle-history">Turn 3</h2><div class="spacer battle-history"><br></div><div class="battle-history">The opposing Cofagrigus used <strong>Shadow Ball</strong>!<br></div><div class="battle-history"><small>(Togekiss lost <abbr title="−115/361">31.9%</abbr> of its health!)</small><br></div><div class="spacer battle-history"><br></div><div class="battle-history">Togekiss used <strong>Toxic</strong>!<br></div><div class="battle-history"><small>The opposing Cofagrigus was badly poisoned!</small><br></div><div class="spacer battle-history"><br></div><div class="battle-history"><small>Togekiss restored a little HP using its Leftovers!</small><br></div><div class="battle-history"><small>The opposing Cofagrigus was hurt by poison!</small><br></div><div class="spacer battle-history"><br></div><h2 class="battle-history">Turn 4</h2><div class="spacer battle-history"><br></div><div class="battle-history">Togekiss used <strong>Protect</strong>!<br></div><div class="battle-history"><small>Togekiss protected itself!</small><br></div><div class="spacer battle-history"><br></div><div class="battle-history">The opposing Cofagrigus used <strong>Shadow Ball</strong>!<br></div><div class="battle-history"><small>Togekiss protected itself!</small><br></div><div class="spacer battle-history"><br></div><div class="battle-history"><small>Togekiss restored a little HP using its Leftovers!</small><br></div><div class="battle-history"><small>The opposing Cofagrigus was hurt by poison!</small><br></div><div class="spacer battle-history"><br></div><h2 class="battle-history">Turn 5</h2><div class="spacer battle-history"><br></div><div class="battle-history">The opposing Cofagrigus used <strong>Shadow Ball</strong>!<br></div><div class="battle-history"><small>(Togekiss lost <abbr title="−111/361">30.7%</abbr> of its health!)</small><br></div><div class="battle-history"><small>Togekiss's Special Defense fell!</small><br></div><div class="spacer battle-history"><br></div><div class="battle-history">Togekiss used <strong>Roost</strong>!<br></div><div class="battle-history"><small>Togekiss restored its HP.</small><br></div><div class="spacer battle-history"><br></div><div class="battle-history"><small>Togekiss restored a little HP using its Leftovers!</small><br></div><div class="battle-history"><small>The opposing Cofagrigus was hurt by poison!</small><br></div><div class="battle-history"><small>The twisted dimensions returned to normal!</small><br></div><div class="spacer battle-history"><br></div><h2 class="battle-history">Turn 6</h2><div class="chat message-error">Kerumatsu tiene 135 segundos restantes.</div><div class="spacer battle-history"><br></div><div class="battle-history">Togekiss, come back!<br></div><div class="battle-history">Go! <strong>Skarmory</strong>!<br></div><div class="spacer battle-history"><br></div><div class="battle-history">The opposing Cofagrigus used <strong>Trick Room</strong>!<br></div><div class="battle-history"><small>The opposing Cofagrigus twisted the dimensions!</small><br></div><div class="spacer battle-history"><br></div><div class="battle-history"><small>The opposing Cofagrigus was hurt by poison!</small><br></div><div class="spacer battle-history"><br></div><h2 class="battle-history">Turn 7</h2><div class="spacer battle-history"><br></div><div class="battle-history">The opposing Cofagrigus used <strong>Will-O-Wisp</strong>!<br></div><div class="battle-history"><small>Skarmory was burned!</small><br></div><div class="spacer battle-history"><br></div><div class="battle-history">Skarmory used <strong>Spikes</strong>!<br></div><div class="battle-history"><small>Spikes were scattered on the ground all around the opposing team!</small><br></div><div class="spacer battle-history"><br></div><div class="battle-history"><small>The opposing Cofagrigus was hurt by poison!</small><br></div><div class="battle-history"><small>Skarmory was hurt by its burn!</small><br></div><div class="spacer battle-history"><br></div><h2 class="battle-history">Turn 8</h2><div class="spacer battle-history"><br></div><div class="battle-history">The opposing Cofagrigus used <strong>Shadow Ball</strong>!<br></div><div class="battle-history"><small>(Skarmory lost <abbr title="−124/334">37.1%</abbr> of its health!)</small><br></div><div class="spacer battle-history"><br></div><div class="battle-history">Skarmory used <strong>Spikes</strong>!<br></div><div class="battle-history"><small>Spikes were scattered on the ground all around the opposing team!</small><br></div><div class="spacer battle-history"><br></div><div class="battle-history"><small>Skarmory restored a little HP using its Leftovers!</small><br></div><div class="battle-history"><small>The opposing Cofagrigus was hurt by poison!</small><br></div><div class="battle-history"><small>Skarmory was hurt by its burn!</small><br></div><div class="spacer battle-history"><br></div><div class="battle-history">The opposing Cofagrigus fainted!<br></div><div class="spacer battle-history"><br></div><div class="battle-history">BloodMoonBlue sent out <strong>Crawdaunt</strong>!<br></div><div class="battle-history"><small>Pointed stones dug into the opposing Crawdaunt!</small><br></div><div class="battle-history"><small>The opposing Crawdaunt is hurt by the spikes!</small><br></div><div class="spacer battle-history"><br></div><h2 class="battle-history">Turn 9</h2><div class="spacer battle-history"><br></div><div class="battle-history">Skarmory, come back!<br></div><div class="battle-history">Go! <strong>Toxapex</strong>!<br></div><div class="spacer battle-history"><br></div><div class="battle-history">The opposing Crawdaunt used <strong>Swords Dance</strong>!<br></div><div class="battle-history"><small>The opposing Crawdaunt's Attack rose sharply!</small><br></div><div class="spacer battle-history"><br></div><h2 class="battle-history">Turn 10</h2><div class="spacer battle-history"><br></div><div class="battle-history">Toxapex used <strong>Haze</strong>!<br></div><div class="battle-history"><small>All stat changes were eliminated!</small><br></div><div class="spacer battle-history"><br></div><div class="battle-history">The opposing Crawdaunt used <strong>Knock Off</strong>!<br></div><div class="battle-history"><small>(Toxapex lost <abbr title="−179/304">58.9%</abbr> of its health!)</small><br></div><div class="battle-history"><small>The opposing Crawdaunt knocked off Toxapex's Black Sludge!</small><br></div><div class="battle-history"><small>The opposing Crawdaunt lost some of its HP!</small><br></div><div class="spacer battle-history"><br></div><div class="battle-history"><small>The twisted dimensions returned to normal!</small><br></div><div class="spacer battle-history"><br></div><h2 class="battle-history">Turn 11</h2><div class="spacer battle-history"><br></div><div class="battle-history">Toxapex, come back!<br></div><div class="battle-history">Go! <strong>Infernape</strong>!<br></div><div class="spacer battle-history"><br></div><div class="battle-history">The opposing Crawdaunt used <strong>Swords Dance</strong>!<br></div><div class="battle-history"><small>The opposing Crawdaunt's Attack rose sharply!</small><br></div><div class="spacer battle-history"><br></div><h2 class="battle-history">Turn 12</h2><div class="spacer battle-history"><br></div><div class="battle-history">Infernape, come back!<br></div><div class="battle-history">Go! <strong>Toxapex</strong>!<br></div><div class="spacer battle-history"><br></div><div class="battle-history">The opposing Crawdaunt used <strong>Aqua Jet</strong>!<br></div><div class="battle-history"><small>It's not very effective...</small><br></div><div class="battle-history"><small>(Toxapex lost <abbr title="−82/304">27.0%</abbr> of its health!)</small><br></div><div class="battle-history"><small>The opposing Crawdaunt lost some of its HP!</small><br></div><div class="spacer battle-history"><br></div><h2 class="battle-history">Turn 13</h2><div class="spacer battle-history"><br></div><div class="battle-history">Toxapex, come back!<br></div><div class="battle-history">Go! <strong>Skarmory</strong>!<br></div><div class="spacer battle-history"><br></div><div class="battle-history">The opposing Crawdaunt used <strong>Knock Off</strong>!<br></div><div class="battle-history"><small>(Skarmory lost <abbr title="−190/334">56.9%</abbr> of its health!)</small><br></div><div class="battle-history"><small>The opposing Crawdaunt knocked off Skarmory's Leftovers!</small><br></div><div class="battle-history"><small>The opposing Crawdaunt lost some of its HP!</small><br></div><div class="spacer battle-history"><br></div><div class="battle-history">Skarmory fainted!<br></div><div class="spacer battle-history"><br></div><div class="battle-history">Go! <strong>Togekiss</strong>!<br></div><div class="spacer battle-history"><br></div><h2 class="battle-history">Turn 14</h2><div class="spacer battle-history"><br></div><div class="battle-history">The opposing Crawdaunt used <strong>Aqua Jet</strong>!<br></div><div class="battle-history"><small>A critical hit!</small><br></div><div class="battle-history"><small>(Togekiss lost <abbr title="−326/361">90.3%</abbr> of its health!)</small><br></div><div class="battle-history"><small>The opposing Crawdaunt lost some of its HP!</small><br></div><div class="spacer battle-history"><br></div><div class="battle-history">Togekiss fainted!<br></div><div class="spacer battle-history"><br></div><div class="battle-history">Go! <strong>Toxapex</strong>!<br></div><div class="spacer battle-history"><br></div><h2 class="battle-history">Turn 15</h2><div class="spacer battle-history"><br></div><div class="battle-history">The opposing Crawdaunt used <strong>Knock Off</strong>!<br></div><div class="battle-history"><small>(Toxapex lost <abbr title="−245/304">80.6%</abbr> of its health!)</small><br></div><div class="battle-history"><small>The opposing Crawdaunt lost some of its HP!</small><br></div><div class="spacer battle-history"><br></div><div class="battle-history">Toxapex fainted!<br></div><div class="spacer battle-history"><br></div><div class="battle-history">Go! <strong>Celebi</strong>!<br></div><div class="spacer battle-history"><br></div><h2 class="battle-history">Turn 16</h2><div class="spacer battle-history"><br></div><div class="battle-history">Celebi, come back!<br></div><div class="battle-history">Go! <strong>Hippowdon</strong>!<br></div><div class="battle-history"><small>[Hippowdon's Sand Stream]</small><br><small>A sandstorm kicked up!</small><br></div><div class="spacer battle-history"><br></div><div class="battle-history">The opposing Crawdaunt used <strong>Aqua Jet</strong>!<br></div><div class="battle-history"><small>It's super effective!</small><br></div><div class="battle-history"><small>(Hippowdon lost <abbr title="−374/419">89.3%</abbr> of its health!)</small><br></div><div class="battle-history"><small>The opposing Crawdaunt lost some of its HP!</small><br></div><div class="spacer battle-history"><br></div><div class="battle-history"><small>The sandstorm is raging.</small><br></div><div class="battle-history"><small>The opposing Crawdaunt is buffeted by the sandstorm!</small><br></div><div class="battle-history"><small>Hippowdon restored a little HP using its Leftovers!</small><br></div><div class="spacer battle-history"><br></div><h2 class="battle-history">Turn 17</h2><div class="spacer battle-history"><br></div><div class="battle-history">The opposing Crawdaunt used <strong>Knock Off</strong>!<br></div><div class="battle-history"><small>(Hippowdon lost <abbr title="−71/419">16.9%</abbr> of its health!)</small><br></div><div class="battle-history"><small>The opposing Crawdaunt knocked off Hippowdon's Leftovers!</small><br></div><div class="battle-history"><small>The opposing Crawdaunt lost some of its HP!</small><br></div><div class="spacer battle-history"><br></div><div class="battle-history">Hippowdon fainted!<br></div><div class="battle-history">The opposing Crawdaunt fainted!<br></div><div class="spacer battle-history"><br></div><div class="battle-history"><small>The sandstorm is raging.</small><br></div><div class="spacer battle-history"><br></div><div class="battle-history">BloodMoonBlue sent out <strong>Azumarill</strong>!<br></div><div class="spacer battle-history"><br></div><div class="battle-history">Go! <strong>Celebi</strong>!<br></div><div class="battle-history"><small>The opposing Azumarill is hurt by the spikes!</small><br></div><div class="battle-history"><small>Pointed stones dug into the opposing Azumarill!</small><br></div><div class="spacer battle-history"><br></div><h2 class="battle-history">Turn 18</h2><div class="spacer battle-history"><br></div><div class="battle-history"><small>Celebi surrounded itself with its Z-Power!</small><br></div><div class="spacer battle-history"><br></div><div class="battle-history">Celebi used <strong>Bloom Doom</strong>!<br></div><div class="battle-history"><small>It's super effective!</small><br></div><div class="battle-history"><small>(The opposing Azumarill lost <abbr title="−286/403">71.0%</abbr> of its health!)</small><br></div><div class="spacer battle-history"><br></div><div class="battle-history">The opposing Azumarill fainted!<br></div><div class="spacer battle-history"><br></div><div class="battle-history"><small>The sandstorm is raging.</small><br></div><div class="battle-history"><small>Celebi is buffeted by the sandstorm!</small><br></div><div class="spacer battle-history"><br></div><div class="battle-history">BloodMoonBlue sent out <strong>Goodra</strong>!<br></div><div class="battle-history"><small>The opposing Goodra is hurt by the spikes!</small><br></div><div class="battle-history"><small>Pointed stones dug into the opposing Goodra!</small><br></div><div class="spacer battle-history"><br></div><h2 class="battle-history">Turn 19</h2><div class="spacer battle-history"><br></div><div class="battle-history">Celebi used <strong>Psychic</strong>!<br></div><div class="battle-history"><small>(The opposing Goodra lost <abbr title="−72/383">18.8%</abbr> of its health!)</small><br></div><div class="spacer battle-history"><br></div><div class="battle-history">The opposing Goodra used <strong>Flamethrower</strong>!<br></div><div class="battle-history"><small>It's super effective!</small><br></div><div class="battle-history"><small>(Celebi lost <abbr title="−198/373">53.1%</abbr> of its health!)</small><br></div><div class="battle-history"><small>Celebi was burned!</small><br></div><div class="spacer battle-history"><br></div><div class="battle-history"><small>The sandstorm is raging.</small><br></div><div class="battle-history"><small>Celebi is buffeted by the sandstorm!</small><br></div><div class="battle-history"><small>The opposing Goodra is buffeted by the sandstorm!</small><br></div><div class="battle-history"><small>Celebi was hurt by its burn!</small><br></div><div class="spacer battle-history"><br></div><h2 class="battle-history">Turn 20</h2><div class="spacer battle-history"><br></div><div class="battle-history">Celebi used <strong>Psychic</strong>!<br></div><div class="battle-history"><small>(The opposing Goodra lost <abbr title="−67/383">17.5%</abbr> of its health!)</small><br></div><div class="spacer battle-history"><br></div><div class="battle-history">The opposing Goodra used <strong>Dragon Breath</strong>!<br></div><div class="battle-history"><small>(Celebi lost <abbr title="−97/373">26.0%</abbr> of its health!)</small><br></div><div class="spacer battle-history"><br></div><div class="battle-history"><small>The sandstorm subsided.</small><br></div><div class="battle-history"><small>Celebi was hurt by its burn!</small><br></div><div class="spacer battle-history"><br></div><div class="battle-history">Celebi fainted!<br></div><div class="spacer battle-history"><br></div><div class="battle-history">Go! <strong>Infernape</strong>!<br></div><div class="spacer battle-history"><br></div><h2 class="battle-history">Turn 21</h2><div class="spacer battle-history"><br></div><div class="battle-history">Infernape used <strong>Close Combat</strong>!<br></div><div class="battle-history"><small>(The opposing Goodra lost <abbr title="−111/383">29.0%</abbr> of its health!)</small><br></div><div class="battle-history"><small>Infernape's Defense fell!</small><br></div><div class="battle-history"><small>Infernape's Special Defense fell!</small><br></div><div class="spacer battle-history"><br></div><div class="battle-history">The opposing Goodra fainted!<br></div><div class="spacer battle-history"><br></div><div class="battle-history">BloodMoonBlue sent out <strong>Mawile</strong>!<br></div><div class="battle-history"><small>Pointed stones dug into the opposing Mawile!</small><br></div><div class="battle-history"><small>The opposing Mawile is hurt by the spikes!</small><br></div><div class="battle-history"><small>[The opposing Mawile's Intimidate]</small><br></div><div class="battle-history"><small>Infernape's Attack fell!</small><br></div><div class="spacer battle-history"><br></div><h2 class="battle-history">Turn 22</h2><div class="spacer battle-history"><br></div><div class="battle-history"><small>The opposing Mawile's Mawilite is reacting to the Key Stone!</small><br>The opposing Mawile has Mega Evolved into Mega Mawile!<br></div><div class="spacer battle-history"><br></div><div class="battle-history">Infernape used <strong>Close Combat</strong>!<br></div><div class="battle-history"><small>(The opposing Mawile lost <abbr title="−108/303">35.6%</abbr> of its health!)</small><br></div><div class="battle-history"><small>Infernape's Defense fell!</small><br></div><div class="battle-history"><small>Infernape's Special Defense fell!</small><br></div><div class="spacer battle-history"><br></div><div class="battle-history">The opposing Mawile used <strong>Play Rough</strong>!<br></div><div class="battle-history"><small>A critical hit!</small><br></div><div class="battle-history"><small>(Infernape lost <abbr title="−294/294">100%</abbr> of its health!)</small><br></div><div class="spacer battle-history"><br></div><div class="battle-history">Infernape fainted!<br></div><div class="spacer battle-history"><br></div><div class="battle-history"><strong>BloodMoonBlue</strong> won the battle!<br></div><div class="chat">BloodMoonBlue ha ganado 8 PokeDolares.</div><div class="chat">Puntaje de Kerumatsu: 1000 → <strong>1000</strong><br>(+0 por perder)</div><div class="chat">Puntaje de BloodMoonBlue: 1000 → <strong>1045</strong><br>(+45 por ganar)</div></div><div class="inner-preempt"></div></div></div>
</div>
<script>
let daily = Math.floor(Date.now()/1000/60/60/24);document.write('<script src="https://play.pokemonshowdown.com/js/replay-embed.js?version'+daily+'"></'+'script>');
</script>
