<!DOCTYPE html>
<meta charset="utf-8" />
<!-- version 1 -->
<title>OU replay: LoD Cusho vs. LuisinVGC</title>
<style>
html,body {font-family:Verdana, sans-serif;font-size:10pt;margin:0;padding:0;}body{padding:12px 0;} .battle-log {font-family:Verdana, sans-serif;font-size:10pt;} .battle-log-inline {border:1px solid #AAAAAA;background:#EEF2F5;color:black;max-width:640px;margin:0 auto 80px;padding-bottom:5px;} .battle-log .inner {padding:4px 8px 0px 8px;} .battle-log .inner-preempt {padding:0 8px 4px 8px;} .battle-log .inner-after {margin-top:0.5em;} .battle-log h2 {margin:0.5em -8px;padding:4px 8px;border:1px solid #AAAAAA;background:#E0E7EA;border-left:0;border-right:0;font-family:Verdana, sans-serif;font-size:13pt;} .battle-log .chat {vertical-align:middle;padding:3px 0 3px 0;font-size:8pt;} .battle-log .chat strong {color:#40576A;} .battle-log .chat em {padding:1px 4px 1px 3px;color:#000000;font-style:normal;} .chat.mine {background:rgba(0,0,0,0.05);margin-left:-8px;margin-right:-8px;padding-left:8px;padding-right:8px;} .spoiler {color:#BBBBBB;background:#BBBBBB;padding:0px 3px;} .spoiler:hover, .spoiler:active, .spoiler-shown {color:#000000;background:#E2E2E2;padding:0px 3px;} .spoiler a {color:#BBBBBB;} .spoiler:hover a, .spoiler:active a, .spoiler-shown a {color:#2288CC;} .chat code, .chat .spoiler:hover code, .chat .spoiler:active code, .chat .spoiler-shown code {border:1px solid #C0C0C0;background:#EEEEEE;color:black;padding:0 2px;} .chat .spoiler code {border:1px solid #CCCCCC;background:#CCCCCC;color:#CCCCCC;} .battle-log .rated {padding:3px 4px;} .battle-log .rated strong {color:white;background:#89A;padding:1px 4px;border-radius:4px;} .spacer {margin-top:0.5em;} .message-announce {background:#6688AA;color:white;padding:1px 4px 2px;} .message-announce a, .broadcast-green a, .broadcast-blue a, .broadcast-red a {color:#DDEEFF;} .broadcast-green {background-color:#559955;color:white;padding:2px 4px;} .broadcast-blue {background-color:#6688AA;color:white;padding:2px 4px;} .infobox {border:1px solid #6688AA;padding:2px 4px;} .infobox-limited {max-height:200px;overflow:auto;overflow-x:hidden;} .broadcast-red {background-color:#AA5544;color:white;padding:2px 4px;} .message-learn-canlearn {font-weight:bold;color:#228822;text-decoration:underline;} .message-learn-cannotlearn {font-weight:bold;color:#CC2222;text-decoration:underline;} .message-effect-weak {font-weight:bold;color:#CC2222;} .message-effect-resist {font-weight:bold;color:#6688AA;} .message-effect-immune {font-weight:bold;color:#666666;} .message-learn-list {margin-top:0;margin-bottom:0;} .message-throttle-notice, .message-error {color:#992222;} .message-overflow, .chat small.message-overflow {font-size:0pt;} .message-overflow::before {font-size:9pt;content:'...';} .subtle {color:#3A4A66;}
</style>
<div class="wrapper replay-wrapper" style="max-width:1180px;margin:0 auto">
<input type="hidden" name="replayid" value="destiny-ou-416626" />
<div class="battle"></div><div class="battle-log"></div><div class="replay-controls"></div><div class="replay-controls-2"></div>
<h1 style="font-weight:normal;text-align:center"><strong>OU</strong><br /><a href="http://pokemonshowdown.com/users/lodcusho" class="subtle" target="_blank">LoD Cusho</a> vs. <a href="http://pokemonshowdown.com/users/luisinvgc" class="subtle" target="_blank">LuisinVGC</a></h1>
<script type="text/plain" class="battle-log-data">|player|p1|LoD Cusho|lodcusho-3.gif?463f14d7
|teamsize|p1|6
|player|p2|LuisinVGC|luisgr.gif?e003c0ae
|teamsize|p2|6
|teamsize|p1|6
|teamsize|p2|6
|gametype|singles
|gen|7
|tier|OU
|seed|2118,18386,5085,53062
|rule|Cláusula-Mod de Dormir: solo puedes dormir a uno de tus oponentes a la vez.
|rule|Cláusula de Especie: Hasta un Pokémon de cada especie
|rule|Cláusula de Golpe Fulminante: los movimientos fulminantes (OHKO) estan prohibidos
|rule|Cláusula de Veleta: la habilidad Veleta está prohibida
|rule|Cláusula de Movimientos Evasivos: los movimientos de Evasión están prohibidos.
|rule|Cláusula de Batallas Eternas: forzar batallas eternas está prohibido
|clearpoke
|poke|p1|Tapu Lele|item
|poke|p1|Zygarde|item
|poke|p1|Greninja, F|item
|poke|p1|Scizor, F|item
|poke|p1|Blacephalon|item
|poke|p1|Ferrothorn, F|item
|poke|p2|Latios, M|item
|poke|p2|Amoonguss, M|item
|poke|p2|Tapu Koko|item
|poke|p2|Heatran, M|item
|poke|p2|Landorus-Therian, M|item
|poke|p2|Greninja, M|item
|teampreview|undefined
|choice|*team 321456|*
|choice|*|*team 423156
|choice|team 3, 2, 1, 4, 5, 6|team 4, 2, 3, 1, 5, 6
|
|start
|switch|p1a: Greninja|Greninja, F|285\/285
|switch|p2a: Heatran|Heatran, M|386\/386
|turn|1
|choice|*|*move 4
|choice|*|*move 4
|choice|*move 2|*
|choice|move uturn|move stealthrock
|
|move|p1a: Greninja|U-turn|p2a: Heatran
|-start|p1a: Greninja|typechange|Bug|[from] Protean
|-resisted|p2a: Heatran
|-damage|p2a: Heatran|363\/386
|choice|*switch 2|*
|choice|switch 2|
|
|switch|p1a: Zygarde|Zygarde|357\/357|[from]move: U-turn
|-ability|p1a: Zygarde|Aura Break
|move|p2a: Heatran|Stealth Rock|p1a: Zygarde
|-sidestart|p1: LoD Cusho|move: Stealth Rock
|
|-heal|p2a: Heatran|386\/386|[from] item: Leftovers
|upkeep
|turn|2
|choice|*switch 4|*
|choice|*|*switch 5
|choice|switch 4|switch 5
|
|switch|p1a: Scizor|Scizor, F|343\/343
|-damage|p1a: Scizor|301\/343|[from] Stealth Rock
|switch|p2a: Landorus|Landorus-Therian, M|319\/319
|-ability|p2a: Landorus|Intimidate|boost
|-unboost|p1a: Scizor|atk|1
|
|upkeep
|turn|3
|choice|*|*move 2
|choice|*move 4 mega|*
|choice|move defog mega|move uturn
|
|-mega|p1a: Scizor|Scizor|Scizorite
|detailschange|p1a: Scizor|Scizor-Mega, F
|move|p2a: Landorus|U-turn|p1a: Scizor
|-resisted|p1a: Scizor
|-damage|p1a: Scizor|272\/343
|choice|*|*switch 5
|choice||switch 5
|
|switch|p2a: Heatran|Heatran, M|386\/386|[from]move: U-turn
|move|p1a: Scizor|Defog|p2a: Heatran
|-unboost|p2a: Heatran|evasion|1
|-sideend|p1: LoD Cusho|Stealth Rock|[from] move: Defog|[of] p1a: Scizor
|
|upkeep
|turn|4
|choice|*|*move 4
|choice|*switch 4|*
|choice|switch 4|move stealthrock
|
|switch|p1a: Zygarde|Zygarde|357\/357
|-ability|p1a: Zygarde|Aura Break
|move|p2a: Heatran|Stealth Rock|p1a: Zygarde
|-sidestart|p1: LoD Cusho|move: Stealth Rock
|
|upkeep
|turn|5
|choice|*|*switch 5
|choice|*move 3|*
|choice|move dragondance|switch 5
|
|switch|p2a: Landorus|Landorus-Therian, M|319\/319
|-ability|p2a: Landorus|Intimidate|boost
|-unboost|p1a: Zygarde|atk|1
|move|p1a: Zygarde|Dragon Dance|p1a: Zygarde
|-boost|p1a: Zygarde|atk|1
|-boost|p1a: Zygarde|spe|1
|
|upkeep
|turn|6
|choice|*|*move 3
|choice|*move 3|*
|choice|move dragondance|move hiddenpower
|
|move|p2a: Landorus|Hidden Power|p1a: Zygarde
|-supereffective|p1a: Zygarde
|-damage|p1a: Zygarde|153\/357
|-enditem|p1a: Zygarde|Weakness Policy
|-boost|p1a: Zygarde|atk|2
|-boost|p1a: Zygarde|spa|2
|move|p1a: Zygarde|Dragon Dance|p1a: Zygarde
|-boost|p1a: Zygarde|atk|1
|-boost|p1a: Zygarde|spe|1
|
|upkeep
|turn|7
|choice|*move 1|*
|c| Ry Lon|wow
|c| Ry Lon|suelamen
|choice|*|*switch 3
|choice|move thousandarrows|switch 3
|
|switch|p2a: Tapu Koko|Tapu Koko|281\/281
|-fieldstart|move: Electric Terrain|[from] ability: Electric Surge|[of] p2a: Tapu Koko
|move|p1a: Zygarde|Thousand Arrows|p2a: Tapu Koko
|-supereffective|p2a: Tapu Koko
|-damage|p2a: Tapu Koko|0 fnt
|faint|p2a: Tapu Koko
|
|upkeep
|choice|*|*switch 3
|choice||switch 3
|
|switch|p2a: Landorus|Landorus-Therian, M|319\/319
|-ability|p2a: Landorus|Intimidate|boost
|-unboost|p1a: Zygarde|atk|1
|turn|8
|choice|*move 1|*
|choice|*|*switch 2
|choice|move thousandarrows|switch 2
|
|switch|p2a: Amoonguss|Amoonguss, M|431\/431
|move|p1a: Zygarde|Thousand Arrows|p2a: Amoonguss
|-damage|p2a: Amoonguss|56\/431
|
|-heal|p2a: Amoonguss|82\/431|[from] item: Black Sludge
|upkeep
|turn|9
|choice|*|*move 4
|c| Ry Lon|
|choice|*move 1|*
|choice|move thousandarrows|move stunspore
|
|move|p1a: Zygarde|Thousand Arrows|p2a: Amoonguss
|-damage|p2a: Amoonguss|0 fnt
|faint|p2a: Amoonguss
|
|upkeep
|choice|*|*switch 2
|choice||switch 2
|
|switch|p2a: Landorus|Landorus-Therian, M|319\/319
|-ability|p2a: Landorus|Intimidate|boost
|-unboost|p1a: Zygarde|atk|1
|turn|10
|choice|*|*move 3
|choice|*|*move 3
|choice|*move 1|*
|choice|move thousandarrows|move hiddenpower
|
|move|p1a: Zygarde|Thousand Arrows|p2a: Landorus
|-damage|p2a: Landorus|94\/319
|-start|p2a: Landorus|Smack Down
|move|p2a: Landorus|Hidden Power|p1a: Zygarde
|-supereffective|p1a: Zygarde
|-damage|p1a: Zygarde|0 fnt
|faint|p1a: Zygarde
|
|upkeep
|choice|*switch 3|*
|choice|switch 3|
|
|switch|p1a: Tapu Lele|Tapu Lele|282\/282
|-damage|p1a: Tapu Lele|247\/282|[from] Stealth Rock
|-fieldstart|move: Psychic Terrain|[from] ability: Psychic Surge|[of] p1a: Tapu Lele
|turn|11
|choice|*move 1|*
|choice|*|*switch 5
|choice|move focusblast|switch 5
|
|switch|p2a: Heatran|Heatran, M|386\/386
|move|p1a: Tapu Lele|Focus Blast|p2a: Heatran
|-supereffective|p2a: Heatran
|-damage|p2a: Heatran|96\/386
|
|-heal|p2a: Heatran|120\/386|[from] item: Leftovers
|upkeep
|turn|12
|choice|*move 1|*
|choice|*|*switch 4
|choice|move focusblast|switch 4
|
|switch|p2a: Latios|Latios, M|301\/301
|move|p1a: Tapu Lele|Focus Blast|p2a: Latios
|-resisted|p2a: Latios
|-damage|p2a: Latios|222\/301
|
|upkeep
|turn|13
|choice|*|*move 3 mega
|choice|*switch 6|*
|choice|switch 6|move earthquake mega
|
|switch|p1a: Ferrothorn|Ferrothorn, F|352\/352
|-damage|p1a: Ferrothorn|330\/352|[from] Stealth Rock
|-mega|p2a: Latios|Latios|Latiosite
|detailschange|p2a: Latios|Latios-Mega, M
|move|p2a: Latios|Earthquake|p1a: Ferrothorn
|-damage|p1a: Ferrothorn|261\/352
|
|-heal|p1a: Ferrothorn|283\/352|[from] item: Leftovers
|upkeep
|turn|14
|choice|*move 1|*
|choice|*|*switch 4
|choice|move stealthrock|switch 4
|
|switch|p2a: Heatran|Heatran, M|120\/386
|move|p1a: Ferrothorn|Stealth Rock|p2a: Heatran
|-sidestart|p2: LuisinVGC|move: Stealth Rock
|
|-heal|p2a: Heatran|144\/386|[from] item: Leftovers
|-heal|p1a: Ferrothorn|305\/352|[from] item: Leftovers
|upkeep
|turn|15
|choice|*|*move 2
|choice|*switch 4|*
|choice|switch 4|move earthpower
|
|switch|p1a: Scizor|Scizor-Mega, F|272\/343
|-damage|p1a: Scizor|230\/343|[from] Stealth Rock
|move|p2a: Heatran|Earth Power|p1a: Scizor
|-damage|p1a: Scizor|149\/343
|
|-heal|p2a: Heatran|168\/386|[from] item: Leftovers
|-fieldend|move: Psychic Terrain
|upkeep
|turn|16
|choice|*move 1|*
|choice|*|*move 1
|choice|move uturn|move magmastorm
|
|move|p2a: Heatran|Magma Storm|p1a: Scizor
|-supereffective|p1a: Scizor
|-damage|p1a: Scizor|0 fnt
|faint|p1a: Scizor
|
|-heal|p2a: Heatran|192\/386|[from] item: Leftovers
|upkeep
|choice|*switch 5|*
|choice|switch 5|
|
|switch|p1a: Blacephalon|Blacephalon|305\/305
|-damage|p1a: Blacephalon|229\/305|[from] Stealth Rock
|turn|17
|choice|*move 4 zmove|*
|choice|*|*switch 6
|choice|move shadowball zmove|switch 6
|
|switch|p2a: Greninja|Greninja, M|285\/285
|-damage|p2a: Greninja|250\/285|[from] Stealth Rock
|-zpower|p1a: Blacephalon
|move|p1a: Blacephalon|Never-Ending Nightmare|p2a: Greninja|[zeffect]
|-resisted|p2a: Greninja
|-damage|p2a: Greninja|78\/285
|
|upkeep
|turn|18
|c| Ry Lon|que dios
|choice|*|*move 4
|choice|*switch 2|*
|choice|*switch 2|*
|choice|*|*move 2
|choice|*switch 2|*
|choice|switch 2|move darkpulse
|
|switch|p1a: Greninja|Greninja, F|285\/285
|-damage|p1a: Greninja|250\/285|[from] Stealth Rock
|move|p2a: Greninja|Dark Pulse|p1a: Greninja
|-resisted|p1a: Greninja
|-crit|p1a: Greninja
|-damage|p1a: Greninja|63\/285
|
|upkeep
|turn|19
|choice|*|*switch 6
|choice|*move 1|*
|c| LoD Asuna|k ases
|choice|*|*switch 5
|choice|move spikes|switch 5
|
|switch|p2a: Landorus|Landorus-Therian, M|94\/319
|-damage|p2a: Landorus|55\/319|[from] Stealth Rock
|-ability|p2a: Landorus|Intimidate|boost
|-unboost|p1a: Greninja|atk|1
|move|p1a: Greninja|Spikes|p2a: Landorus
|-start|p1a: Greninja|typechange|Ground|[from] Protean
|-sidestart|p2: LuisinVGC|Spikes
|
|upkeep
|turn|20
|choice|*|*move 4
|choice|*move 1|*
|choice|move spikes|move defog
|
|move|p1a: Greninja|Spikes|p2a: Landorus
|-sidestart|p2: LuisinVGC|Spikes
|move|p2a: Landorus|Defog|p1a: Greninja
|-unboost|p1a: Greninja|evasion|1
|-sideend|p1: LoD Cusho|Stealth Rock|[from] move: Defog|[of] p1a: Greninja
|-sideend|p2: LuisinVGC|Spikes|[from] move: Defog|[of] p2a: Landorus
|-sideend|p2: LuisinVGC|Stealth Rock|[from] move: Defog|[of] p2a: Landorus
|
|upkeep
|turn|21
|choice|*|*switch 6
|choice|*switch 6|*
|choice|switch 6|switch 6
|
|switch|p1a: Tapu Lele|Tapu Lele|247\/282
|-fieldstart|move: Psychic Terrain|[from] ability: Psychic Surge|[of] p1a: Tapu Lele
|switch|p2a: Heatran|Heatran, M|192\/386
|
|-heal|p2a: Heatran|216\/386|[from] item: Leftovers
|upkeep
|turn|22
|choice|*|*move 4
|choice|*move 1|*
|choice|move focusblast|move stealthrock
|
|move|p1a: Tapu Lele|Focus Blast|p2a: Heatran
|-supereffective|p2a: Heatran
|-damage|p2a: Heatran|0 fnt
|faint|p2a: Heatran
|
|upkeep
|choice|*|*switch 6
|choice||switch 6
|
|switch|p2a: Landorus|Landorus-Therian, M|55\/319
|-ability|p2a: Landorus|Intimidate|boost
|-unboost|p1a: Tapu Lele|atk|1
|turn|23
|choice|*|*move 1
|choice|*switch 2|*
|choice|switch 2|move earthquake
|
|switch|p1a: Blacephalon|Blacephalon|229\/305
|move|p2a: Landorus|Earthquake|p1a: Blacephalon
|-supereffective|p1a: Blacephalon
|-damage|p1a: Blacephalon|0 fnt
|faint|p1a: Blacephalon
|
|upkeep
|choice|*switch 2|*
|choice|switch 2|
|
|switch|p1a: Tapu Lele|Tapu Lele|247\/282
|turn|24
|choice|*move 4|*
|choice|*|*move 1
|choice|move moonblast|move earthquake
|
|move|p1a: Tapu Lele|Moonblast|p2a: Landorus
|-damage|p2a: Landorus|0 fnt
|faint|p2a: Landorus
|
|upkeep
|choice|*|*switch 4
|choice||switch 4
|
|switch|p2a: Latios|Latios-Mega, M|222\/301
|turn|25
|choice|*|*move 3
|choice|*move 4|*
|choice|move moonblast|move earthquake
|
|move|p1a: Tapu Lele|Moonblast|p2a: Latios
|-supereffective|p2a: Latios
|-damage|p2a: Latios|0 fnt
|faint|p2a: Latios
|
|-fieldend|move: Psychic Terrain
|upkeep
|choice|*|*switch 5
|choice||switch 5
|
|switch|p2a: Greninja|Greninja, M|78\/285
|turn|26
|choice|*switch 4|*
|choice|*|*move 2
|choice|switch 4|move darkpulse
|
|switch|p1a: Ferrothorn|Ferrothorn, F|305\/352
|move|p2a: Greninja|Dark Pulse|p1a: Ferrothorn
|-damage|p1a: Ferrothorn|175\/352
|
|-heal|p1a: Ferrothorn|197\/352|[from] item: Leftovers
|upkeep
|turn|27
|choice|*|*move 2
|choice|*move 3|*
|choice|move powerwhip|move darkpulse
|
|move|p2a: Greninja|Dark Pulse|p1a: Ferrothorn
|-damage|p1a: Ferrothorn|83\/352
|move|p1a: Ferrothorn|Power Whip|p2a: Greninja
|-supereffective|p2a: Greninja
|-damage|p2a: Greninja|0 fnt
|faint|p2a: Greninja
|
|win|LoD Cusho
</script>
</div>
<div class="battle-log battle-log-inline"><div class="inner"><div class="battle-options"></div><div class="inner"><div class=""><small>Format:</small> <br><strong>OU</strong></div><div class=""><small><em>Cláusula-Mod de Dormir:</em> solo puedes dormir a uno de tus oponentes a la vez.</small></div><div class=""><small><em>Cláusula de Especie:</em> Hasta un Pokémon de cada especie</small></div><div class=""><small><em>Cláusula de Golpe Fulminante:</em> los movimientos fulminantes (OHKO) estan prohibidos</small></div><div class=""><small><em>Cláusula de Veleta:</em> la habilidad Veleta está prohibida</small></div><div class=""><small><em>Cláusula de Movimientos Evasivos:</em> los movimientos de Evasión están prohibidos.</small></div><div class=""><small><em>Cláusula de Batallas Eternas:</em> forzar batallas eternas está prohibido</small></div><div class="chat battle-history"><strong>LoD Cusho's team:</strong> <em style="color:#445566;display:block;">Tapu Lele / Zygarde / Greninja / Scizor / Blacephalon / Ferrothorn</em></div><div class="chat battle-history"><strong>LuisinVGC's team:</strong> <em style="color:#445566;display:block;">Latios / Amoonguss / Tapu Koko / Heatran / Landorus-Therian / Greninja</em></div><div class="spacer battle-history"><br></div><div class="battle-history">Battle started between LoD Cusho and LuisinVGC!<br></div><div class="spacer battle-history"><br></div><div class="battle-history">Go! <strong>Greninja</strong>!<br></div><div class="spacer battle-history"><br></div><div class="battle-history">LuisinVGC sent out <strong>Heatran</strong>!<br></div><div class="spacer battle-history"><br></div><h2 class="battle-history">Turn 1</h2><div class="spacer battle-history"><br></div><div class="battle-history">Greninja used <strong>U-turn</strong>!<br></div><div class="spacer battle-history"><br></div><div class="battle-history"><small>[Greninja's Protean]</small><br><small>Greninja transformed into the Bug type!</small><br></div><div class="battle-history"><small>It's not very effective...</small><br></div><div class="battle-history"><small>(The opposing Heatran lost <abbr title="−23/386">6.0%</abbr> of its health!)</small><br></div><div class="spacer battle-history"><br></div><div class="battle-history">Greninja went back to LoD Cusho!<br></div><div class="battle-history">Go! <strong>Zygarde</strong>!<br></div><div class="battle-history"><small>[Zygarde's Aura Break]</small><br><small>Zygarde reversed all other Pokémon's auras!</small><br></div><div class="spacer battle-history"><br></div><div class="battle-history">The opposing Heatran used <strong>Stealth Rock</strong>!<br></div><div class="battle-history"><small>Pointed stones float in the air around your team!</small><br></div><div class="spacer battle-history"><br></div><div class="battle-history"><small>The opposing Heatran restored a little HP using its Leftovers!</small><br></div><div class="spacer battle-history"><br></div><h2 class="battle-history">Turn 2</h2><div class="spacer battle-history"><br></div><div class="battle-history">Zygarde, come back!<br></div><div class="battle-history">Go! <strong>Scizor</strong>!<br></div><div class="battle-history"><small>Pointed stones dug into Scizor!</small><br></div><div class="spacer battle-history"><br></div><div class="battle-history">LuisinVGC withdrew Heatran!<br></div><div class="battle-history">LuisinVGC sent out Landorus (<strong>Landorus-Therian</strong>)!<br></div><div class="battle-history"><small>[The opposing Landorus's Intimidate]</small><br></div><div class="battle-history"><small>Scizor's Attack fell!</small><br></div><div class="spacer battle-history"><br></div><h2 class="battle-history">Turn 3</h2><div class="spacer battle-history"><br></div><div class="battle-history"><small>Scizor's Scizorite is reacting to the Key Stone!</small><br>Scizor has Mega Evolved into Mega Scizor!<br></div><div class="spacer battle-history"><br></div><div class="battle-history">The opposing Landorus used <strong>U-turn</strong>!<br></div><div class="battle-history"><small>It's not very effective...</small><br></div><div class="battle-history"><small>(Scizor lost <abbr title="−29/343">8.5%</abbr> of its health!)</small><br></div><div class="spacer battle-history"><br></div><div class="battle-history">The opposing Landorus went back to LuisinVGC!<br></div><div class="battle-history">LuisinVGC sent out <strong>Heatran</strong>!<br></div><div class="spacer battle-history"><br></div><div class="battle-history">Scizor used <strong>Defog</strong>!<br></div><div class="battle-history"><small>The opposing Heatran's evasiveness fell!</small><br></div><div class="battle-history"><small>The pointed stones disappeared from around your team!</small><br></div><div class="spacer battle-history"><br></div><h2 class="battle-history">Turn 4</h2><div class="spacer battle-history"><br></div><div class="battle-history">Scizor, come back!<br></div><div class="battle-history">Go! <strong>Zygarde</strong>!<br></div><div class="battle-history"><small>[Zygarde's Aura Break]</small><br><small>Zygarde reversed all other Pokémon's auras!</small><br></div><div class="spacer battle-history"><br></div><div class="battle-history">The opposing Heatran used <strong>Stealth Rock</strong>!<br></div><div class="battle-history"><small>Pointed stones float in the air around your team!</small><br></div><div class="spacer battle-history"><br></div><h2 class="battle-history">Turn 5</h2><div class="spacer battle-history"><br></div><div class="battle-history">LuisinVGC withdrew Heatran!<br></div><div class="battle-history">LuisinVGC sent out Landorus (<strong>Landorus-Therian</strong>)!<br></div><div class="battle-history"><small>[The opposing Landorus's Intimidate]</small><br></div><div class="battle-history"><small>Zygarde's Attack fell!</small><br></div><div class="spacer battle-history"><br></div><div class="battle-history">Zygarde used <strong>Dragon Dance</strong>!<br></div><div class="battle-history"><small>Zygarde's Attack rose!</small><br></div><div class="battle-history"><small>Zygarde's Speed rose!</small><br></div><div class="spacer battle-history"><br></div><h2 class="battle-history">Turn 6</h2><div class="spacer battle-history"><br></div><div class="battle-history">The opposing Landorus used <strong>Hidden Power</strong>!<br></div><div class="battle-history"><small>It's super effective!</small><br></div><div class="battle-history"><small>(Zygarde lost <abbr title="−204/357">57.1%</abbr> of its health!)</small><br></div><div class="battle-history"><small>(Zygarde used its Weakness Policy!)</small><br></div><div class="battle-history"><small>Zygarde's Attack rose sharply!</small><br></div><div class="battle-history"><small>Zygarde's Special Attack rose sharply!</small><br></div><div class="spacer battle-history"><br></div><div class="battle-history">Zygarde used <strong>Dragon Dance</strong>!<br></div><div class="battle-history"><small>Zygarde's Attack rose!</small><br></div><div class="battle-history"><small>Zygarde's Speed rose!</small><br></div><div class="spacer battle-history"><br></div><h2 class="battle-history">Turn 7</h2><div class="chat chatmessage-rylon"><strong style="color:hsl(313,62%,48.6469869428622%)"><small> </small><span class="username" data-name="Ry Lon">Ry Lon</span>:</strong> <em>wow</em></div><div class="chat chatmessage-rylon"><strong style="color:hsl(313,62%,48.6469869428622%)"><small> </small><span class="username" data-name="Ry Lon">Ry Lon</span>:</strong> <em>suelamen</em></div><div class="spacer battle-history"><br></div><div class="battle-history">LuisinVGC withdrew Landorus!<br></div><div class="battle-history">LuisinVGC sent out <strong>Tapu Koko</strong>!<br></div><div class="battle-history"><small>[The opposing Tapu Koko's Electric Surge]</small><br><small>An electric current runs across the battlefield!</small><br></div><div class="spacer battle-history"><br></div><div class="battle-history">Zygarde used <strong>Thousand Arrows</strong>!<br></div><div class="battle-history"><small>It's super effective!</small><br></div><div class="battle-history"><small>(The opposing Tapu Koko lost <abbr title="−281/281">100%</abbr> of its health!)</small><br></div><div class="spacer battle-history"><br></div><div class="battle-history">The opposing Tapu Koko fainted!<br></div><div class="spacer battle-history"><br></div><div class="battle-history">LuisinVGC sent out Landorus (<strong>Landorus-Therian</strong>)!<br></div><div class="battle-history"><small>[The opposing Landorus's Intimidate]</small><br></div><div class="battle-history"><small>Zygarde's Attack fell!</small><br></div><div class="spacer battle-history"><br></div><h2 class="battle-history">Turn 8</h2><div class="spacer battle-history"><br></div><div class="battle-history">LuisinVGC withdrew Landorus!<br></div><div class="battle-history">LuisinVGC sent out <strong>Amoonguss</strong>!<br></div><div class="spacer battle-history"><br></div><div class="battle-history">Zygarde used <strong>Thousand Arrows</strong>!<br></div><div class="battle-history"><small>(The opposing Amoonguss lost <abbr title="−375/431">87.0%</abbr> of its health!)</small><br></div><div class="spacer battle-history"><br></div><div class="battle-history"><small>The opposing Amoonguss restored a little HP using its Black Sludge!</small><br></div><div class="spacer battle-history"><br></div><h2 class="battle-history">Turn 9</h2><div class="chat chatmessage-rylon"><strong style="color:hsl(313,62%,48.6469869428622%)"><small> </small><span class="username" data-name="Ry Lon">Ry Lon</span>:</strong> <em></em></div><div class="spacer battle-history"><br></div><div class="battle-history">Zygarde used <strong>Thousand Arrows</strong>!<br></div><div class="battle-history"><small>(The opposing Amoonguss lost <abbr title="−82/431">19.0%</abbr> of its health!)</small><br></div><div class="spacer battle-history"><br></div><div class="battle-history">The opposing Amoonguss fainted!<br></div><div class="spacer battle-history"><br></div><div class="battle-history">LuisinVGC sent out Landorus (<strong>Landorus-Therian</strong>)!<br></div><div class="battle-history"><small>[The opposing Landorus's Intimidate]</small><br></div><div class="battle-history"><small>Zygarde's Attack fell!</small><br></div><div class="spacer battle-history"><br></div><h2 class="battle-history">Turn 10</h2><div class="spacer battle-history"><br></div><div class="battle-history">Zygarde used <strong>Thousand Arrows</strong>!<br></div><div class="battle-history"><small>(The opposing Landorus lost <abbr title="−225/319">70.5%</abbr> of its health!)</small><br></div><div class="battle-history"><small>The opposing Landorus fell straight down!</small><br></div><div class="spacer battle-history"><br></div><div class="battle-history">The opposing Landorus used <strong>Hidden Power</strong>!<br></div><div class="battle-history"><small>It's super effective!</small><br></div><div class="battle-history"><small>(Zygarde lost <abbr title="−153/357">42.9%</abbr> of its health!)</small><br></div><div class="spacer battle-history"><br></div><div class="battle-history">Zygarde fainted!<br></div><div class="spacer battle-history"><br></div><div class="battle-history">Go! <strong>Tapu Lele</strong>!<br></div><div class="battle-history"><small>Pointed stones dug into Tapu Lele!</small><br></div><div class="battle-history"><small>[Tapu Lele's Psychic Surge]</small><br><small>The battlefield got weird!</small><br></div><div class="spacer battle-history"><br></div><h2 class="battle-history">Turn 11</h2><div class="spacer battle-history"><br></div><div class="battle-history">LuisinVGC withdrew Landorus!<br></div><div class="battle-history">LuisinVGC sent out <strong>Heatran</strong>!<br></div><div class="spacer battle-history"><br></div><div class="battle-history">Tapu Lele used <strong>Focus Blast</strong>!<br></div><div class="battle-history"><small>It's super effective!</small><br></div><div class="battle-history"><small>(The opposing Heatran lost <abbr title="−290/386">75.1%</abbr> of its health!)</small><br></div><div class="spacer battle-history"><br></div><div class="battle-history"><small>The opposing Heatran restored a little HP using its Leftovers!</small><br></div><div class="spacer battle-history"><br></div><h2 class="battle-history">Turn 12</h2><div class="spacer battle-history"><br></div><div class="battle-history">LuisinVGC withdrew Heatran!<br></div><div class="battle-history">LuisinVGC sent out <strong>Latios</strong>!<br></div><div class="spacer battle-history"><br></div><div class="battle-history">Tapu Lele used <strong>Focus Blast</strong>!<br></div><div class="battle-history"><small>It's not very effective...</small><br></div><div class="battle-history"><small>(The opposing Latios lost <abbr title="−79/301">26.2%</abbr> of its health!)</small><br></div><div class="spacer battle-history"><br></div><h2 class="battle-history">Turn 13</h2><div class="spacer battle-history"><br></div><div class="battle-history">Tapu Lele, come back!<br></div><div class="battle-history">Go! <strong>Ferrothorn</strong>!<br></div><div class="battle-history"><small>Pointed stones dug into Ferrothorn!</small><br></div><div class="spacer battle-history"><br></div><div class="battle-history"><small>The opposing Latios's Latiosite is reacting to the Key Stone!</small><br>The opposing Latios has Mega Evolved into Mega Latios!<br></div><div class="spacer battle-history"><br></div><div class="battle-history">The opposing Latios used <strong>Earthquake</strong>!<br></div><div class="battle-history"><small>(Ferrothorn lost <abbr title="−69/352">19.6%</abbr> of its health!)</small><br></div><div class="spacer battle-history"><br></div><div class="battle-history"><small>Ferrothorn restored a little HP using its Leftovers!</small><br></div><div class="spacer battle-history"><br></div><h2 class="battle-history">Turn 14</h2><div class="spacer battle-history"><br></div><div class="battle-history">LuisinVGC withdrew Latios!<br></div><div class="battle-history">LuisinVGC sent out <strong>Heatran</strong>!<br></div><div class="spacer battle-history"><br></div><div class="battle-history">Ferrothorn used <strong>Stealth Rock</strong>!<br></div><div class="battle-history"><small>Pointed stones float in the air around the opposing team!</small><br></div><div class="spacer battle-history"><br></div><div class="battle-history"><small>The opposing Heatran restored a little HP using its Leftovers!</small><br></div><div class="battle-history"><small>Ferrothorn restored a little HP using its Leftovers!</small><br></div><div class="spacer battle-history"><br></div><h2 class="battle-history">Turn 15</h2><div class="spacer battle-history"><br></div><div class="battle-history">Ferrothorn, come back!<br></div><div class="battle-history">Go! Scizor (<strong>Scizor-Mega</strong>)!<br></div><div class="battle-history"><small>Pointed stones dug into Scizor!</small><br></div><div class="spacer battle-history"><br></div><div class="battle-history">The opposing Heatran used <strong>Earth Power</strong>!<br></div><div class="battle-history"><small>(Scizor lost <abbr title="−81/343">23.6%</abbr> of its health!)</small><br></div><div class="spacer battle-history"><br></div><div class="battle-history"><small>The opposing Heatran restored a little HP using its Leftovers!</small><br></div><div class="battle-history"><small>The weirdness disappeared from the battlefield!</small><br></div><div class="spacer battle-history"><br></div><h2 class="battle-history">Turn 16</h2><div class="spacer battle-history"><br></div><div class="battle-history">The opposing Heatran used <strong>Magma Storm</strong>!<br></div><div class="battle-history"><small>It's super effective!</small><br></div><div class="battle-history"><small>(Scizor lost <abbr title="−149/343">43.4%</abbr> of its health!)</small><br></div><div class="spacer battle-history"><br></div><div class="battle-history">Scizor fainted!<br></div><div class="spacer battle-history"><br></div><div class="battle-history"><small>The opposing Heatran restored a little HP using its Leftovers!</small><br></div><div class="spacer battle-history"><br></div><div class="battle-history">Go! <strong>Blacephalon</strong>!<br></div><div class="battle-history"><small>Pointed stones dug into Blacephalon!</small><br></div><div class="spacer battle-history"><br></div><h2 class="battle-history">Turn 17</h2><div class="spacer battle-history"><br></div><div class="battle-history">LuisinVGC withdrew Heatran!<br></div><div class="battle-history">LuisinVGC sent out <strong>Greninja</strong>!<br></div><div class="battle-history"><small>Pointed stones dug into the opposing Greninja!</small><br></div><div class="battle-history"><small>Blacephalon surrounded itself with its Z-Power!</small><br></div><div class="spacer battle-history"><br></div><div class="battle-history">Blacephalon used <strong>Never-Ending Nightmare</strong>!<br></div><div class="battle-history"><small>It's not very effective...</small><br></div><div class="battle-history"><small>(The opposing Greninja lost <abbr title="−172/285">60.4%</abbr> of its health!)</small><br></div><div class="spacer battle-history"><br></div><h2 class="battle-history">Turn 18</h2><div class="chat chatmessage-rylon"><strong style="color:hsl(313,62%,48.6469869428622%)"><small> </small><span class="username" data-name="Ry Lon">Ry Lon</span>:</strong> <em>que dios</em></div><div class="spacer battle-history"><br></div><div class="battle-history">Blacephalon, come back!<br></div><div class="battle-history">Go! <strong>Greninja</strong>!<br></div><div class="battle-history"><small>Pointed stones dug into Greninja!</small><br></div><div class="spacer battle-history"><br></div><div class="battle-history">The opposing Greninja used <strong>Dark Pulse</strong>!<br></div><div class="battle-history"><small>It's not very effective...</small><br></div><div class="battle-history"><small>A critical hit!</small><br></div><div class="battle-history"><small>(Greninja lost <abbr title="−187/285">65.6%</abbr> of its health!)</small><br></div><div class="spacer battle-history"><br></div><h2 class="battle-history">Turn 19</h2><div class="chat chatmessage-lodasuna"><strong style="color:hsl(326,61%,49%)"><small> </small><span class="username" data-name="LoD Asuna">LoD Asuna</span>:</strong> <em>k ases</em></div><div class="spacer battle-history"><br></div><div class="battle-history">LuisinVGC withdrew Greninja!<br></div><div class="battle-history">LuisinVGC sent out Landorus (<strong>Landorus-Therian</strong>)!<br></div><div class="battle-history"><small>Pointed stones dug into the opposing Landorus!</small><br></div><div class="battle-history"><small>[The opposing Landorus's Intimidate]</small><br></div><div class="battle-history"><small>Greninja's Attack fell!</small><br></div><div class="spacer battle-history"><br></div><div class="battle-history">Greninja used <strong>Spikes</strong>!<br></div><div class="spacer battle-history"><br></div><div class="battle-history"><small>[Greninja's Protean]</small><br><small>Greninja transformed into the Ground type!</small><br></div><div class="battle-history"><small>Spikes were scattered on the ground all around the opposing team!</small><br></div><div class="spacer battle-history"><br></div><h2 class="battle-history">Turn 20</h2><div class="spacer battle-history"><br></div><div class="battle-history">Greninja used <strong>Spikes</strong>!<br></div><div class="battle-history"><small>Spikes were scattered on the ground all around the opposing team!</small><br></div><div class="spacer battle-history"><br></div><div class="battle-history">The opposing Landorus used <strong>Defog</strong>!<br></div><div class="battle-history"><small>Greninja's evasiveness fell!</small><br></div><div class="battle-history"><small>The pointed stones disappeared from around your team!</small><br></div><div class="battle-history"><small>The spikes disappeared from the ground around the opposing team!</small><br></div><div class="battle-history"><small>The pointed stones disappeared from around the opposing team!</small><br></div><div class="spacer battle-history"><br></div><h2 class="battle-history">Turn 21</h2><div class="spacer battle-history"><br></div><div class="battle-history">Greninja, come back!<br></div><div class="battle-history">Go! <strong>Tapu Lele</strong>!<br></div><div class="battle-history"><small>[Tapu Lele's Psychic Surge]</small><br><small>The battlefield got weird!</small><br></div><div class="spacer battle-history"><br></div><div class="battle-history">LuisinVGC withdrew Landorus!<br></div><div class="battle-history">LuisinVGC sent out <strong>Heatran</strong>!<br></div><div class="spacer battle-history"><br></div><div class="battle-history"><small>The opposing Heatran restored a little HP using its Leftovers!</small><br></div><div class="spacer battle-history"><br></div><h2 class="battle-history">Turn 22</h2><div class="spacer battle-history"><br></div><div class="battle-history">Tapu Lele used <strong>Focus Blast</strong>!<br></div><div class="battle-history"><small>It's super effective!</small><br></div><div class="battle-history"><small>(The opposing Heatran lost <abbr title="−216/386">56.0%</abbr> of its health!)</small><br></div><div class="spacer battle-history"><br></div><div class="battle-history">The opposing Heatran fainted!<br></div><div class="spacer battle-history"><br></div><div class="battle-history">LuisinVGC sent out Landorus (<strong>Landorus-Therian</strong>)!<br></div><div class="battle-history"><small>[The opposing Landorus's Intimidate]</small><br></div><div class="battle-history"><small>Tapu Lele's Attack fell!</small><br></div><div class="spacer battle-history"><br></div><h2 class="battle-history">Turn 23</h2><div class="spacer battle-history"><br></div><div class="battle-history">Tapu Lele, come back!<br></div><div class="battle-history">Go! <strong>Blacephalon</strong>!<br></div><div class="spacer battle-history"><br></div><div class="battle-history">The opposing Landorus used <strong>Earthquake</strong>!<br></div><div class="battle-history"><small>It's super effective!</small><br></div><div class="battle-history"><small>(Blacephalon lost <abbr title="−229/305">75.1%</abbr> of its health!)</small><br></div><div class="spacer battle-history"><br></div><div class="battle-history">Blacephalon fainted!<br></div><div class="spacer battle-history"><br></div><div class="battle-history">Go! <strong>Tapu Lele</strong>!<br></div><div class="spacer battle-history"><br></div><h2 class="battle-history">Turn 24</h2><div class="spacer battle-history"><br></div><div class="battle-history">Tapu Lele used <strong>Moonblast</strong>!<br></div><div class="battle-history"><small>(The opposing Landorus lost <abbr title="−55/319">17.2%</abbr> of its health!)</small><br></div><div class="spacer battle-history"><br></div><div class="battle-history">The opposing Landorus fainted!<br></div><div class="spacer battle-history"><br></div><div class="battle-history">LuisinVGC sent out Latios (<strong>Latios-Mega</strong>)!<br></div><div class="spacer battle-history"><br></div><h2 class="battle-history">Turn 25</h2><div class="spacer battle-history"><br></div><div class="battle-history">Tapu Lele used <strong>Moonblast</strong>!<br></div><div class="battle-history"><small>It's super effective!</small><br></div><div class="battle-history"><small>(The opposing Latios lost <abbr title="−222/301">73.8%</abbr> of its health!)</small><br></div><div class="spacer battle-history"><br></div><div class="battle-history">The opposing Latios fainted!<br></div><div class="spacer battle-history"><br></div><div class="battle-history"><small>The weirdness disappeared from the battlefield!</small><br></div><div class="spacer battle-history"><br></div><div class="battle-history">LuisinVGC sent out <strong>Greninja</strong>!<br></div><div class="spacer battle-history"><br></div><h2 class="battle-history">Turn 26</h2><div class="spacer battle-history"><br></div><div class="battle-history">Tapu Lele, come back!<br></div><div class="battle-history">Go! <strong>Ferrothorn</strong>!<br></div><div class="spacer battle-history"><br></div><div class="battle-history">The opposing Greninja used <strong>Dark Pulse</strong>!<br></div><div class="battle-history"><small>(Ferrothorn lost <abbr title="−130/352">36.9%</abbr> of its health!)</small><br></div><div class="spacer battle-history"><br></div><div class="battle-history"><small>Ferrothorn restored a little HP using its Leftovers!</small><br></div><div class="spacer battle-history"><br></div><h2 class="battle-history">Turn 27</h2><div class="spacer battle-history"><br></div><div class="battle-history">The opposing Greninja used <strong>Dark Pulse</strong>!<br></div><div class="battle-history"><small>(Ferrothorn lost <abbr title="−114/352">32.4%</abbr> of its health!)</small><br></div><div class="spacer battle-history"><br></div><div class="battle-history">Ferrothorn used <strong>Power Whip</strong>!<br></div><div class="battle-history"><small>It's super effective!</small><br></div><div class="battle-history"><small>(The opposing Greninja lost <abbr title="−78/285">27.4%</abbr> of its health!)</small><br></div><div class="spacer battle-history"><br></div><div class="battle-history">The opposing Greninja fainted!<br></div><div class="spacer battle-history"><br></div><div class="battle-history"><strong>LoD Cusho</strong> won the battle!<br></div></div><div class="inner-preempt"></div></div></div>
</div>
<script>
let daily = Math.floor(Date.now()/1000/60/60/24);document.write('<script src="https://play.pokemonshowdown.com/js/replay-embed.js?version'+daily+'"></'+'script>');
</script>
