<!DOCTYPE html>
<meta charset="utf-8" />
<!-- version 1 -->
<title>OU replay: Beppler ♛ vs. Sekhmet Hack</title>
<style>
html,body {font-family:Verdana, sans-serif;font-size:10pt;margin:0;padding:0;}body{padding:12px 0;} .battle-log {font-family:Verdana, sans-serif;font-size:10pt;} .battle-log-inline {border:1px solid #AAAAAA;background:#EEF2F5;color:black;max-width:640px;margin:0 auto 80px;padding-bottom:5px;} .battle-log .inner {padding:4px 8px 0px 8px;} .battle-log .inner-preempt {padding:0 8px 4px 8px;} .battle-log .inner-after {margin-top:0.5em;} .battle-log h2 {margin:0.5em -8px;padding:4px 8px;border:1px solid #AAAAAA;background:#E0E7EA;border-left:0;border-right:0;font-family:Verdana, sans-serif;font-size:13pt;} .battle-log .chat {vertical-align:middle;padding:3px 0 3px 0;font-size:8pt;} .battle-log .chat strong {color:#40576A;} .battle-log .chat em {padding:1px 4px 1px 3px;color:#000000;font-style:normal;} .chat.mine {background:rgba(0,0,0,0.05);margin-left:-8px;margin-right:-8px;padding-left:8px;padding-right:8px;} .spoiler {color:#BBBBBB;background:#BBBBBB;padding:0px 3px;} .spoiler:hover, .spoiler:active, .spoiler-shown {color:#000000;background:#E2E2E2;padding:0px 3px;} .spoiler a {color:#BBBBBB;} .spoiler:hover a, .spoiler:active a, .spoiler-shown a {color:#2288CC;} .chat code, .chat .spoiler:hover code, .chat .spoiler:active code, .chat .spoiler-shown code {border:1px solid #C0C0C0;background:#EEEEEE;color:black;padding:0 2px;} .chat .spoiler code {border:1px solid #CCCCCC;background:#CCCCCC;color:#CCCCCC;} .battle-log .rated {padding:3px 4px;} .battle-log .rated strong {color:white;background:#89A;padding:1px 4px;border-radius:4px;} .spacer {margin-top:0.5em;} .message-announce {background:#6688AA;color:white;padding:1px 4px 2px;} .message-announce a, .broadcast-green a, .broadcast-blue a, .broadcast-red a {color:#DDEEFF;} .broadcast-green {background-color:#559955;color:white;padding:2px 4px;} .broadcast-blue {background-color:#6688AA;color:white;padding:2px 4px;} .infobox {border:1px solid #6688AA;padding:2px 4px;} .infobox-limited {max-height:200px;overflow:auto;overflow-x:hidden;} .broadcast-red {background-color:#AA5544;color:white;padding:2px 4px;} .message-learn-canlearn {font-weight:bold;color:#228822;text-decoration:underline;} .message-learn-cannotlearn {font-weight:bold;color:#CC2222;text-decoration:underline;} .message-effect-weak {font-weight:bold;color:#CC2222;} .message-effect-resist {font-weight:bold;color:#6688AA;} .message-effect-immune {font-weight:bold;color:#666666;} .message-learn-list {margin-top:0;margin-bottom:0;} .message-throttle-notice, .message-error {color:#992222;} .message-overflow, .chat small.message-overflow {font-size:0pt;} .message-overflow::before {font-size:9pt;content:'...';} .subtle {color:#3A4A66;}
</style>
<div class="wrapper replay-wrapper" style="max-width:1180px;margin:0 auto">
<input type="hidden" name="replayid" value="destiny-ou-519017" />
<div class="battle"></div><div class="battle-log"></div><div class="replay-controls"></div><div class="replay-controls-2"></div>
<h1 style="font-weight:normal;text-align:center"><strong>OU</strong><br /><a href="http://pokemonshowdown.com/users/beppler" class="subtle" target="_blank">Beppler ♛</a> vs. <a href="http://pokemonshowdown.com/users/sekhmethack" class="subtle" target="_blank">Sekhmet Hack</a></h1>
<script type="text/plain" class="battle-log-data">|unlink|||clan
|player|p1|Beppler ♛|beppler-30.gif?fa073c0a
|teamsize|p1|6
|player|p2|Sekhmet Hack|sekhmethack-8.gif?9469e764
|teamsize|p2|6
|teamsize|p1|6
|teamsize|p2|6
|gametype|singles
|gen|7
|tier|OU
|seed|60223,39061,4921,63704
|rule|Cláusula-Mod de Dormir: solo puedes dormir a uno de tus oponentes a la vez.
|rule|Cláusula de Especie: Hasta un Pokémon de cada especie
|rule|Cláusula de Golpe Fulminante: los movimientos fulminantes (OHKO) estan prohibidos
|rule|Cláusula de Veleta: la habilidad Veleta está prohibida
|rule|Cláusula de Movimientos Evasivos: los movimientos de Evasión están prohibidos.
|rule|Cláusula de Batallas Eternas: forzar batallas eternas está prohibido
|clearpoke
|poke|p1|Raichu-Alola, F|item
|poke|p1|Tapu Koko|item
|poke|p1|Hawlucha, M|item
|poke|p1|Landorus-Therian, M|item
|poke|p1|Ferrothorn, F|item
|poke|p1|Blastoise, M|item
|poke|p2|Kartana|item
|poke|p2|Tapu Bulu|item
|poke|p2|Heatran, M|item
|poke|p2|Greninja, F|item
|poke|p2|Landorus-Therian, M|item
|poke|p2|Alakazam, M|item
|teampreview|undefined
|c|☆Sekhmet Hack|joder siempre que saco esto me sacan a hawlucha
|choice|*|*team 321456
|inactive|Reloj de batalla ENCENDIDO. El jugador inactivo será descalificado (solicitado por Sekhmet Hack).
|c|☆Sekhmet Hack|gl hf
|inactive|Beppler ♛ tiene 285 segundos restantes.
|c|☆Beppler ♛|u2
|inactive|Beppler ♛ tiene 270 segundos restantes.
|choice|*team 623451|*
|choice|team 6, 2, 3, 4, 5, 1|team 3, 2, 1, 4, 5, 6
|
|start
|switch|p1a: Blastoise|Blastoise, M|299\/299
|switch|p2a: Heatran|Heatran, M|385\/385
|turn|1
|inactive|Beppler ♛ tiene 270 segundos restantes.
|choice|*move 2 mega|*
|choice|*|*switch 2
|choice|move scald mega|switch 2
|
|switch|p2a: Tapu Bulu|Tapu Bulu|343\/343
|-fieldstart|move: Grassy Terrain|[from] ability: Grassy Surge|[of] p2a: Tapu Bulu
|-mega|p1a: Blastoise|Blastoise|Blastoisinite
|detailschange|p1a: Blastoise|Blastoise-Mega, M
|move|p1a: Blastoise|Scald|p2a: Tapu Bulu
|-resisted|p2a: Tapu Bulu
|-damage|p2a: Tapu Bulu|296\/343
|-status|p2a: Tapu Bulu|brn
|
|-heal|p2a: Tapu Bulu|317\/343 brn|[from] Grassy Terrain
|-damage|p2a: Tapu Bulu|296\/343 brn|[from] brn
|upkeep
|turn|2
|inactive|Beppler ♛ tiene 285 segundos restantes.
|choice|*|*switch 2
|inactive|Beppler ♛ tiene 285 segundos restantes.
|choice|*switch 4|*
|choice|switch 4|switch 2
|
|switch|p1a: Landorus|Landorus-Therian, M|381\/381
|-ability|p1a: Landorus|Intimidate|boost
|-unboost|p2a: Tapu Bulu|atk|1
|switch|p2a: Heatran|Heatran, M|385\/385
|
|upkeep
|turn|3
|inactive|Beppler ♛ tiene 285 segundos restantes.
|choice|*|*switch 5
|inactive|Beppler ♛ tiene 285 segundos restantes.
|choice|*move 1|*
|choice|move stealthrock|switch 5
|
|switch|p2a: Landorus|Landorus-Therian, M|382\/382
|-ability|p2a: Landorus|Intimidate|boost
|-unboost|p1a: Landorus|atk|1
|move|p1a: Landorus|Stealth Rock|p2a: Landorus
|-sidestart|p2: Sekhmet Hack|move: Stealth Rock
|
|upkeep
|turn|4
|choice|*|*move 4
|inactive|Beppler ♛ tiene 285 segundos restantes.
|choice|*move 3|*
|choice|move hiddenpower|move defog
|
|move|p2a: Landorus|Defog|p1a: Landorus
|-unboost|p1a: Landorus|evasion|1
|-sideend|p2: Sekhmet Hack|Stealth Rock|[from] move: Defog|[of] p2a: Landorus
|move|p1a: Landorus|Hidden Power|p2a: Landorus
|-supereffective|p2a: Landorus
|-damage|p2a: Landorus|150\/382
|
|upkeep
|turn|5
|choice|*move 1|*
|choice|*|*switch 4
|choice|move stealthrock|switch 4
|
|switch|p2a: Greninja|Greninja, F|287\/287
|move|p1a: Landorus|Stealth Rock|p2a: Greninja
|-sidestart|p2: Sekhmet Hack|move: Stealth Rock
|
|-fieldend|move: Grassy Terrain
|upkeep
|turn|6
|choice|*|*move 3
|choice|*switch 5|*
|choice|switch 5|move uturn
|
|switch|p1a: Ferrothorn|Ferrothorn, F|351\/351
|move|p2a: Greninja|U-turn|p1a: Ferrothorn
|-start|p2a: Greninja|typechange|Bug|[from] Protean
|-damage|p1a: Ferrothorn|300\/351
|-damage|p2a: Greninja|252\/287|[from] ability: Iron Barbs|[of] p1a: Ferrothorn
|choice|*|*switch 5
|choice||switch 5
|
|switch|p2a: Heatran|Heatran, M|385\/385|[from]move: U-turn
|-damage|p2a: Heatran|337\/385|[from] Stealth Rock
|
|-heal|p2a: Heatran|361\/385|[from] item: Leftovers
|upkeep
|turn|7
|choice|*|*move 4
|choice|*switch 4|*
|choice|switch 4|move stealthrock
|
|switch|p1a: Blastoise|Blastoise-Mega, M|299\/299
|move|p2a: Heatran|Stealth Rock|p1a: Blastoise
|-sidestart|p1: Beppler ♛|move: Stealth Rock
|
|-heal|p2a: Heatran|385\/385|[from] item: Leftovers
|upkeep
|turn|8
|choice|*|*switch 2
|choice|*move 1|*
|choice|move rapidspin|switch 2
|
|switch|p2a: Tapu Bulu|Tapu Bulu|296\/343 brn
|-damage|p2a: Tapu Bulu|254\/343 brn|[from] Stealth Rock
|-fieldstart|move: Grassy Terrain|[from] ability: Grassy Surge|[of] p2a: Tapu Bulu
|move|p1a: Blastoise|Rapid Spin|p2a: Tapu Bulu
|-damage|p2a: Tapu Bulu|243\/343 brn
|-sideend|p1: Beppler ♛|Stealth Rock|[from] move: Rapid Spin|[of] p1a: Blastoise
|
|-heal|p2a: Tapu Bulu|264\/343 brn|[from] Grassy Terrain
|-damage|p2a: Tapu Bulu|243\/343 brn|[from] brn
|upkeep
|turn|9
|choice|*|*switch 3
|choice|*switch 4|*
|choice|switch 4|switch 3
|
|switch|p1a: Ferrothorn|Ferrothorn, F|300\/351
|switch|p2a: Kartana|Kartana|259\/259
|-damage|p2a: Kartana|243\/259|[from] Stealth Rock
|
|-heal|p2a: Kartana|259\/259|[from] Grassy Terrain
|-heal|p1a: Ferrothorn|321\/351|[from] Grassy Terrain
|upkeep
|turn|10
|choice|*|*move 4
|choice|*move 3|*
|choice|move hiddenpower|move sacredsword
|
|move|p2a: Kartana|Sacred Sword|p1a: Ferrothorn
|-supereffective|p1a: Ferrothorn
|-enditem|p1a: Ferrothorn|Chople Berry|[eat]
|-enditem|p1a: Ferrothorn|Chople Berry|[weaken]
|-damage|p1a: Ferrothorn|174\/351
|-damage|p2a: Kartana|227\/259|[from] ability: Iron Barbs|[of] p1a: Ferrothorn
|move|p1a: Ferrothorn|Hidden Power|p2a: Kartana
|-supereffective|p2a: Kartana
|-damage|p2a: Kartana|0 fnt
|faint|p2a: Kartana
|
|-heal|p1a: Ferrothorn|195\/351|[from] Grassy Terrain
|upkeep
|choice|*|*switch 6
|choice||switch 6
|
|switch|p2a: Alakazam|Alakazam, M|252\/252
|turn|11
|choice|*|*move 2 mega
|inactive|Beppler ♛ tiene 285 segundos restantes.
|inactive|Beppler ♛ tiene 270 segundos restantes.
|choice|*move 2|*
|choice|move powerwhip|move focusblast mega
|
|-mega|p2a: Alakazam|Alakazam|Alakazite
|detailschange|p2a: Alakazam|Alakazam-Mega, M
|-ability|p2a: Alakazam|Iron Barbs|[from] ability: Trace|[of] p1a: Ferrothorn
|move|p2a: Alakazam|Focus Blast|p1a: Ferrothorn
|-supereffective|p1a: Ferrothorn
|-damage|p1a: Ferrothorn|0 fnt
|faint|p1a: Ferrothorn
|
|upkeep
|inactive|Beppler ♛ tiene 285 segundos restantes.
|inactive|Beppler ♛ tiene 270 segundos restantes.
|inactive|Beppler ♛ tiene 255 segundos restantes.
|choice|*switch 2|*
|choice|switch 2|
|
|switch|p1a: Tapu Koko|Tapu Koko|281\/281
|-fieldstart|move: Electric Terrain|[from] ability: Electric Surge|[of] p1a: Tapu Koko
|turn|12
|choice|*|*move 1
|choice|*move 2|*
|choice|move uturn|move psychic
|
|move|p2a: Alakazam|Psychic|p1a: Tapu Koko
|-damage|p1a: Tapu Koko|10\/281
|move|p1a: Tapu Koko|U-turn|p2a: Alakazam
|-supereffective|p2a: Alakazam
|-damage|p2a: Alakazam|86\/252
|-damage|p1a: Tapu Koko|0 fnt|[from] ability: Iron Barbs|[of] p2a: Alakazam
|faint|p1a: Tapu Koko
|
|upkeep
|c|&Gochan|malisimo beppler
|inactive|Beppler ♛ tiene 285 segundos restantes.
|c|☆Beppler ♛|jajaja
|c|☆Beppler ♛|olvide la hab
|c|+Kagariii|pero aqui entra hawlucha
|c|+Kagariii|y gana
|c|☆Beppler ♛|callate kagari
|c|&Gochan|
|inactive|Beppler ♛ tiene 270 segundos restantes.
|choice|*switch 3|*
|choice|switch 3|
|
|switch|p1a: Hawlucha|Hawlucha, M|315\/315
|-enditem|p1a: Hawlucha|Electric Seed
|-boost|p1a: Hawlucha|def|1
|turn|13
|c|☆Sekhmet Hack|igual ya esa cosa gano xd
|choice|*|*move 1
|choice|*move 3|*
|c|+Kagariii|me callare si me das un beso beppler
|choice|*|*move 1
|choice|move acrobatics|move psychic
|
|move|p1a: Hawlucha|Acrobatics|p2a: Alakazam
|-damage|p2a: Alakazam|0 fnt
|-damage|p1a: Hawlucha|276\/315|[from] ability: Iron Barbs|[of] p2a: Alakazam
|faint|p2a: Alakazam
|
|upkeep
|choice|*|*switch 4
|choice||switch 4
|
|switch|p2a: Landorus|Landorus-Therian, M|150\/382
|-damage|p2a: Landorus|103\/382|[from] Stealth Rock
|-ability|p2a: Landorus|Intimidate|boost
|-unboost|p1a: Hawlucha|atk|1
|turn|14
|choice|*|*move 1 zmove
|choice|*move 1|*
|choice|move swordsdance|move fly zmove
|
|move|p1a: Hawlucha|Swords Dance|p1a: Hawlucha
|-boost|p1a: Hawlucha|atk|2
|-zpower|p2a: Landorus
|move|p2a: Landorus|Supersonic Skystrike|p1a: Hawlucha|[zeffect]
|-supereffective|p1a: Hawlucha
|-damage|p1a: Hawlucha|0 fnt
|faint|p1a: Hawlucha
|
|upkeep
|c|&Gochan|owned
|c|+Kagariii|beppler.
|c| Aserejé ja de je|apenas beppler
|c| Aserejé ja de je|enserio
|c|☆Beppler ♛|weno la cague
|c| Aserejé ja de je|era obviohdp
|inactive|Beppler ♛ tiene 285 segundos restantes.
|c|☆Sekhmet Hack|aun haci ganas creo
|c|☆Beppler ♛|jajaja
|c|&Gochan|es que sos malisimo beppler
|inactive|Beppler ♛ tiene 270 segundos restantes.
|c|+No man's hax|yellow cagandola
|c|+No man's hax|nada nuevo
|inactive|Beppler ♛ tiene 255 segundos restantes.
|c|☆Beppler ♛|diso olvide el ninja scarf
|c|☆Beppler ♛|umm
|inactive|Beppler ♛ tiene 240 segundos restantes.
|choice|*switch 6|*
|choice|switch 6|
|
|switch|p1a: Raichu|Raichu-Alola, F|261\/261
|turn|15
|choice|*|*move 2
|inactive|Beppler ♛ tiene 285 segundos restantes.
|inactive|Beppler ♛ se desconectó!
|player|p1|
|inactive|Beppler ♛ tiene 270 segundos restantes.
|inactive|Beppler ♛ tiene 255 segundos restantes.
|inactive|Beppler ♛ tiene 240 segundos restantes.
|inactive|Beppler ♛ tiene 225 segundos restantes.
|inactive|Beppler ♛ tiene 210 segundos restantes.
|inactive|Beppler ♛ tiene 195 segundos restantes.
|inactive|Beppler ♛ tiene 180 segundos restantes.
|inactive|Beppler ♛ tiene 165 segundos restantes.
|inactive|Beppler ♛ se reconectó y tiene 165 segundos restantes.
|player|p1|Beppler ♛|beppler-30.gif?fa073c0a
|choice|*move 2|*
|choice|move psychic|move earthquake
|
|move|p1a: Raichu|Psychic|p2a: Landorus
|-damage|p2a: Landorus|0 fnt
|faint|p2a: Landorus
|
|upkeep
|choice|*|*switch 2
|choice||switch 2
|
|switch|p2a: Heatran|Heatran, M|385\/385
|-damage|p2a: Heatran|337\/385|[from] Stealth Rock
|turn|16
|choice|*|*move 1
|choice|*move 1 zmove|*
|choice|move thunderbolt zmove|move magmastorm
|
|-zpower|p1a: Raichu
|move|p1a: Raichu|Stoked Sparksurfer|p2a: Heatran|[zeffect]
|-damage|p2a: Heatran|0 fnt
|faint|p2a: Heatran
|
|upkeep
|choice|*|*switch 3
|choice||switch 3
|
|switch|p2a: Tapu Bulu|Tapu Bulu|243\/343 brn
|-damage|p2a: Tapu Bulu|201\/343 brn|[from] Stealth Rock
|-fieldstart|move: Grassy Terrain|[from] ability: Grassy Surge|[of] p2a: Tapu Bulu
|turn|17
|c| Camilizer|lol
|c| Camilizer|
|choice|*|*move 2
|inactive|Beppler ♛ tiene 225 segundos restantes.
|choice|*move 2|*
|choice|move psychic|move hornleech
|
|move|p1a: Raichu|Psychic|p2a: Tapu Bulu
|-damage|p2a: Tapu Bulu|111\/343 brn
|move|p2a: Tapu Bulu|Horn Leech|p1a: Raichu
|-damage|p1a: Raichu|87\/261
|-heal|p2a: Tapu Bulu|198\/343 brn|[from] drain|[of] p1a: Raichu
|
|-heal|p1a: Raichu|103\/261|[from] Grassy Terrain
|-heal|p2a: Tapu Bulu|219\/343 brn|[from] Grassy Terrain
|-damage|p2a: Tapu Bulu|198\/343 brn|[from] brn
|upkeep
|turn|18
|choice|*|*move 2
|inactive|Beppler ♛ tiene 225 segundos restantes.
|choice|*switch 5|*
|choice|switch 5|move hornleech
|
|switch|p1a: Landorus|Landorus-Therian, M|381\/381
|-ability|p1a: Landorus|Intimidate|boost
|-unboost|p2a: Tapu Bulu|atk|1
|move|p2a: Tapu Bulu|Horn Leech|p1a: Landorus
|-damage|p1a: Landorus|330\/381
|-heal|p2a: Tapu Bulu|224\/343 brn|[from] drain|[of] p1a: Landorus
|-damage|p2a: Tapu Bulu|167\/343 brn|[from] item: Rocky Helmet|[of] p1a: Landorus
|
|-heal|p2a: Tapu Bulu|188\/343 brn|[from] Grassy Terrain
|-damage|p2a: Tapu Bulu|167\/343 brn|[from] brn
|upkeep
|turn|19
|inactive|Beppler ♛ tiene 225 segundos restantes.
|choice|*|*move 2
|choice|*move 2|*
|choice|move uturn|move hornleech
|
|move|p1a: Landorus|U-turn|p2a: Tapu Bulu
|-crit|p2a: Tapu Bulu
|-damage|p2a: Tapu Bulu|74\/343 brn
|inactive|Beppler ♛ tiene 240 segundos restantes.
|choice|*switch 5|*
|choice|switch 5|
|
|switch|p1a: Raichu|Raichu-Alola, F|103\/261|[from]move: U-turn
|move|p2a: Tapu Bulu|Horn Leech|p1a: Raichu
|-damage|p1a: Raichu|0 fnt
|-heal|p2a: Tapu Bulu|126\/343 brn|[from] drain|[of] p1a: Raichu
|faint|p1a: Raichu
|
|-heal|p2a: Tapu Bulu|147\/343 brn|[from] Grassy Terrain
|-damage|p2a: Tapu Bulu|126\/343 brn|[from] brn
|upkeep
|inactive|Beppler ♛ tiene 240 segundos restantes.
|choice|*switch 5|*
|choice|switch 5|
|
|switch|p1a: Landorus|Landorus-Therian, M|330\/381
|-ability|p1a: Landorus|Intimidate|boost
|-unboost|p2a: Tapu Bulu|atk|1
|turn|20
|choice|*|*switch 5
|inactive|Beppler ♛ tiene 255 segundos restantes.
|choice|*move 3|*
|choice|move hiddenpower|switch 5
|
|switch|p2a: Greninja|Greninja, F|252\/287
|-damage|p2a: Greninja|217\/287|[from] Stealth Rock
|move|p1a: Landorus|Hidden Power|p2a: Greninja
|-resisted|p2a: Greninja
|-damage|p2a: Greninja|188\/287
|
|-heal|p2a: Greninja|205\/287|[from] Grassy Terrain
|upkeep
|turn|21
|inactive|Beppler ♛ tiene 255 segundos restantes.
|choice|*|*move 3
|choice|*switch 4|*
|choice|switch 4|move uturn
|
|switch|p1a: Blastoise|Blastoise-Mega, M|299\/299
|move|p2a: Greninja|U-turn|p1a: Blastoise
|-start|p2a: Greninja|typechange|Bug|[from] Protean
|-damage|p1a: Blastoise|239\/299
|choice|*|*switch 5
|choice||switch 5
|
|switch|p2a: Tapu Bulu|Tapu Bulu|126\/343 brn|[from]move: U-turn
|-damage|p2a: Tapu Bulu|84\/343 brn|[from] Stealth Rock
|
|-heal|p1a: Blastoise|257\/299|[from] Grassy Terrain
|-heal|p2a: Tapu Bulu|105\/343 brn|[from] Grassy Terrain
|-fieldend|move: Grassy Terrain
|-damage|p2a: Tapu Bulu|84\/343 brn|[from] brn
|upkeep
|turn|22
|choice|*|*move 2
|inactive|Beppler ♛ tiene 285 segundos restantes.
|inactive|Beppler ♛ tiene 270 segundos restantes.
|inactive|Beppler ♛ tiene 255 segundos restantes.
|inactive|Beppler ♛ tiene 240 segundos restantes.
|inactive|Beppler ♛ tiene 225 segundos restantes.
|choice|*move 4|*
|choice|move icebeam|move hornleech
|
|move|p1a: Blastoise|Ice Beam|p2a: Tapu Bulu
|-supereffective|p2a: Tapu Bulu
|-crit|p2a: Tapu Bulu
|-damage|p2a: Tapu Bulu|0 fnt
|faint|p2a: Tapu Bulu
|
|upkeep
|choice|*|*switch 5
|choice||switch 5
|
|switch|p2a: Greninja|Greninja, F|205\/287
|-damage|p2a: Greninja|170\/287|[from] Stealth Rock
|turn|23
|choice|*|*move 2
|choice|*move 2|*
|choice|move scald|move icebeam
|
|move|p2a: Greninja|Ice Beam|p1a: Blastoise
|-start|p2a: Greninja|typechange|Ice|[from] Protean
|-resisted|p1a: Blastoise
|-damage|p1a: Blastoise|199\/299
|move|p1a: Blastoise|Scald|p2a: Greninja
|-damage|p2a: Greninja|0 fnt
|faint|p2a: Greninja
|
|win|Beppler ♛
</script>
</div>
<div class="battle-log battle-log-inline"><div class="inner"><div class="battle-options"></div><div class="inner"><div class=""><small>Format:</small> <br><strong>OU</strong></div><div class=""><small><em>Cláusula-Mod de Dormir:</em> solo puedes dormir a uno de tus oponentes a la vez.</small></div><div class=""><small><em>Cláusula de Especie:</em> Hasta un Pokémon de cada especie</small></div><div class=""><small><em>Cláusula de Golpe Fulminante:</em> los movimientos fulminantes (OHKO) estan prohibidos</small></div><div class=""><small><em>Cláusula de Veleta:</em> la habilidad Veleta está prohibida</small></div><div class=""><small><em>Cláusula de Movimientos Evasivos:</em> los movimientos de Evasión están prohibidos.</small></div><div class=""><small><em>Cláusula de Batallas Eternas:</em> forzar batallas eternas está prohibido</small></div><div class="chat battle-history"><strong>Beppler ♛'s team:</strong> <em style="color:#445566;display:block;">Raichu-Alola / Tapu Koko / Hawlucha / Landorus-Therian / Ferrothorn / Blastoise</em></div><div class="chat battle-history"><strong>Sekhmet Hack's team:</strong> <em style="color:#445566;display:block;">Kartana / Tapu Bulu / Heatran / Greninja / Landorus-Therian / Alakazam</em></div><div class="chat chatmessage-sekhmethack"><strong style="color:hsl(291,88%,44%)"><small>☆</small><span class="username" data-name="Sekhmet Hack">Sekhmet Hack</span>:</strong> <em>joder siempre que saco esto me sacan a hawlucha</em></div><div class="chat message-error">Reloj de batalla ENCENDIDO. El jugador inactivo será descalificado (solicitado por Sekhmet Hack).</div><div class="chat chatmessage-sekhmethack"><strong style="color:hsl(291,88%,44%)"><small>☆</small><span class="username" data-name="Sekhmet Hack">Sekhmet Hack</span>:</strong> <em>gl hf</em></div><div class="chat message-error">Beppler ♛ tiene 285 segundos restantes.</div><div class="chat chatmessage-beppler"><strong style="color:hsl(118,73%,37.93733867614693%)"><small>☆</small><span class="username" data-name="Beppler ♛">Beppler ♛</span>:</strong> <em>u2</em></div><div class="chat message-error">Beppler ♛ tiene 270 segundos restantes.</div><div class="spacer battle-history"><br></div><div class="battle-history">Battle started between Beppler ♛ and Sekhmet Hack!<br></div><div class="spacer battle-history"><br></div><div class="battle-history">Go! <strong>Blastoise</strong>!<br></div><div class="spacer battle-history"><br></div><div class="battle-history">Sekhmet Hack sent out <strong>Heatran</strong>!<br></div><div class="spacer battle-history"><br></div><h2 class="battle-history">Turn 1</h2><div class="chat message-error">Beppler ♛ tiene 270 segundos restantes.</div><div class="spacer battle-history"><br></div><div class="battle-history">Sekhmet Hack withdrew Heatran!<br></div><div class="battle-history">Sekhmet Hack sent out <strong>Tapu Bulu</strong>!<br></div><div class="battle-history"><small>[The opposing Tapu Bulu's Grassy Surge]</small><br><small>Grass grew to cover the battlefield!</small><br></div><div class="spacer battle-history"><br></div><div class="battle-history"><small>Blastoise's Blastoisinite is reacting to the Key Stone!</small><br>Blastoise has Mega Evolved into Mega Blastoise!<br></div><div class="spacer battle-history"><br></div><div class="battle-history">Blastoise used <strong>Scald</strong>!<br></div><div class="battle-history"><small>It's not very effective...</small><br></div><div class="battle-history"><small>(The opposing Tapu Bulu lost <abbr title="−47/343">13.7%</abbr> of its health!)</small><br></div><div class="battle-history"><small>The opposing Tapu Bulu was burned!</small><br></div><div class="spacer battle-history"><br></div><div class="battle-history"><small>The opposing Tapu Bulu restored HP using its Grassy Terrain!</small><br></div><div class="battle-history"><small>The opposing Tapu Bulu was hurt by its burn!</small><br></div><div class="spacer battle-history"><br></div><h2 class="battle-history">Turn 2</h2><div class="chat message-error">Beppler ♛ tiene 285 segundos restantes.</div><div class="chat message-error">Beppler ♛ tiene 285 segundos restantes.</div><div class="spacer battle-history"><br></div><div class="battle-history">Blastoise, come back!<br></div><div class="battle-history">Go! Landorus (<strong>Landorus-Therian</strong>)!<br></div><div class="battle-history"><small>[Landorus's Intimidate]</small><br></div><div class="battle-history"><small>The opposing Tapu Bulu's Attack fell!</small><br></div><div class="spacer battle-history"><br></div><div class="battle-history">Sekhmet Hack withdrew Tapu Bulu!<br></div><div class="battle-history">Sekhmet Hack sent out <strong>Heatran</strong>!<br></div><div class="spacer battle-history"><br></div><h2 class="battle-history">Turn 3</h2><div class="chat message-error">Beppler ♛ tiene 285 segundos restantes.</div><div class="chat message-error">Beppler ♛ tiene 285 segundos restantes.</div><div class="spacer battle-history"><br></div><div class="battle-history">Sekhmet Hack withdrew Heatran!<br></div><div class="battle-history">Sekhmet Hack sent out Landorus (<strong>Landorus-Therian</strong>)!<br></div><div class="battle-history"><small>[The opposing Landorus's Intimidate]</small><br></div><div class="battle-history"><small>Landorus's Attack fell!</small><br></div><div class="spacer battle-history"><br></div><div class="battle-history">Landorus used <strong>Stealth Rock</strong>!<br></div><div class="battle-history"><small>Pointed stones float in the air around the opposing team!</small><br></div><div class="spacer battle-history"><br></div><h2 class="battle-history">Turn 4</h2><div class="chat message-error">Beppler ♛ tiene 285 segundos restantes.</div><div class="spacer battle-history"><br></div><div class="battle-history">The opposing Landorus used <strong>Defog</strong>!<br></div><div class="battle-history"><small>Landorus's evasiveness fell!</small><br></div><div class="battle-history"><small>The pointed stones disappeared from around the opposing team!</small><br></div><div class="spacer battle-history"><br></div><div class="battle-history">Landorus used <strong>Hidden Power</strong>!<br></div><div class="battle-history"><small>It's super effective!</small><br></div><div class="battle-history"><small>(The opposing Landorus lost <abbr title="−232/382">60.7%</abbr> of its health!)</small><br></div><div class="spacer battle-history"><br></div><h2 class="battle-history">Turn 5</h2><div class="spacer battle-history"><br></div><div class="battle-history">Sekhmet Hack withdrew Landorus!<br></div><div class="battle-history">Sekhmet Hack sent out <strong>Greninja</strong>!<br></div><div class="spacer battle-history"><br></div><div class="battle-history">Landorus used <strong>Stealth Rock</strong>!<br></div><div class="battle-history"><small>Pointed stones float in the air around the opposing team!</small><br></div><div class="spacer battle-history"><br></div><div class="battle-history"><small>The grass disappeared from the battlefield.</small><br></div><div class="spacer battle-history"><br></div><h2 class="battle-history">Turn 6</h2><div class="spacer battle-history"><br></div><div class="battle-history">Landorus, come back!<br></div><div class="battle-history">Go! <strong>Ferrothorn</strong>!<br></div><div class="spacer battle-history"><br></div><div class="battle-history">The opposing Greninja used <strong>U-turn</strong>!<br></div><div class="spacer battle-history"><br></div><div class="battle-history"><small>[The opposing Greninja's Protean]</small><br><small>The opposing Greninja transformed into the Bug type!</small><br></div><div class="battle-history"><small>(Ferrothorn lost <abbr title="−51/351">14.5%</abbr> of its health!)</small><br></div><div class="battle-history"><small>[Ferrothorn's Iron Barbs]</small><br><small>The opposing Greninja was hurt!</small><br></div><div class="spacer battle-history"><br></div><div class="battle-history">The opposing Greninja went back to Sekhmet Hack!<br></div><div class="battle-history">Sekhmet Hack sent out <strong>Heatran</strong>!<br></div><div class="battle-history"><small>Pointed stones dug into the opposing Heatran!</small><br></div><div class="spacer battle-history"><br></div><div class="battle-history"><small>The opposing Heatran restored a little HP using its Leftovers!</small><br></div><div class="spacer battle-history"><br></div><h2 class="battle-history">Turn 7</h2><div class="spacer battle-history"><br></div><div class="battle-history">Ferrothorn, come back!<br></div><div class="battle-history">Go! Blastoise (<strong>Blastoise-Mega</strong>)!<br></div><div class="spacer battle-history"><br></div><div class="battle-history">The opposing Heatran used <strong>Stealth Rock</strong>!<br></div><div class="battle-history"><small>Pointed stones float in the air around your team!</small><br></div><div class="spacer battle-history"><br></div><div class="battle-history"><small>The opposing Heatran restored a little HP using its Leftovers!</small><br></div><div class="spacer battle-history"><br></div><h2 class="battle-history">Turn 8</h2><div class="spacer battle-history"><br></div><div class="battle-history">Sekhmet Hack withdrew Heatran!<br></div><div class="battle-history">Sekhmet Hack sent out <strong>Tapu Bulu</strong>!<br></div><div class="battle-history"><small>Pointed stones dug into the opposing Tapu Bulu!</small><br></div><div class="battle-history"><small>[The opposing Tapu Bulu's Grassy Surge]</small><br><small>Grass grew to cover the battlefield!</small><br></div><div class="spacer battle-history"><br></div><div class="battle-history">Blastoise used <strong>Rapid Spin</strong>!<br></div><div class="battle-history"><small>(The opposing Tapu Bulu lost <abbr title="−11/343">3.2%</abbr> of its health!)</small><br></div><div class="battle-history"><small>The pointed stones disappeared from around your team!</small><br></div><div class="spacer battle-history"><br></div><div class="battle-history"><small>The opposing Tapu Bulu restored HP using its Grassy Terrain!</small><br></div><div class="battle-history"><small>The opposing Tapu Bulu was hurt by its burn!</small><br></div><div class="spacer battle-history"><br></div><h2 class="battle-history">Turn 9</h2><div class="spacer battle-history"><br></div><div class="battle-history">Blastoise, come back!<br></div><div class="battle-history">Go! <strong>Ferrothorn</strong>!<br></div><div class="spacer battle-history"><br></div><div class="battle-history">Sekhmet Hack withdrew Tapu Bulu!<br></div><div class="battle-history">Sekhmet Hack sent out <strong>Kartana</strong>!<br></div><div class="battle-history"><small>Pointed stones dug into the opposing Kartana!</small><br></div><div class="spacer battle-history"><br></div><div class="battle-history"><small>The opposing Kartana restored HP using its Grassy Terrain!</small><br></div><div class="battle-history"><small>Ferrothorn restored HP using its Grassy Terrain!</small><br></div><div class="spacer battle-history"><br></div><h2 class="battle-history">Turn 10</h2><div class="spacer battle-history"><br></div><div class="battle-history">The opposing Kartana used <strong>Sacred Sword</strong>!<br></div><div class="battle-history"><small>It's super effective!</small><br></div><div class="battle-history"><small>Ferrothorn ate its Chople Berry!</small><br></div><div class="battle-history"><small>The Chople Berry weakened the damage to Ferrothorn!</small><br></div><div class="battle-history"><small>(Ferrothorn lost <abbr title="−147/351">41.9%</abbr> of its health!)</small><br></div><div class="battle-history"><small>[Ferrothorn's Iron Barbs]</small><br><small>The opposing Kartana was hurt!</small><br></div><div class="spacer battle-history"><br></div><div class="battle-history">Ferrothorn used <strong>Hidden Power</strong>!<br></div><div class="battle-history"><small>It's super effective!</small><br></div><div class="battle-history"><small>(The opposing Kartana lost <abbr title="−227/259">87.6%</abbr> of its health!)</small><br></div><div class="spacer battle-history"><br></div><div class="battle-history">The opposing Kartana fainted!<br></div><div class="spacer battle-history"><br></div><div class="battle-history"><small>Ferrothorn restored HP using its Grassy Terrain!</small><br></div><div class="spacer battle-history"><br></div><div class="battle-history">Sekhmet Hack sent out <strong>Alakazam</strong>!<br></div><div class="spacer battle-history"><br></div><h2 class="battle-history">Turn 11</h2><div class="chat message-error">Beppler ♛ tiene 285 segundos restantes.</div><div class="chat message-error">Beppler ♛ tiene 270 segundos restantes.</div><div class="spacer battle-history"><br></div><div class="battle-history"><small>The opposing Alakazam's Alakazite is reacting to the Key Stone!</small><br>The opposing Alakazam has Mega Evolved into Mega Alakazam!<br></div><div class="battle-history"><small>[The opposing Alakazam's Trace]</small><br><small>[The opposing Alakazam's Iron Barbs]</small><br><small>The opposing Alakazam traced Ferrothorn's Iron Barbs!</small><br></div><div class="spacer battle-history"><br></div><div class="battle-history">The opposing Alakazam used <strong>Focus Blast</strong>!<br></div><div class="battle-history"><small>It's super effective!</small><br></div><div class="battle-history"><small>(Ferrothorn lost <abbr title="−195/351">55.6%</abbr> of its health!)</small><br></div><div class="spacer battle-history"><br></div><div class="battle-history">Ferrothorn fainted!<br></div><div class="chat message-error">Beppler ♛ tiene 285 segundos restantes.</div><div class="chat message-error">Beppler ♛ tiene 270 segundos restantes.</div><div class="chat message-error">Beppler ♛ tiene 255 segundos restantes.</div><div class="spacer battle-history"><br></div><div class="battle-history">Go! <strong>Tapu Koko</strong>!<br></div><div class="battle-history"><small>[Tapu Koko's Electric Surge]</small><br><small>An electric current runs across the battlefield!</small><br></div><div class="spacer battle-history"><br></div><h2 class="battle-history">Turn 12</h2><div class="spacer battle-history"><br></div><div class="battle-history">The opposing Alakazam used <strong>Psychic</strong>!<br></div><div class="battle-history"><small>(Tapu Koko lost <abbr title="−271/281">96.4%</abbr> of its health!)</small><br></div><div class="spacer battle-history"><br></div><div class="battle-history">Tapu Koko used <strong>U-turn</strong>!<br></div><div class="battle-history"><small>It's super effective!</small><br></div><div class="battle-history"><small>(The opposing Alakazam lost <abbr title="−166/252">65.9%</abbr> of its health!)</small><br></div><div class="battle-history"><small>[The opposing Alakazam's Iron Barbs]</small><br><small>Tapu Koko was hurt!</small><br></div><div class="spacer battle-history"><br></div><div class="battle-history">Tapu Koko fainted!<br></div><div class="chat chatmessage-gochan"><strong style="color:hsl(74,78%,31%)"><small>&amp;</small><span class="username" data-name="Gochan">Gochan</span>:</strong> <em>malisimo beppler</em></div><div class="chat message-error">Beppler ♛ tiene 285 segundos restantes.</div><div class="chat chatmessage-beppler"><strong style="color:hsl(118,73%,37.93733867614693%)"><small>☆</small><span class="username" data-name="Beppler ♛">Beppler ♛</span>:</strong> <em>jajaja</em></div><div class="chat chatmessage-beppler"><strong style="color:hsl(118,73%,37.93733867614693%)"><small>☆</small><span class="username" data-name="Beppler ♛">Beppler ♛</span>:</strong> <em>olvide la hab</em></div><div class="chat chatmessage-kagariii"><strong style="color:hsl(174,69%,33%)"><small>+</small><span class="username" data-name="Kagariii">Kagariii</span>:</strong> <em>pero aqui entra hawlucha</em></div><div class="chat chatmessage-kagariii"><strong style="color:hsl(174,69%,33%)"><small>+</small><span class="username" data-name="Kagariii">Kagariii</span>:</strong> <em>y gana</em></div><div class="chat chatmessage-beppler"><strong style="color:hsl(118,73%,37.93733867614693%)"><small>☆</small><span class="username" data-name="Beppler ♛">Beppler ♛</span>:</strong> <em>callate kagari</em></div><div class="chat chatmessage-gochan"><strong style="color:hsl(74,78%,31%)"><small>&amp;</small><span class="username" data-name="Gochan">Gochan</span>:</strong> <em></em></div><div class="chat message-error">Beppler ♛ tiene 270 segundos restantes.</div><div class="spacer battle-history"><br></div><div class="battle-history">Go! <strong>Hawlucha</strong>!<br></div><div class="battle-history"><small>(Hawlucha used its Electric Seed!)</small><br></div><div class="battle-history"><small>Hawlucha's Defense rose!</small><br></div><div class="spacer battle-history"><br></div><h2 class="battle-history">Turn 13</h2><div class="chat chatmessage-sekhmethack"><strong style="color:hsl(291,88%,44%)"><small>☆</small><span class="username" data-name="Sekhmet Hack">Sekhmet Hack</span>:</strong> <em>igual ya esa cosa gano xd</em></div><div class="chat chatmessage-kagariii"><strong style="color:hsl(174,69%,33%)"><small>+</small><span class="username" data-name="Kagariii">Kagariii</span>:</strong> <em>me callare si me das un beso beppler</em></div><div class="spacer battle-history"><br></div><div class="battle-history">Hawlucha used <strong>Acrobatics</strong>!<br></div><div class="battle-history"><small>(The opposing Alakazam lost <abbr title="−86/252">34.1%</abbr> of its health!)</small><br></div><div class="battle-history"><small>[The opposing Alakazam's Iron Barbs]</small><br><small>Hawlucha was hurt!</small><br></div><div class="spacer battle-history"><br></div><div class="battle-history">The opposing Alakazam fainted!<br></div><div class="spacer battle-history"><br></div><div class="battle-history">Sekhmet Hack sent out Landorus (<strong>Landorus-Therian</strong>)!<br></div><div class="battle-history"><small>Pointed stones dug into the opposing Landorus!</small><br></div><div class="battle-history"><small>[The opposing Landorus's Intimidate]</small><br></div><div class="battle-history"><small>Hawlucha's Attack fell!</small><br></div><div class="spacer battle-history"><br></div><h2 class="battle-history">Turn 14</h2><div class="spacer battle-history"><br></div><div class="battle-history">Hawlucha used <strong>Swords Dance</strong>!<br></div><div class="battle-history"><small>Hawlucha's Attack rose sharply!</small><br></div><div class="battle-history"><small>The opposing Landorus surrounded itself with its Z-Power!</small><br></div><div class="spacer battle-history"><br></div><div class="battle-history">The opposing Landorus used <strong>Supersonic Skystrike</strong>!<br></div><div class="battle-history"><small>It's super effective!</small><br></div><div class="battle-history"><small>(Hawlucha lost <abbr title="−276/315">87.6%</abbr> of its health!)</small><br></div><div class="spacer battle-history"><br></div><div class="battle-history">Hawlucha fainted!<br></div><div class="chat chatmessage-gochan"><strong style="color:hsl(74,78%,31%)"><small>&amp;</small><span class="username" data-name="Gochan">Gochan</span>:</strong> <em>owned</em></div><div class="chat chatmessage-kagariii"><strong style="color:hsl(174,69%,33%)"><small>+</small><span class="username" data-name="Kagariii">Kagariii</span>:</strong> <em>beppler.</em></div><div class="chat chatmessage-aserejjadeje"><strong style="color:hsl(39,66%,36.3662357082819%)"><small> </small><span class="username" data-name="Aserejé ja de je">Aserejé ja de je</span>:</strong> <em>apenas beppler</em></div><div class="chat chatmessage-aserejjadeje"><strong style="color:hsl(39,66%,36.3662357082819%)"><small> </small><span class="username" data-name="Aserejé ja de je">Aserejé ja de je</span>:</strong> <em>enserio</em></div><div class="chat chatmessage-beppler"><strong style="color:hsl(118,73%,37.93733867614693%)"><small>☆</small><span class="username" data-name="Beppler ♛">Beppler ♛</span>:</strong> <em>weno la cague</em></div><div class="chat chatmessage-aserejjadeje"><strong style="color:hsl(39,66%,36.3662357082819%)"><small> </small><span class="username" data-name="Aserejé ja de je">Aserejé ja de je</span>:</strong> <em>era obviohdp</em></div><div class="chat message-error">Beppler ♛ tiene 285 segundos restantes.</div><div class="chat chatmessage-sekhmethack"><strong style="color:hsl(291,88%,44%)"><small>☆</small><span class="username" data-name="Sekhmet Hack">Sekhmet Hack</span>:</strong> <em>aun haci ganas creo</em></div><div class="chat chatmessage-beppler"><strong style="color:hsl(118,73%,37.93733867614693%)"><small>☆</small><span class="username" data-name="Beppler ♛">Beppler ♛</span>:</strong> <em>jajaja</em></div><div class="chat chatmessage-gochan"><strong style="color:hsl(74,78%,31%)"><small>&amp;</small><span class="username" data-name="Gochan">Gochan</span>:</strong> <em>es que sos malisimo beppler</em></div><div class="chat message-error">Beppler ♛ tiene 270 segundos restantes.</div><div class="chat chatmessage-nomanshax"><strong style="color:hsl(105,82%,35%)"><small>+</small><span class="username" data-name="No man's hax">No man's hax</span>:</strong> <em>yellow cagandola</em></div><div class="chat chatmessage-nomanshax"><strong style="color:hsl(105,82%,35%)"><small>+</small><span class="username" data-name="No man's hax">No man's hax</span>:</strong> <em>nada nuevo</em></div><div class="chat message-error">Beppler ♛ tiene 255 segundos restantes.</div><div class="chat chatmessage-beppler"><strong style="color:hsl(118,73%,37.93733867614693%)"><small>☆</small><span class="username" data-name="Beppler ♛">Beppler ♛</span>:</strong> <em>diso olvide el ninja scarf</em></div><div class="chat chatmessage-beppler"><strong style="color:hsl(118,73%,37.93733867614693%)"><small>☆</small><span class="username" data-name="Beppler ♛">Beppler ♛</span>:</strong> <em>umm</em></div><div class="chat message-error">Beppler ♛ tiene 240 segundos restantes.</div><div class="spacer battle-history"><br></div><div class="battle-history">Go! Raichu (<strong>Raichu-Alola</strong>)!<br></div><div class="spacer battle-history"><br></div><h2 class="battle-history">Turn 15</h2><div class="chat message-error">Beppler ♛ tiene 285 segundos restantes.</div><div class="chat message-error">Beppler ♛ se desconectó!</div><div class="chat message-error">Beppler ♛ tiene 270 segundos restantes.</div><div class="chat message-error">Beppler ♛ tiene 255 segundos restantes.</div><div class="chat message-error">Beppler ♛ tiene 240 segundos restantes.</div><div class="chat message-error">Beppler ♛ tiene 225 segundos restantes.</div><div class="chat message-error">Beppler ♛ tiene 210 segundos restantes.</div><div class="chat message-error">Beppler ♛ tiene 195 segundos restantes.</div><div class="chat message-error">Beppler ♛ tiene 180 segundos restantes.</div><div class="chat message-error">Beppler ♛ tiene 165 segundos restantes.</div><div class="chat message-error">Beppler ♛ se reconectó y tiene 165 segundos restantes.</div><div class="spacer battle-history"><br></div><div class="battle-history">Raichu used <strong>Psychic</strong>!<br></div><div class="battle-history"><small>(The opposing Landorus lost <abbr title="−103/382">27.0%</abbr> of its health!)</small><br></div><div class="spacer battle-history"><br></div><div class="battle-history">The opposing Landorus fainted!<br></div><div class="spacer battle-history"><br></div><div class="battle-history">Sekhmet Hack sent out <strong>Heatran</strong>!<br></div><div class="battle-history"><small>Pointed stones dug into the opposing Heatran!</small><br></div><div class="spacer battle-history"><br></div><h2 class="battle-history">Turn 16</h2><div class="spacer battle-history"><br></div><div class="battle-history"><small>Raichu surrounded itself with its Z-Power!</small><br></div><div class="spacer battle-history"><br></div><div class="battle-history">Raichu used <strong>Stoked Sparksurfer</strong>!<br></div><div class="battle-history"><small>(The opposing Heatran lost <abbr title="−337/385">87.5%</abbr> of its health!)</small><br></div><div class="spacer battle-history"><br></div><div class="battle-history">The opposing Heatran fainted!<br></div><div class="spacer battle-history"><br></div><div class="battle-history">Sekhmet Hack sent out <strong>Tapu Bulu</strong>!<br></div><div class="battle-history"><small>Pointed stones dug into the opposing Tapu Bulu!</small><br></div><div class="battle-history"><small>[The opposing Tapu Bulu's Grassy Surge]</small><br><small>Grass grew to cover the battlefield!</small><br></div><div class="spacer battle-history"><br></div><h2 class="battle-history">Turn 17</h2><div class="chat chatmessage-camilizer"><strong style="color:hsl(230,40%,57.2020470784%)"><small> </small><span class="username" data-name="Camilizer">Camilizer</span>:</strong> <em>lol</em></div><div class="chat chatmessage-camilizer"><strong style="color:hsl(230,40%,57.2020470784%)"><small> </small><span class="username" data-name="Camilizer">Camilizer</span>:</strong> <em></em></div><div class="chat message-error">Beppler ♛ tiene 225 segundos restantes.</div><div class="spacer battle-history"><br></div><div class="battle-history">Raichu used <strong>Psychic</strong>!<br></div><div class="battle-history"><small>(The opposing Tapu Bulu lost <abbr title="−90/343">26.2%</abbr> of its health!)</small><br></div><div class="spacer battle-history"><br></div><div class="battle-history">The opposing Tapu Bulu used <strong>Horn Leech</strong>!<br></div><div class="battle-history"><small>(Raichu lost <abbr title="−174/261">66.7%</abbr> of its health!)</small><br></div><div class="battle-history"><small>Raichu had its energy drained!</small><br></div><div class="spacer battle-history"><br></div><div class="battle-history"><small>Raichu restored HP using its Grassy Terrain!</small><br></div><div class="battle-history"><small>The opposing Tapu Bulu restored HP using its Grassy Terrain!</small><br></div><div class="battle-history"><small>The opposing Tapu Bulu was hurt by its burn!</small><br></div><div class="spacer battle-history"><br></div><h2 class="battle-history">Turn 18</h2><div class="chat message-error">Beppler ♛ tiene 225 segundos restantes.</div><div class="spacer battle-history"><br></div><div class="battle-history">Raichu, come back!<br></div><div class="battle-history">Go! Landorus (<strong>Landorus-Therian</strong>)!<br></div><div class="battle-history"><small>[Landorus's Intimidate]</small><br></div><div class="battle-history"><small>The opposing Tapu Bulu's Attack fell!</small><br></div><div class="spacer battle-history"><br></div><div class="battle-history">The opposing Tapu Bulu used <strong>Horn Leech</strong>!<br></div><div class="battle-history"><small>(Landorus lost <abbr title="−51/381">13.4%</abbr> of its health!)</small><br></div><div class="battle-history"><small>Landorus had its energy drained!</small><br></div><div class="battle-history"><small>The opposing Tapu Bulu was hurt by the Rocky Helmet!</small><br></div><div class="spacer battle-history"><br></div><div class="battle-history"><small>The opposing Tapu Bulu restored HP using its Grassy Terrain!</small><br></div><div class="battle-history"><small>The opposing Tapu Bulu was hurt by its burn!</small><br></div><div class="spacer battle-history"><br></div><h2 class="battle-history">Turn 19</h2><div class="chat message-error">Beppler ♛ tiene 225 segundos restantes.</div><div class="spacer battle-history"><br></div><div class="battle-history">Landorus used <strong>U-turn</strong>!<br></div><div class="battle-history"><small>A critical hit!</small><br></div><div class="battle-history"><small>(The opposing Tapu Bulu lost <abbr title="−93/343">27.1%</abbr> of its health!)</small><br></div><div class="chat message-error">Beppler ♛ tiene 240 segundos restantes.</div><div class="spacer battle-history"><br></div><div class="battle-history">Landorus went back to Beppler ♛!<br></div><div class="battle-history">Go! Raichu (<strong>Raichu-Alola</strong>)!<br></div><div class="spacer battle-history"><br></div><div class="battle-history">The opposing Tapu Bulu used <strong>Horn Leech</strong>!<br></div><div class="battle-history"><small>(Raichu lost <abbr title="−103/261">39.5%</abbr> of its health!)</small><br></div><div class="battle-history"><small>Raichu had its energy drained!</small><br></div><div class="spacer battle-history"><br></div><div class="battle-history">Raichu fainted!<br></div><div class="spacer battle-history"><br></div><div class="battle-history"><small>The opposing Tapu Bulu restored HP using its Grassy Terrain!</small><br></div><div class="battle-history"><small>The opposing Tapu Bulu was hurt by its burn!</small><br></div><div class="chat message-error">Beppler ♛ tiene 240 segundos restantes.</div><div class="spacer battle-history"><br></div><div class="battle-history">Go! Landorus (<strong>Landorus-Therian</strong>)!<br></div><div class="battle-history"><small>[Landorus's Intimidate]</small><br></div><div class="battle-history"><small>The opposing Tapu Bulu's Attack fell!</small><br></div><div class="spacer battle-history"><br></div><h2 class="battle-history">Turn 20</h2><div class="chat message-error">Beppler ♛ tiene 255 segundos restantes.</div><div class="spacer battle-history"><br></div><div class="battle-history">Sekhmet Hack withdrew Tapu Bulu!<br></div><div class="battle-history">Sekhmet Hack sent out <strong>Greninja</strong>!<br></div><div class="battle-history"><small>Pointed stones dug into the opposing Greninja!</small><br></div><div class="spacer battle-history"><br></div><div class="battle-history">Landorus used <strong>Hidden Power</strong>!<br></div><div class="battle-history"><small>It's not very effective...</small><br></div><div class="battle-history"><small>(The opposing Greninja lost <abbr title="−29/287">10.1%</abbr> of its health!)</small><br></div><div class="spacer battle-history"><br></div><div class="battle-history"><small>The opposing Greninja restored HP using its Grassy Terrain!</small><br></div><div class="spacer battle-history"><br></div><h2 class="battle-history">Turn 21</h2><div class="chat message-error">Beppler ♛ tiene 255 segundos restantes.</div><div class="spacer battle-history"><br></div><div class="battle-history">Landorus, come back!<br></div><div class="battle-history">Go! Blastoise (<strong>Blastoise-Mega</strong>)!<br></div><div class="spacer battle-history"><br></div><div class="battle-history">The opposing Greninja used <strong>U-turn</strong>!<br></div><div class="spacer battle-history"><br></div><div class="battle-history"><small>[The opposing Greninja's Protean]</small><br><small>The opposing Greninja transformed into the Bug type!</small><br></div><div class="battle-history"><small>(Blastoise lost <abbr title="−60/299">20.1%</abbr> of its health!)</small><br></div><div class="spacer battle-history"><br></div><div class="battle-history">The opposing Greninja went back to Sekhmet Hack!<br></div><div class="battle-history">Sekhmet Hack sent out <strong>Tapu Bulu</strong>!<br></div><div class="battle-history"><small>Pointed stones dug into the opposing Tapu Bulu!</small><br></div><div class="spacer battle-history"><br></div><div class="battle-history"><small>Blastoise restored HP using its Grassy Terrain!</small><br></div><div class="battle-history"><small>The opposing Tapu Bulu restored HP using its Grassy Terrain!</small><br></div><div class="battle-history"><small>The grass disappeared from the battlefield.</small><br></div><div class="battle-history"><small>The opposing Tapu Bulu was hurt by its burn!</small><br></div><div class="spacer battle-history"><br></div><h2 class="battle-history">Turn 22</h2><div class="chat message-error">Beppler ♛ tiene 285 segundos restantes.</div><div class="chat message-error">Beppler ♛ tiene 270 segundos restantes.</div><div class="chat message-error">Beppler ♛ tiene 255 segundos restantes.</div><div class="chat message-error">Beppler ♛ tiene 240 segundos restantes.</div><div class="chat message-error">Beppler ♛ tiene 225 segundos restantes.</div><div class="spacer battle-history"><br></div><div class="battle-history">Blastoise used <strong>Ice Beam</strong>!<br></div><div class="battle-history"><small>It's super effective!</small><br></div><div class="battle-history"><small>A critical hit!</small><br></div><div class="battle-history"><small>(The opposing Tapu Bulu lost <abbr title="−84/343">24.5%</abbr> of its health!)</small><br></div><div class="spacer battle-history"><br></div><div class="battle-history">The opposing Tapu Bulu fainted!<br></div><div class="spacer battle-history"><br></div><div class="battle-history">Sekhmet Hack sent out <strong>Greninja</strong>!<br></div><div class="battle-history"><small>Pointed stones dug into the opposing Greninja!</small><br></div><div class="spacer battle-history"><br></div><h2 class="battle-history">Turn 23</h2><div class="spacer battle-history"><br></div><div class="battle-history">The opposing Greninja used <strong>Ice Beam</strong>!<br></div><div class="spacer battle-history"><br></div><div class="battle-history"><small>[The opposing Greninja's Protean]</small><br><small>The opposing Greninja transformed into the Ice type!</small><br></div><div class="battle-history"><small>It's not very effective...</small><br></div><div class="battle-history"><small>(Blastoise lost <abbr title="−58/299">19.4%</abbr> of its health!)</small><br></div><div class="spacer battle-history"><br></div><div class="battle-history">Blastoise used <strong>Scald</strong>!<br></div><div class="battle-history"><small>(The opposing Greninja lost <abbr title="−170/287">59.2%</abbr> of its health!)</small><br></div><div class="spacer battle-history"><br></div><div class="battle-history">The opposing Greninja fainted!<br></div><div class="spacer battle-history"><br></div><div class="battle-history"><strong>Beppler ♛</strong> won the battle!<br></div></div><div class="inner-preempt"></div></div></div>
</div>
<script>
let daily = Math.floor(Date.now()/1000/60/60/24);document.write('<script src="https://play.pokemonshowdown.com/js/replay-embed.js?version'+daily+'"></'+'script>');
</script>
