<!DOCTYPE html>
<meta charset="utf-8" />
<!-- version 1 -->
<title>OU replay: 3M3 vs. AdderJo</title>
<style>
html,body {font-family:Verdana, sans-serif;font-size:10pt;margin:0;padding:0;}body{padding:12px 0;} .battle-log {font-family:Verdana, sans-serif;font-size:10pt;} .battle-log-inline {border:1px solid #AAAAAA;background:#EEF2F5;color:black;max-width:640px;margin:0 auto 80px;padding-bottom:5px;} .battle-log .inner {padding:4px 8px 0px 8px;} .battle-log .inner-preempt {padding:0 8px 4px 8px;} .battle-log .inner-after {margin-top:0.5em;} .battle-log h2 {margin:0.5em -8px;padding:4px 8px;border:1px solid #AAAAAA;background:#E0E7EA;border-left:0;border-right:0;font-family:Verdana, sans-serif;font-size:13pt;} .battle-log .chat {vertical-align:middle;padding:3px 0 3px 0;font-size:8pt;} .battle-log .chat strong {color:#40576A;} .battle-log .chat em {padding:1px 4px 1px 3px;color:#000000;font-style:normal;} .chat.mine {background:rgba(0,0,0,0.05);margin-left:-8px;margin-right:-8px;padding-left:8px;padding-right:8px;} .spoiler {color:#BBBBBB;background:#BBBBBB;padding:0px 3px;} .spoiler:hover, .spoiler:active, .spoiler-shown {color:#000000;background:#E2E2E2;padding:0px 3px;} .spoiler a {color:#BBBBBB;} .spoiler:hover a, .spoiler:active a, .spoiler-shown a {color:#2288CC;} .chat code, .chat .spoiler:hover code, .chat .spoiler:active code, .chat .spoiler-shown code {border:1px solid #C0C0C0;background:#EEEEEE;color:black;padding:0 2px;} .chat .spoiler code {border:1px solid #CCCCCC;background:#CCCCCC;color:#CCCCCC;} .battle-log .rated {padding:3px 4px;} .battle-log .rated strong {color:white;background:#89A;padding:1px 4px;border-radius:4px;} .spacer {margin-top:0.5em;} .message-announce {background:#6688AA;color:white;padding:1px 4px 2px;} .message-announce a, .broadcast-green a, .broadcast-blue a, .broadcast-red a {color:#DDEEFF;} .broadcast-green {background-color:#559955;color:white;padding:2px 4px;} .broadcast-blue {background-color:#6688AA;color:white;padding:2px 4px;} .infobox {border:1px solid #6688AA;padding:2px 4px;} .infobox-limited {max-height:200px;overflow:auto;overflow-x:hidden;} .broadcast-red {background-color:#AA5544;color:white;padding:2px 4px;} .message-learn-canlearn {font-weight:bold;color:#228822;text-decoration:underline;} .message-learn-cannotlearn {font-weight:bold;color:#CC2222;text-decoration:underline;} .message-effect-weak {font-weight:bold;color:#CC2222;} .message-effect-resist {font-weight:bold;color:#6688AA;} .message-effect-immune {font-weight:bold;color:#666666;} .message-learn-list {margin-top:0;margin-bottom:0;} .message-throttle-notice, .message-error {color:#992222;} .message-overflow, .chat small.message-overflow {font-size:0pt;} .message-overflow::before {font-size:9pt;content:'...';} .subtle {color:#3A4A66;}
</style>
<div class="wrapper replay-wrapper" style="max-width:1180px;margin:0 auto">
<input type="hidden" name="replayid" value="destiny-ou-451834" />
<div class="battle"></div><div class="battle-log"></div><div class="replay-controls"></div><div class="replay-controls-2"></div>
<h1 style="font-weight:normal;text-align:center"><strong>OU</strong><br /><a href="http://pokemonshowdown.com/users/3m3" class="subtle" target="_blank">3M3</a> vs. <a href="http://pokemonshowdown.com/users/adderjo" class="subtle" target="_blank">AdderJo</a></h1>
<script type="text/plain" class="battle-log-data">|player|p1|3M3|avy3m3.gif?a0383613
|teamsize|p1|6
|player|p2|AdderJo|169
|teamsize|p2|6
|teamsize|p1|6
|teamsize|p2|6
|gametype|singles
|gen|7
|tier|OU
|rated
|seed|2620,26290,37841,26980
|rule|Cláusula-Mod de Dormir: solo puedes dormir a uno de tus oponentes a la vez.
|rule|Cláusula de Especie: Hasta un Pokémon de cada especie
|rule|Cláusula de Golpe Fulminante: los movimientos fulminantes (OHKO) estan prohibidos
|rule|Cláusula de Veleta: la habilidad Veleta está prohibida
|rule|Cláusula de Movimientos Evasivos: los movimientos de Evasión están prohibidos.
|rule|Cláusula de Batallas Eternas: forzar batallas eternas está prohibido
|clearpoke
|poke|p1|Scizor, M|item
|poke|p1|Gastrodon, M|item
|poke|p1|Jirachi|item
|poke|p1|Gliscor, M|item
|poke|p1|Kecleon, M, shiny|item
|poke|p1|Reuniclus, M|item
|poke|p2|Volcarona, M|item
|poke|p2|Tapu Koko|item
|poke|p2|Zygarde|item
|poke|p2|Gyarados, F|item
|poke|p2|Landorus-Therian, M|item
|poke|p2|Kartana|item
|teampreview|undefined
|choice|*|*team 523416
|inactive|Reloj de batalla ENCENDIDO. El jugador inactivo será descalificado (solicitado por AdderJo).
|choice|*team 423156|*
|choice|team 4, 2, 3, 1, 5, 6|team 5, 2, 3, 4, 1, 6
|
|start
|switch|p1a: Gliscor|Gliscor, M|351\/351
|switch|p2a: Landorus|Landorus-Therian, M|319\/319
|-ability|p2a: Landorus|Intimidate|boost
|-unboost|p1a: Gliscor|atk|1
|turn|1
|choice|*move 1|*
|choice|*|*move 3
|choice|move stealthrock|move stealthrock
|
|move|p2a: Landorus|Stealth Rock|p1a: Gliscor
|-sidestart|p1: 3M3|move: Stealth Rock
|move|p1a: Gliscor|Stealth Rock|p2a: Landorus
|-sidestart|p2: AdderJo|move: Stealth Rock
|
|-status|p1a: Gliscor|tox|[from] item: Toxic Orb
|upkeep
|turn|2
|choice|*|*move 1
|choice|*move 4|*
|choice|move knockoff|move swordsdance
|
|move|p2a: Landorus|Swords Dance|p2a: Landorus
|-boost|p2a: Landorus|atk|2
|move|p1a: Gliscor|Knock Off|p2a: Landorus
|-damage|p2a: Landorus|268\/319
|-enditem|p2a: Landorus|Focus Sash|[from] move: Knock Off|[of] p1a: Gliscor
|
|upkeep
|turn|3
|choice|*|*move 1
|choice|*|*move 1
|choice|*move 2|*
|choice|move roost|move swordsdance
|
|move|p2a: Landorus|Swords Dance|p2a: Landorus
|-boost|p2a: Landorus|atk|2
|move|p1a: Gliscor|Roost|p1a: Gliscor
|-fail|p1a: Gliscor
|
|upkeep
|turn|4
|choice|*|*move 4
|choice|*switch 3|*
|choice|switch 3|move explosion
|
|switch|p1a: Jirachi|Jirachi|341\/341
|-damage|p1a: Jirachi|320\/341|[from] Stealth Rock
|move|p2a: Landorus|Explosion|p1a: Jirachi
|-resisted|p1a: Jirachi
|-damage|p1a: Jirachi|0 fnt
|faint|p2a: Landorus
|faint|p1a: Jirachi
|
|upkeep
|choice|*|*switch 2
|choice|*|*switch 6
|choice|*|*switch 5
|choice|*|*switch 5
|choice|*switch 2|*
|choice|*|*switch 4
|choice|switch 2|switch 4
|
|switch|p1a: Gastrodon|Gastrodon, M|425\/425
|switch|p2a: Gyarados|Gyarados, F|331\/331
|-damage|p2a: Gyarados|249\/331|[from] Stealth Rock
|-ability|p2a: Gyarados|Intimidate|boost
|-unboost|p1a: Gastrodon|atk|1
|-damage|p1a: Gastrodon|399\/425|[from] Stealth Rock
|turn|5
|choice|*move 2|*
|inactive|AdderJo tiene 135 segundos restantes.
|inactive|AdderJo tiene 120 segundos restantes.
|choice|*|*switch 6
|choice|move toxic|switch 6
|
|switch|p2a: Kartana|Kartana|259\/259
|-damage|p2a: Kartana|243\/259|[from] Stealth Rock
|move|p1a: Gastrodon|Toxic|p2a: Kartana
|-immune|p2a: Kartana|[msg]
|
|-heal|p1a: Gastrodon|425\/425|[from] item: Leftovers
|upkeep
|turn|6
|choice|*|*move 3
|choice|*switch 4|*
|choice|switch 4|move leafblade
|
|switch|p1a: Scizor|Scizor, M|343\/343
|-damage|p1a: Scizor|301\/343|[from] Stealth Rock
|move|p2a: Kartana|Leaf Blade|p1a: Scizor
|-resisted|p1a: Scizor
|-damage|p1a: Scizor|262\/343
|
|upkeep
|turn|7
|choice|*move 3 mega|*
|choice|*|*switch 5
|choice|move uturn mega|switch 5
|
|switch|p2a: Volcarona|Volcarona, M|311\/311
|-damage|p2a: Volcarona|156\/311|[from] Stealth Rock
|-mega|p1a: Scizor|Scizor|Scizorite
|detailschange|p1a: Scizor|Scizor-Mega, M
|move|p1a: Scizor|U-turn|p2a: Volcarona
|-resisted|p2a: Volcarona
|-damage|p2a: Volcarona|80\/311
|inactive|3M3 tiene 135 segundos restantes.
|choice|*switch 3|*
|choice|switch 3|
|
|switch|p1a: Gliscor|Gliscor, M|351\/351 tox|[from]move: U-turn
|-damage|p1a: Gliscor|308\/351 tox|[from] Stealth Rock
|
|-heal|p1a: Gliscor|351\/351 tox|[from] ability: Poison Heal
|upkeep
|turn|8
|choice|*move 3|*
|choice|*|*move 3 zmove
|choice|move earthquake|move psychic zmove
|
|-zpower|p2a: Volcarona
|move|p2a: Volcarona|Shattered Psyche|p1a: Gliscor|[zeffect]
|-damage|p1a: Gliscor|33\/351 tox
|move|p1a: Gliscor|Earthquake|p2a: Volcarona
|-damage|p2a: Volcarona|0 fnt
|faint|p2a: Volcarona
|
|-heal|p1a: Gliscor|76\/351 tox|[from] ability: Poison Heal
|upkeep
|inactive|AdderJo tiene 135 segundos restantes.
|choice|*|*switch 2
|choice||switch 2
|
|switch|p2a: Tapu Koko|Tapu Koko|281\/281
|-damage|p2a: Tapu Koko|246\/281|[from] Stealth Rock
|-fieldstart|move: Electric Terrain|[from] ability: Electric Surge|[of] p2a: Tapu Koko
|turn|9
|choice|*|*move 2
|choice|*switch 4|*
|choice|switch 4|move dazzlinggleam
|
|switch|p1a: Gastrodon|Gastrodon, M|425\/425
|-damage|p1a: Gastrodon|399\/425|[from] Stealth Rock
|move|p2a: Tapu Koko|Dazzling Gleam|p1a: Gastrodon
|-damage|p1a: Gastrodon|270\/425
|-damage|p2a: Tapu Koko|218\/281|[from] item: Life Orb
|
|-heal|p1a: Gastrodon|296\/425|[from] item: Leftovers
|upkeep
|turn|10
|choice|*|*switch 5
|choice|*|*switch 5
|choice|*move 1|*
|choice|move recover|switch 5
|
|switch|p2a: Kartana|Kartana|243\/259
|-damage|p2a: Kartana|227\/259|[from] Stealth Rock
|move|p1a: Gastrodon|Recover|p1a: Gastrodon
|-heal|p1a: Gastrodon|425\/425
|
|upkeep
|turn|11
|choice|*switch 3|*
|choice|*|*move 2
|choice|switch 3|move sacredsword
|
|switch|p1a: Scizor|Scizor-Mega, M|262\/343
|-damage|p1a: Scizor|220\/343|[from] Stealth Rock
|move|p2a: Kartana|Sacred Sword|p1a: Scizor
|-damage|p1a: Scizor|140\/343
|
|upkeep
|turn|12
|choice|*move 2|*
|choice|*|*move 2
|choice|move roost|move sacredsword
|
|move|p2a: Kartana|Sacred Sword|p1a: Scizor
|-damage|p1a: Scizor|60\/343
|move|p1a: Scizor|Roost|p1a: Scizor
|-heal|p1a: Scizor|232\/343
|
|upkeep
|turn|13
|choice|*|*switch 6
|choice|*move 2|*
|choice|move roost|switch 6
|
|switch|p2a: Gyarados|Gyarados, F|249\/331
|-damage|p2a: Gyarados|167\/331|[from] Stealth Rock
|-ability|p2a: Gyarados|Intimidate|boost
|-unboost|p1a: Scizor|atk|1
|move|p1a: Scizor|Roost|p1a: Scizor
|-heal|p1a: Scizor|343\/343
|
|-fieldend|move: Electric Terrain
|upkeep
|turn|14
|choice|*|*move 1 mega
|choice|*move 3|*
|choice|move uturn|move dragondance mega
|
|-mega|p2a: Gyarados|Gyarados|Gyaradosite
|detailschange|p2a: Gyarados|Gyarados-Mega, F
|-ability|p2a: Gyarados|Mold Breaker
|move|p2a: Gyarados|Dragon Dance|p2a: Gyarados
|-boost|p2a: Gyarados|atk|1
|-boost|p2a: Gyarados|spe|1
|move|p1a: Scizor|U-turn|p2a: Gyarados
|-supereffective|p2a: Gyarados
|-damage|p2a: Gyarados|9\/331
|inactive|3M3 tiene 135 segundos restantes.
|choice|*switch 4|*
|choice|switch 4|
|
|switch|p1a: Gliscor|Gliscor, M|76\/351 tox|[from]move: U-turn
|-damage|p1a: Gliscor|33\/351 tox|[from] Stealth Rock
|
|-heal|p1a: Gliscor|76\/351 tox|[from] ability: Poison Heal
|upkeep
|turn|15
|choice|*move 3|*
|choice|*|*move 2
|choice|move earthquake|move waterfall
|
|move|p2a: Gyarados|Waterfall|p1a: Gliscor
|-supereffective|p1a: Gliscor
|-damage|p1a: Gliscor|0 fnt
|faint|p1a: Gliscor
|
|upkeep
|choice|*switch 4|*
|choice|switch 4|
|
|switch|p1a: Scizor|Scizor-Mega, M|343\/343
|-damage|p1a: Scizor|301\/343|[from] Stealth Rock
|turn|16
|choice|*|*move 2
|choice|*move 4|*
|choice|move bulletpunch|move waterfall
|
|move|p1a: Scizor|Bullet Punch|p2a: Gyarados
|-resisted|p2a: Gyarados
|-damage|p2a: Gyarados|0 fnt
|faint|p2a: Gyarados
|
|upkeep
|choice|*|*switch 5
|choice||switch 5
|
|switch|p2a: Tapu Koko|Tapu Koko|218\/281
|-damage|p2a: Tapu Koko|183\/281|[from] Stealth Rock
|-fieldstart|move: Electric Terrain|[from] ability: Electric Surge|[of] p2a: Tapu Koko
|turn|17
|choice|*|*move 1
|choice|*switch 3|*
|choice|switch 3|move thunderbolt
|
|switch|p1a: Gastrodon|Gastrodon, M|425\/425
|-damage|p1a: Gastrodon|399\/425|[from] Stealth Rock
|move|p2a: Tapu Koko|Thunderbolt|p1a: Gastrodon
|-immune|p1a: Gastrodon|[msg]
|
|-heal|p1a: Gastrodon|425\/425|[from] item: Leftovers
|upkeep
|turn|18
|choice|*|*move 2
|choice|*move 2|*
|choice|move toxic|move dazzlinggleam
|
|move|p2a: Tapu Koko|Dazzling Gleam|p1a: Gastrodon
|-damage|p1a: Gastrodon|292\/425
|-damage|p2a: Tapu Koko|155\/281|[from] item: Life Orb
|move|p1a: Gastrodon|Toxic|p2a: Tapu Koko
|-status|p2a: Tapu Koko|tox
|
|-heal|p1a: Gastrodon|318\/425|[from] item: Leftovers
|-damage|p2a: Tapu Koko|138\/281 tox|[from] psn
|upkeep
|turn|19
|choice|*move 1|*
|choice|*|*move 2
|choice|move recover|move dazzlinggleam
|
|move|p2a: Tapu Koko|Dazzling Gleam|p1a: Gastrodon
|-damage|p1a: Gastrodon|182\/425
|-damage|p2a: Tapu Koko|110\/281 tox|[from] item: Life Orb
|move|p1a: Gastrodon|Recover|p1a: Gastrodon
|-heal|p1a: Gastrodon|395\/425
|
|-heal|p1a: Gastrodon|421\/425|[from] item: Leftovers
|-damage|p2a: Tapu Koko|76\/281 tox|[from] psn
|upkeep
|turn|20
|choice|*|*move 2
|inactive|3M3 tiene 135 segundos restantes.
|choice|*move 1|*
|choice|move recover|move dazzlinggleam
|
|move|p2a: Tapu Koko|Dazzling Gleam|p1a: Gastrodon
|-damage|p1a: Gastrodon|303\/425
|-damage|p2a: Tapu Koko|48\/281 tox|[from] item: Life Orb
|move|p1a: Gastrodon|Recover|p1a: Gastrodon
|-heal|p1a: Gastrodon|425\/425
|
|-damage|p2a: Tapu Koko|0 fnt|[from] psn
|upkeep
|faint|p2a: Tapu Koko
|choice|*|*switch 3
|choice||switch 3
|
|switch|p2a: Zygarde|Zygarde|404\/404
|-damage|p2a: Zygarde|379\/404|[from] Stealth Rock
|-ability|p2a: Zygarde|Aura Break
|turn|21
|choice|*|*move 4
|choice|*move 2|*
|choice|move toxic|move substitute
|
|move|p2a: Zygarde|Substitute|p2a: Zygarde
|-start|p2a: Zygarde|Substitute
|-damage|p2a: Zygarde|278\/404
|move|p1a: Gastrodon|Toxic|p2a: Zygarde|[miss]
|-miss|p1a: Gastrodon|p2a: Zygarde
|
|-heal|p2a: Zygarde|303\/404|[from] item: Leftovers
|-fieldend|move: Electric Terrain
|upkeep
|turn|22
|choice|*|*move 1
|choice|*switch 5|*
|choice|switch 5|move dragondance
|
|switch|p1a: Kecleon|Kecleon, M, shiny|321\/321
|-damage|p1a: Kecleon|281\/321|[from] Stealth Rock
|move|p2a: Zygarde|Dragon Dance|p2a: Zygarde
|-boost|p2a: Zygarde|atk|1
|-boost|p2a: Zygarde|spe|1
|
|-heal|p2a: Zygarde|328\/404|[from] item: Leftovers
|upkeep
|turn|23
|choice|*move 4|*
|choice|*|*move 1
|choice|move icepunch|move dragondance
|
|move|p2a: Zygarde|Dragon Dance|p2a: Zygarde
|-boost|p2a: Zygarde|atk|1
|-boost|p2a: Zygarde|spe|1
|move|p1a: Kecleon|Ice Punch|p2a: Zygarde
|-start|p1a: Kecleon|typechange|Ice|[from] Protean
|-supereffective|p2a: Zygarde
|-end|p2a: Zygarde|Substitute
|
|-heal|p2a: Zygarde|353\/404|[from] item: Leftovers
|upkeep
|turn|24
|choice|*|*move 4
|choice|*move 4|*
|choice|move icepunch|move substitute
|
|move|p2a: Zygarde|Substitute|p2a: Zygarde
|-start|p2a: Zygarde|Substitute
|-damage|p2a: Zygarde|252\/404
|move|p1a: Kecleon|Ice Punch|p2a: Zygarde
|-supereffective|p2a: Zygarde
|-end|p2a: Zygarde|Substitute
|
|-heal|p2a: Zygarde|277\/404|[from] item: Leftovers
|upkeep
|turn|25
|choice|*|*move 3
|choice|*move 4|*
|choice|move icepunch|move thousandarrows
|
|move|p2a: Zygarde|Thousand Arrows|p1a: Kecleon
|-damage|p1a: Kecleon|0 fnt
|faint|p1a: Kecleon
|
|-heal|p2a: Zygarde|302\/404|[from] item: Leftovers
|upkeep
|choice|*switch 5|*
|choice|switch 5|
|
|switch|p1a: Gastrodon|Gastrodon, M|425\/425
|-damage|p1a: Gastrodon|399\/425|[from] Stealth Rock
|turn|26
|choice|*|*move 4
|choice|*move 3|*
|choice|move scald|move substitute
|
|move|p2a: Zygarde|Substitute|p2a: Zygarde
|-start|p2a: Zygarde|Substitute
|-damage|p2a: Zygarde|201\/404
|move|p1a: Gastrodon|Scald|p2a: Zygarde
|-activate|p2a: Zygarde|move: Substitute|[damage]
|
|-heal|p2a: Zygarde|226\/404|[from] item: Leftovers
|-heal|p1a: Gastrodon|425\/425|[from] item: Leftovers
|upkeep
|turn|27
|choice|*|*move 1
|choice|*move 3|*
|choice|move scald|move dragondance
|
|move|p2a: Zygarde|Dragon Dance|p2a: Zygarde
|-boost|p2a: Zygarde|atk|1
|-boost|p2a: Zygarde|spe|1
|move|p1a: Gastrodon|Scald|p2a: Zygarde
|-end|p2a: Zygarde|Substitute
|
|-heal|p2a: Zygarde|251\/404|[from] item: Leftovers
|upkeep
|turn|28
|choice|*|*move 4
|choice|*move 4|*
|choice|move earthpower|move substitute
|
|move|p2a: Zygarde|Substitute|p2a: Zygarde
|-start|p2a: Zygarde|Substitute
|-damage|p2a: Zygarde|150\/404
|move|p1a: Gastrodon|Earth Power|p2a: Zygarde
|-end|p2a: Zygarde|Substitute
|
|-heal|p2a: Zygarde|175\/404|[from] item: Leftovers
|upkeep
|turn|29
|choice|*|*move 4
|choice|*move 3|*
|choice|*|*move 3
|choice|move scald|move thousandarrows
|
|move|p2a: Zygarde|Thousand Arrows|p1a: Gastrodon
|-damage|p1a: Gastrodon|7\/425
|move|p1a: Gastrodon|Scald|p2a: Zygarde
|-damage|p2a: Zygarde|90\/404
|
|-heal|p2a: Zygarde|115\/404|[from] item: Leftovers
|-heal|p1a: Gastrodon|33\/425|[from] item: Leftovers
|upkeep
|turn|30
|choice|*|*move 3
|choice|*move 3|*
|choice|*|*move 4
|choice|move scald|move substitute
|
|move|p2a: Zygarde|Substitute|p2a: Zygarde
|-start|p2a: Zygarde|Substitute
|-damage|p2a: Zygarde|14\/404
|move|p1a: Gastrodon|Scald|p2a: Zygarde
|-activate|p2a: Zygarde|move: Substitute|[damage]
|
|-heal|p2a: Zygarde|39\/404|[from] item: Leftovers
|-heal|p1a: Gastrodon|59\/425|[from] item: Leftovers
|upkeep
|turn|31
|choice|*|*move 3
|choice|*move 3|*
|choice|move scald|move thousandarrows
|
|move|p2a: Zygarde|Thousand Arrows|p1a: Gastrodon
|-crit|p1a: Gastrodon
|-damage|p1a: Gastrodon|0 fnt
|faint|p1a: Gastrodon
|
|-heal|p2a: Zygarde|64\/404|[from] item: Leftovers
|upkeep
|choice|*switch 3|*
|choice|switch 3|
|
|switch|p1a: Scizor|Scizor-Mega, M|301\/343
|-damage|p1a: Scizor|259\/343|[from] Stealth Rock
|turn|32
|choice|*move 4|*
|choice|*|*move 3
|choice|move bulletpunch|move thousandarrows
|
|move|p1a: Scizor|Bullet Punch|p2a: Zygarde
|-end|p2a: Zygarde|Substitute
|move|p2a: Zygarde|Thousand Arrows|p1a: Scizor
|-damage|p1a: Scizor|60\/343
|
|-heal|p2a: Zygarde|89\/404|[from] item: Leftovers
|upkeep
|turn|33
|choice|*move 4|*
|choice|*|*move 3
|choice|move bulletpunch|move thousandarrows
|
|move|p1a: Scizor|Bullet Punch|p2a: Zygarde
|-damage|p2a: Zygarde|11\/404
|move|p2a: Zygarde|Thousand Arrows|p1a: Scizor
|-damage|p1a: Scizor|0 fnt
|faint|p1a: Scizor
|
|-heal|p2a: Zygarde|36\/404|[from] item: Leftovers
|upkeep
|-message|3M3 se rindió.
|
|win|AdderJo
AdderJo ha ganado 6.75 PokeDolares.
|raw|Puntaje de 3M3: 1442 &rarr; <strong>1414<\/strong><br \/>(-28 por perder)
|raw|Puntaje de AdderJo: 1303 &rarr; <strong>1337<\/strong><br \/>(+34 por ganar)
</script>
</div>
<div class="battle-log battle-log-inline"><div class="inner"><div class="battle-options"></div><div class="inner"><div class=""><small>Format:</small> <br><strong>OU</strong></div><div class="rated"><strong>Rated battle</strong></div><div class=""><small><em>Cláusula-Mod de Dormir:</em> solo puedes dormir a uno de tus oponentes a la vez.</small></div><div class=""><small><em>Cláusula de Especie:</em> Hasta un Pokémon de cada especie</small></div><div class=""><small><em>Cláusula de Golpe Fulminante:</em> los movimientos fulminantes (OHKO) estan prohibidos</small></div><div class=""><small><em>Cláusula de Veleta:</em> la habilidad Veleta está prohibida</small></div><div class=""><small><em>Cláusula de Movimientos Evasivos:</em> los movimientos de Evasión están prohibidos.</small></div><div class=""><small><em>Cláusula de Batallas Eternas:</em> forzar batallas eternas está prohibido</small></div><div class="chat battle-history"><strong>3M3's team:</strong> <em style="color:#445566;display:block;">Scizor / Gastrodon / Jirachi / Gliscor / Kecleon / Reuniclus</em></div><div class="chat battle-history"><strong>AdderJo's team:</strong> <em style="color:#445566;display:block;">Volcarona / Tapu Koko / Zygarde / Gyarados / Landorus-Therian / Kartana</em></div><div class="chat message-error">Reloj de batalla ENCENDIDO. El jugador inactivo será descalificado (solicitado por AdderJo).</div><div class="spacer battle-history"><br></div><div class="battle-history">Battle started between 3M3 and AdderJo!<br></div><div class="spacer battle-history"><br></div><div class="battle-history">Go! <strong>Gliscor</strong>!<br></div><div class="spacer battle-history"><br></div><div class="battle-history">AdderJo sent out Landorus (<strong>Landorus-Therian</strong>)!<br></div><div class="battle-history"><small>[The opposing Landorus's Intimidate]</small><br></div><div class="battle-history"><small>Gliscor's Attack fell!</small><br></div><div class="spacer battle-history"><br></div><h2 class="battle-history">Turn 1</h2><div class="spacer battle-history"><br></div><div class="battle-history">The opposing Landorus used <strong>Stealth Rock</strong>!<br></div><div class="battle-history"><small>Pointed stones float in the air around your team!</small><br></div><div class="spacer battle-history"><br></div><div class="battle-history">Gliscor used <strong>Stealth Rock</strong>!<br></div><div class="battle-history"><small>Pointed stones float in the air around the opposing team!</small><br></div><div class="spacer battle-history"><br></div><div class="battle-history"><small>Gliscor was badly poisoned!</small><br></div><div class="spacer battle-history"><br></div><h2 class="battle-history">Turn 2</h2><div class="spacer battle-history"><br></div><div class="battle-history">The opposing Landorus used <strong>Swords Dance</strong>!<br></div><div class="battle-history"><small>The opposing Landorus's Attack rose sharply!</small><br></div><div class="spacer battle-history"><br></div><div class="battle-history">Gliscor used <strong>Knock Off</strong>!<br></div><div class="battle-history"><small>(The opposing Landorus lost <abbr title="−51/319">16.0%</abbr> of its health!)</small><br></div><div class="battle-history"><small>Gliscor knocked off the opposing Landorus's Focus Sash!</small><br></div><div class="spacer battle-history"><br></div><h2 class="battle-history">Turn 3</h2><div class="spacer battle-history"><br></div><div class="battle-history">The opposing Landorus used <strong>Swords Dance</strong>!<br></div><div class="battle-history"><small>The opposing Landorus's Attack rose sharply!</small><br></div><div class="spacer battle-history"><br></div><div class="battle-history">Gliscor used <strong>Roost</strong>!<br></div><div class="battle-history"><small>But it failed!</small><br></div><div class="spacer battle-history"><br></div><h2 class="battle-history">Turn 4</h2><div class="spacer battle-history"><br></div><div class="battle-history">Gliscor, come back!<br></div><div class="battle-history">Go! <strong>Jirachi</strong>!<br></div><div class="battle-history"><small>Pointed stones dug into Jirachi!</small><br></div><div class="spacer battle-history"><br></div><div class="battle-history">The opposing Landorus used <strong>Explosion</strong>!<br></div><div class="battle-history"><small>It's not very effective...</small><br></div><div class="battle-history"><small>(Jirachi lost <abbr title="−320/341">93.8%</abbr> of its health!)</small><br></div><div class="spacer battle-history"><br></div><div class="battle-history">The opposing Landorus fainted!<br></div><div class="battle-history">Jirachi fainted!<br></div><div class="spacer battle-history"><br></div><div class="battle-history">Go! <strong>Gastrodon</strong>!<br></div><div class="spacer battle-history"><br></div><div class="battle-history">AdderJo sent out <strong>Gyarados</strong>!<br></div><div class="battle-history"><small>Pointed stones dug into the opposing Gyarados!</small><br></div><div class="battle-history"><small>[The opposing Gyarados's Intimidate]</small><br></div><div class="battle-history"><small>Gastrodon's Attack fell!</small><br></div><div class="battle-history"><small>Pointed stones dug into Gastrodon!</small><br></div><div class="spacer battle-history"><br></div><h2 class="battle-history">Turn 5</h2><div class="chat message-error">AdderJo tiene 135 segundos restantes.</div><div class="chat message-error">AdderJo tiene 120 segundos restantes.</div><div class="spacer battle-history"><br></div><div class="battle-history">AdderJo withdrew Gyarados!<br></div><div class="battle-history">AdderJo sent out <strong>Kartana</strong>!<br></div><div class="battle-history"><small>Pointed stones dug into the opposing Kartana!</small><br></div><div class="spacer battle-history"><br></div><div class="battle-history">Gastrodon used <strong>Toxic</strong>!<br></div><div class="battle-history"><small>It doesn't affect the opposing Kartana...</small><br></div><div class="spacer battle-history"><br></div><div class="battle-history"><small>Gastrodon restored a little HP using its Leftovers!</small><br></div><div class="spacer battle-history"><br></div><h2 class="battle-history">Turn 6</h2><div class="spacer battle-history"><br></div><div class="battle-history">Gastrodon, come back!<br></div><div class="battle-history">Go! <strong>Scizor</strong>!<br></div><div class="battle-history"><small>Pointed stones dug into Scizor!</small><br></div><div class="spacer battle-history"><br></div><div class="battle-history">The opposing Kartana used <strong>Leaf Blade</strong>!<br></div><div class="battle-history"><small>It's not very effective...</small><br></div><div class="battle-history"><small>(Scizor lost <abbr title="−39/343">11.4%</abbr> of its health!)</small><br></div><div class="spacer battle-history"><br></div><h2 class="battle-history">Turn 7</h2><div class="spacer battle-history"><br></div><div class="battle-history">AdderJo withdrew Kartana!<br></div><div class="battle-history">AdderJo sent out <strong>Volcarona</strong>!<br></div><div class="battle-history"><small>Pointed stones dug into the opposing Volcarona!</small><br></div><div class="spacer battle-history"><br></div><div class="battle-history"><small>Scizor's Scizorite is reacting to the Key Stone!</small><br>Scizor has Mega Evolved into Mega Scizor!<br></div><div class="spacer battle-history"><br></div><div class="battle-history">Scizor used <strong>U-turn</strong>!<br></div><div class="battle-history"><small>It's not very effective...</small><br></div><div class="battle-history"><small>(The opposing Volcarona lost <abbr title="−76/311">24.4%</abbr> of its health!)</small><br></div><div class="chat message-error">3M3 tiene 135 segundos restantes.</div><div class="spacer battle-history"><br></div><div class="battle-history">Scizor went back to 3M3!<br></div><div class="battle-history">Go! <strong>Gliscor</strong>!<br></div><div class="battle-history"><small>Pointed stones dug into Gliscor!</small><br></div><div class="spacer battle-history"><br></div><div class="battle-history"><small>[Gliscor's Poison Heal]</small><br><small>Gliscor restored its HP.</small><br></div><div class="spacer battle-history"><br></div><h2 class="battle-history">Turn 8</h2><div class="spacer battle-history"><br></div><div class="battle-history"><small>The opposing Volcarona surrounded itself with its Z-Power!</small><br></div><div class="spacer battle-history"><br></div><div class="battle-history">The opposing Volcarona used <strong>Shattered Psyche</strong>!<br></div><div class="battle-history"><small>(Gliscor lost <abbr title="−318/351">90.6%</abbr> of its health!)</small><br></div><div class="spacer battle-history"><br></div><div class="battle-history">Gliscor used <strong>Earthquake</strong>!<br></div><div class="battle-history"><small>(The opposing Volcarona lost <abbr title="−80/311">25.7%</abbr> of its health!)</small><br></div><div class="spacer battle-history"><br></div><div class="battle-history">The opposing Volcarona fainted!<br></div><div class="spacer battle-history"><br></div><div class="battle-history"><small>[Gliscor's Poison Heal]</small><br><small>Gliscor restored its HP.</small><br></div><div class="chat message-error">AdderJo tiene 135 segundos restantes.</div><div class="spacer battle-history"><br></div><div class="battle-history">AdderJo sent out <strong>Tapu Koko</strong>!<br></div><div class="battle-history"><small>Pointed stones dug into the opposing Tapu Koko!</small><br></div><div class="battle-history"><small>[The opposing Tapu Koko's Electric Surge]</small><br><small>An electric current runs across the battlefield!</small><br></div><div class="spacer battle-history"><br></div><h2 class="battle-history">Turn 9</h2><div class="spacer battle-history"><br></div><div class="battle-history">Gliscor, come back!<br></div><div class="battle-history">Go! <strong>Gastrodon</strong>!<br></div><div class="battle-history"><small>Pointed stones dug into Gastrodon!</small><br></div><div class="spacer battle-history"><br></div><div class="battle-history">The opposing Tapu Koko used <strong>Dazzling Gleam</strong>!<br></div><div class="battle-history"><small>(Gastrodon lost <abbr title="−129/425">30.4%</abbr> of its health!)</small><br></div><div class="battle-history"><small>The opposing Tapu Koko lost some of its HP!</small><br></div><div class="spacer battle-history"><br></div><div class="battle-history"><small>Gastrodon restored a little HP using its Leftovers!</small><br></div><div class="spacer battle-history"><br></div><h2 class="battle-history">Turn 10</h2><div class="spacer battle-history"><br></div><div class="battle-history">AdderJo withdrew Tapu Koko!<br></div><div class="battle-history">AdderJo sent out <strong>Kartana</strong>!<br></div><div class="battle-history"><small>Pointed stones dug into the opposing Kartana!</small><br></div><div class="spacer battle-history"><br></div><div class="battle-history">Gastrodon used <strong>Recover</strong>!<br></div><div class="battle-history"><small>Gastrodon restored its HP.</small><br></div><div class="spacer battle-history"><br></div><h2 class="battle-history">Turn 11</h2><div class="spacer battle-history"><br></div><div class="battle-history">Gastrodon, come back!<br></div><div class="battle-history">Go! Scizor (<strong>Scizor-Mega</strong>)!<br></div><div class="battle-history"><small>Pointed stones dug into Scizor!</small><br></div><div class="spacer battle-history"><br></div><div class="battle-history">The opposing Kartana used <strong>Sacred Sword</strong>!<br></div><div class="battle-history"><small>(Scizor lost <abbr title="−80/343">23.3%</abbr> of its health!)</small><br></div><div class="spacer battle-history"><br></div><h2 class="battle-history">Turn 12</h2><div class="spacer battle-history"><br></div><div class="battle-history">The opposing Kartana used <strong>Sacred Sword</strong>!<br></div><div class="battle-history"><small>(Scizor lost <abbr title="−80/343">23.3%</abbr> of its health!)</small><br></div><div class="spacer battle-history"><br></div><div class="battle-history">Scizor used <strong>Roost</strong>!<br></div><div class="battle-history"><small>Scizor restored its HP.</small><br></div><div class="spacer battle-history"><br></div><h2 class="battle-history">Turn 13</h2><div class="spacer battle-history"><br></div><div class="battle-history">AdderJo withdrew Kartana!<br></div><div class="battle-history">AdderJo sent out <strong>Gyarados</strong>!<br></div><div class="battle-history"><small>Pointed stones dug into the opposing Gyarados!</small><br></div><div class="battle-history"><small>[The opposing Gyarados's Intimidate]</small><br></div><div class="battle-history"><small>Scizor's Attack fell!</small><br></div><div class="spacer battle-history"><br></div><div class="battle-history">Scizor used <strong>Roost</strong>!<br></div><div class="battle-history"><small>Scizor restored its HP.</small><br></div><div class="spacer battle-history"><br></div><div class="battle-history"><small>The electricity disappeared from the battlefield.</small><br></div><div class="spacer battle-history"><br></div><h2 class="battle-history">Turn 14</h2><div class="spacer battle-history"><br></div><div class="battle-history"><small>The opposing Gyarados's Gyaradosite is reacting to the Key Stone!</small><br>The opposing Gyarados has Mega Evolved into Mega Gyarados!<br></div><div class="battle-history"><small>[The opposing Gyarados's Mold Breaker]</small><br><small>The opposing Gyarados breaks the mold!</small><br></div><div class="spacer battle-history"><br></div><div class="battle-history">The opposing Gyarados used <strong>Dragon Dance</strong>!<br></div><div class="battle-history"><small>The opposing Gyarados's Attack rose!</small><br></div><div class="battle-history"><small>The opposing Gyarados's Speed rose!</small><br></div><div class="spacer battle-history"><br></div><div class="battle-history">Scizor used <strong>U-turn</strong>!<br></div><div class="battle-history"><small>It's super effective!</small><br></div><div class="battle-history"><small>(The opposing Gyarados lost <abbr title="−158/331">47.7%</abbr> of its health!)</small><br></div><div class="chat message-error">3M3 tiene 135 segundos restantes.</div><div class="spacer battle-history"><br></div><div class="battle-history">Scizor went back to 3M3!<br></div><div class="battle-history">Go! <strong>Gliscor</strong>!<br></div><div class="battle-history"><small>Pointed stones dug into Gliscor!</small><br></div><div class="spacer battle-history"><br></div><div class="battle-history"><small>[Gliscor's Poison Heal]</small><br><small>Gliscor restored its HP.</small><br></div><div class="spacer battle-history"><br></div><h2 class="battle-history">Turn 15</h2><div class="spacer battle-history"><br></div><div class="battle-history">The opposing Gyarados used <strong>Waterfall</strong>!<br></div><div class="battle-history"><small>It's super effective!</small><br></div><div class="battle-history"><small>(Gliscor lost <abbr title="−76/351">21.7%</abbr> of its health!)</small><br></div><div class="spacer battle-history"><br></div><div class="battle-history">Gliscor fainted!<br></div><div class="spacer battle-history"><br></div><div class="battle-history">Go! Scizor (<strong>Scizor-Mega</strong>)!<br></div><div class="battle-history"><small>Pointed stones dug into Scizor!</small><br></div><div class="spacer battle-history"><br></div><h2 class="battle-history">Turn 16</h2><div class="spacer battle-history"><br></div><div class="battle-history">Scizor used <strong>Bullet Punch</strong>!<br></div><div class="battle-history"><small>It's not very effective...</small><br></div><div class="battle-history"><small>(The opposing Gyarados lost <abbr title="−9/331">2.7%</abbr> of its health!)</small><br></div><div class="spacer battle-history"><br></div><div class="battle-history">The opposing Gyarados fainted!<br></div><div class="spacer battle-history"><br></div><div class="battle-history">AdderJo sent out <strong>Tapu Koko</strong>!<br></div><div class="battle-history"><small>Pointed stones dug into the opposing Tapu Koko!</small><br></div><div class="battle-history"><small>[The opposing Tapu Koko's Electric Surge]</small><br><small>An electric current runs across the battlefield!</small><br></div><div class="spacer battle-history"><br></div><h2 class="battle-history">Turn 17</h2><div class="spacer battle-history"><br></div><div class="battle-history">Scizor, come back!<br></div><div class="battle-history">Go! <strong>Gastrodon</strong>!<br></div><div class="battle-history"><small>Pointed stones dug into Gastrodon!</small><br></div><div class="spacer battle-history"><br></div><div class="battle-history">The opposing Tapu Koko used <strong>Thunderbolt</strong>!<br></div><div class="battle-history"><small>It doesn't affect Gastrodon...</small><br></div><div class="spacer battle-history"><br></div><div class="battle-history"><small>Gastrodon restored a little HP using its Leftovers!</small><br></div><div class="spacer battle-history"><br></div><h2 class="battle-history">Turn 18</h2><div class="spacer battle-history"><br></div><div class="battle-history">The opposing Tapu Koko used <strong>Dazzling Gleam</strong>!<br></div><div class="battle-history"><small>(Gastrodon lost <abbr title="−133/425">31.3%</abbr> of its health!)</small><br></div><div class="battle-history"><small>The opposing Tapu Koko lost some of its HP!</small><br></div><div class="spacer battle-history"><br></div><div class="battle-history">Gastrodon used <strong>Toxic</strong>!<br></div><div class="battle-history"><small>The opposing Tapu Koko was badly poisoned!</small><br></div><div class="spacer battle-history"><br></div><div class="battle-history"><small>Gastrodon restored a little HP using its Leftovers!</small><br></div><div class="battle-history"><small>The opposing Tapu Koko was hurt by poison!</small><br></div><div class="spacer battle-history"><br></div><h2 class="battle-history">Turn 19</h2><div class="spacer battle-history"><br></div><div class="battle-history">The opposing Tapu Koko used <strong>Dazzling Gleam</strong>!<br></div><div class="battle-history"><small>(Gastrodon lost <abbr title="−136/425">32%</abbr> of its health!)</small><br></div><div class="battle-history"><small>The opposing Tapu Koko lost some of its HP!</small><br></div><div class="spacer battle-history"><br></div><div class="battle-history">Gastrodon used <strong>Recover</strong>!<br></div><div class="battle-history"><small>Gastrodon restored its HP.</small><br></div><div class="spacer battle-history"><br></div><div class="battle-history"><small>Gastrodon restored a little HP using its Leftovers!</small><br></div><div class="battle-history"><small>The opposing Tapu Koko was hurt by poison!</small><br></div><div class="spacer battle-history"><br></div><h2 class="battle-history">Turn 20</h2><div class="chat message-error">3M3 tiene 135 segundos restantes.</div><div class="spacer battle-history"><br></div><div class="battle-history">The opposing Tapu Koko used <strong>Dazzling Gleam</strong>!<br></div><div class="battle-history"><small>(Gastrodon lost <abbr title="−118/425">27.8%</abbr> of its health!)</small><br></div><div class="battle-history"><small>The opposing Tapu Koko lost some of its HP!</small><br></div><div class="spacer battle-history"><br></div><div class="battle-history">Gastrodon used <strong>Recover</strong>!<br></div><div class="battle-history"><small>Gastrodon restored its HP.</small><br></div><div class="spacer battle-history"><br></div><div class="battle-history"><small>The opposing Tapu Koko was hurt by poison!</small><br></div><div class="spacer battle-history"><br></div><div class="battle-history">The opposing Tapu Koko fainted!<br></div><div class="spacer battle-history"><br></div><div class="battle-history">AdderJo sent out <strong>Zygarde</strong>!<br></div><div class="battle-history"><small>Pointed stones dug into the opposing Zygarde!</small><br></div><div class="battle-history"><small>[The opposing Zygarde's Aura Break]</small><br><small>The opposing Zygarde reversed all other Pokémon's auras!</small><br></div><div class="spacer battle-history"><br></div><h2 class="battle-history">Turn 21</h2><div class="spacer battle-history"><br></div><div class="battle-history">The opposing Zygarde used <strong>Substitute</strong>!<br></div><div class="battle-history"><small>The opposing Zygarde put in a substitute!</small><br></div><div class="battle-history"><small>(The opposing Zygarde lost <abbr title="−101/404">25%</abbr> of its health!)</small><br></div><div class="spacer battle-history"><br></div><div class="battle-history">Gastrodon used <strong>Toxic</strong>!<br></div><div class="battle-history"><small>The opposing Zygarde avoided the attack!</small><br></div><div class="spacer battle-history"><br></div><div class="battle-history"><small>The opposing Zygarde restored a little HP using its Leftovers!</small><br></div><div class="battle-history"><small>The electricity disappeared from the battlefield.</small><br></div><div class="spacer battle-history"><br></div><h2 class="battle-history">Turn 22</h2><div class="spacer battle-history"><br></div><div class="battle-history">Gastrodon, come back!<br></div><div class="battle-history">Go! <strong>Kecleon</strong>!<br></div><div class="battle-history"><small>Pointed stones dug into Kecleon!</small><br></div><div class="spacer battle-history"><br></div><div class="battle-history">The opposing Zygarde used <strong>Dragon Dance</strong>!<br></div><div class="battle-history"><small>The opposing Zygarde's Attack rose!</small><br></div><div class="battle-history"><small>The opposing Zygarde's Speed rose!</small><br></div><div class="spacer battle-history"><br></div><div class="battle-history"><small>The opposing Zygarde restored a little HP using its Leftovers!</small><br></div><div class="spacer battle-history"><br></div><h2 class="battle-history">Turn 23</h2><div class="spacer battle-history"><br></div><div class="battle-history">The opposing Zygarde used <strong>Dragon Dance</strong>!<br></div><div class="battle-history"><small>The opposing Zygarde's Attack rose!</small><br></div><div class="battle-history"><small>The opposing Zygarde's Speed rose!</small><br></div><div class="spacer battle-history"><br></div><div class="battle-history">Kecleon used <strong>Ice Punch</strong>!<br></div><div class="spacer battle-history"><br></div><div class="battle-history"><small>[Kecleon's Protean]</small><br><small>Kecleon transformed into the Ice type!</small><br></div><div class="battle-history"><small>It's super effective!</small><br></div><div class="battle-history"><small>The opposing Zygarde's substitute faded!</small><br></div><div class="spacer battle-history"><br></div><div class="battle-history"><small>The opposing Zygarde restored a little HP using its Leftovers!</small><br></div><div class="spacer battle-history"><br></div><h2 class="battle-history">Turn 24</h2><div class="spacer battle-history"><br></div><div class="battle-history">The opposing Zygarde used <strong>Substitute</strong>!<br></div><div class="battle-history"><small>The opposing Zygarde put in a substitute!</small><br></div><div class="battle-history"><small>(The opposing Zygarde lost <abbr title="−101/404">25%</abbr> of its health!)</small><br></div><div class="spacer battle-history"><br></div><div class="battle-history">Kecleon used <strong>Ice Punch</strong>!<br></div><div class="battle-history"><small>It's super effective!</small><br></div><div class="battle-history"><small>The opposing Zygarde's substitute faded!</small><br></div><div class="spacer battle-history"><br></div><div class="battle-history"><small>The opposing Zygarde restored a little HP using its Leftovers!</small><br></div><div class="spacer battle-history"><br></div><h2 class="battle-history">Turn 25</h2><div class="spacer battle-history"><br></div><div class="battle-history">The opposing Zygarde used <strong>Thousand Arrows</strong>!<br></div><div class="battle-history"><small>(Kecleon lost <abbr title="−281/321">87.5%</abbr> of its health!)</small><br></div><div class="spacer battle-history"><br></div><div class="battle-history">Kecleon fainted!<br></div><div class="spacer battle-history"><br></div><div class="battle-history"><small>The opposing Zygarde restored a little HP using its Leftovers!</small><br></div><div class="spacer battle-history"><br></div><div class="battle-history">Go! <strong>Gastrodon</strong>!<br></div><div class="battle-history"><small>Pointed stones dug into Gastrodon!</small><br></div><div class="spacer battle-history"><br></div><h2 class="battle-history">Turn 26</h2><div class="spacer battle-history"><br></div><div class="battle-history">The opposing Zygarde used <strong>Substitute</strong>!<br></div><div class="battle-history"><small>The opposing Zygarde put in a substitute!</small><br></div><div class="battle-history"><small>(The opposing Zygarde lost <abbr title="−101/404">25%</abbr> of its health!)</small><br></div><div class="spacer battle-history"><br></div><div class="battle-history">Gastrodon used <strong>Scald</strong>!<br></div><div class="battle-history"><small>The substitute took damage for the opposing Zygarde!</small><br></div><div class="spacer battle-history"><br></div><div class="battle-history"><small>The opposing Zygarde restored a little HP using its Leftovers!</small><br></div><div class="battle-history"><small>Gastrodon restored a little HP using its Leftovers!</small><br></div><div class="spacer battle-history"><br></div><h2 class="battle-history">Turn 27</h2><div class="spacer battle-history"><br></div><div class="battle-history">The opposing Zygarde used <strong>Dragon Dance</strong>!<br></div><div class="battle-history"><small>The opposing Zygarde's Attack rose!</small><br></div><div class="battle-history"><small>The opposing Zygarde's Speed rose!</small><br></div><div class="spacer battle-history"><br></div><div class="battle-history">Gastrodon used <strong>Scald</strong>!<br></div><div class="battle-history"><small>The opposing Zygarde's substitute faded!</small><br></div><div class="spacer battle-history"><br></div><div class="battle-history"><small>The opposing Zygarde restored a little HP using its Leftovers!</small><br></div><div class="spacer battle-history"><br></div><h2 class="battle-history">Turn 28</h2><div class="spacer battle-history"><br></div><div class="battle-history">The opposing Zygarde used <strong>Substitute</strong>!<br></div><div class="battle-history"><small>The opposing Zygarde put in a substitute!</small><br></div><div class="battle-history"><small>(The opposing Zygarde lost <abbr title="−101/404">25%</abbr> of its health!)</small><br></div><div class="spacer battle-history"><br></div><div class="battle-history">Gastrodon used <strong>Earth Power</strong>!<br></div><div class="battle-history"><small>The opposing Zygarde's substitute faded!</small><br></div><div class="spacer battle-history"><br></div><div class="battle-history"><small>The opposing Zygarde restored a little HP using its Leftovers!</small><br></div><div class="spacer battle-history"><br></div><h2 class="battle-history">Turn 29</h2><div class="spacer battle-history"><br></div><div class="battle-history">The opposing Zygarde used <strong>Thousand Arrows</strong>!<br></div><div class="battle-history"><small>(Gastrodon lost <abbr title="−418/425">98.4%</abbr> of its health!)</small><br></div><div class="spacer battle-history"><br></div><div class="battle-history">Gastrodon used <strong>Scald</strong>!<br></div><div class="battle-history"><small>(The opposing Zygarde lost <abbr title="−85/404">21.0%</abbr> of its health!)</small><br></div><div class="spacer battle-history"><br></div><div class="battle-history"><small>The opposing Zygarde restored a little HP using its Leftovers!</small><br></div><div class="battle-history"><small>Gastrodon restored a little HP using its Leftovers!</small><br></div><div class="spacer battle-history"><br></div><h2 class="battle-history">Turn 30</h2><div class="spacer battle-history"><br></div><div class="battle-history">The opposing Zygarde used <strong>Substitute</strong>!<br></div><div class="battle-history"><small>The opposing Zygarde put in a substitute!</small><br></div><div class="battle-history"><small>(The opposing Zygarde lost <abbr title="−101/404">25%</abbr> of its health!)</small><br></div><div class="spacer battle-history"><br></div><div class="battle-history">Gastrodon used <strong>Scald</strong>!<br></div><div class="battle-history"><small>The substitute took damage for the opposing Zygarde!</small><br></div><div class="spacer battle-history"><br></div><div class="battle-history"><small>The opposing Zygarde restored a little HP using its Leftovers!</small><br></div><div class="battle-history"><small>Gastrodon restored a little HP using its Leftovers!</small><br></div><div class="spacer battle-history"><br></div><h2 class="battle-history">Turn 31</h2><div class="spacer battle-history"><br></div><div class="battle-history">The opposing Zygarde used <strong>Thousand Arrows</strong>!<br></div><div class="battle-history"><small>A critical hit!</small><br></div><div class="battle-history"><small>(Gastrodon lost <abbr title="−59/425">13.9%</abbr> of its health!)</small><br></div><div class="spacer battle-history"><br></div><div class="battle-history">Gastrodon fainted!<br></div><div class="spacer battle-history"><br></div><div class="battle-history"><small>The opposing Zygarde restored a little HP using its Leftovers!</small><br></div><div class="spacer battle-history"><br></div><div class="battle-history">Go! Scizor (<strong>Scizor-Mega</strong>)!<br></div><div class="battle-history"><small>Pointed stones dug into Scizor!</small><br></div><div class="spacer battle-history"><br></div><h2 class="battle-history">Turn 32</h2><div class="spacer battle-history"><br></div><div class="battle-history">Scizor used <strong>Bullet Punch</strong>!<br></div><div class="battle-history"><small>The opposing Zygarde's substitute faded!</small><br></div><div class="spacer battle-history"><br></div><div class="battle-history">The opposing Zygarde used <strong>Thousand Arrows</strong>!<br></div><div class="battle-history"><small>(Scizor lost <abbr title="−199/343">58.0%</abbr> of its health!)</small><br></div><div class="spacer battle-history"><br></div><div class="battle-history"><small>The opposing Zygarde restored a little HP using its Leftovers!</small><br></div><div class="spacer battle-history"><br></div><h2 class="battle-history">Turn 33</h2><div class="spacer battle-history"><br></div><div class="battle-history">Scizor used <strong>Bullet Punch</strong>!<br></div><div class="battle-history"><small>(The opposing Zygarde lost <abbr title="−78/404">19.3%</abbr> of its health!)</small><br></div><div class="spacer battle-history"><br></div><div class="battle-history">The opposing Zygarde used <strong>Thousand Arrows</strong>!<br></div><div class="battle-history"><small>(Scizor lost <abbr title="−60/343">17.5%</abbr> of its health!)</small><br></div><div class="spacer battle-history"><br></div><div class="battle-history">Scizor fainted!<br></div><div class="spacer battle-history"><br></div><div class="battle-history"><small>The opposing Zygarde restored a little HP using its Leftovers!</small><br></div><div class="spacer battle-history"><br></div><div class="battle-history"><small>3M3 se rindió.</small><br></div><div class="spacer battle-history"><br></div><div class="battle-history"><strong>AdderJo</strong> won the battle!<br></div><div class="chat">AdderJo ha ganado 6.75 PokeDolares.</div><div class="chat">Puntaje de 3M3: 1442 → <strong>1414</strong><br>(-28 por perder)</div><div class="chat">Puntaje de AdderJo: 1303 → <strong>1337</strong><br>(+34 por ganar)</div></div><div class="inner-preempt"></div></div></div>
</div>
<script>
let daily = Math.floor(Date.now()/1000/60/60/24);document.write('<script src="https://play.pokemonshowdown.com/js/replay-embed.js?version'+daily+'"></'+'script>');
</script>
