<!DOCTYPE html>
<meta charset="utf-8" />
<!-- version 1 -->
<title>OU replay: Beppler vs. LuisGR</title>
<style>
html,body {font-family:Verdana, sans-serif;font-size:10pt;margin:0;padding:0;}body{padding:12px 0;} .battle-log {font-family:Verdana, sans-serif;font-size:10pt;} .battle-log-inline {border:1px solid #AAAAAA;background:#EEF2F5;color:black;max-width:640px;margin:0 auto 80px;padding-bottom:5px;} .battle-log .inner {padding:4px 8px 0px 8px;} .battle-log .inner-preempt {padding:0 8px 4px 8px;} .battle-log .inner-after {margin-top:0.5em;} .battle-log h2 {margin:0.5em -8px;padding:4px 8px;border:1px solid #AAAAAA;background:#E0E7EA;border-left:0;border-right:0;font-family:Verdana, sans-serif;font-size:13pt;} .battle-log .chat {vertical-align:middle;padding:3px 0 3px 0;font-size:8pt;} .battle-log .chat strong {color:#40576A;} .battle-log .chat em {padding:1px 4px 1px 3px;color:#000000;font-style:normal;} .chat.mine {background:rgba(0,0,0,0.05);margin-left:-8px;margin-right:-8px;padding-left:8px;padding-right:8px;} .spoiler {color:#BBBBBB;background:#BBBBBB;padding:0px 3px;} .spoiler:hover, .spoiler:active, .spoiler-shown {color:#000000;background:#E2E2E2;padding:0px 3px;} .spoiler a {color:#BBBBBB;} .spoiler:hover a, .spoiler:active a, .spoiler-shown a {color:#2288CC;} .chat code, .chat .spoiler:hover code, .chat .spoiler:active code, .chat .spoiler-shown code {border:1px solid #C0C0C0;background:#EEEEEE;color:black;padding:0 2px;} .chat .spoiler code {border:1px solid #CCCCCC;background:#CCCCCC;color:#CCCCCC;} .battle-log .rated {padding:3px 4px;} .battle-log .rated strong {color:white;background:#89A;padding:1px 4px;border-radius:4px;} .spacer {margin-top:0.5em;} .message-announce {background:#6688AA;color:white;padding:1px 4px 2px;} .message-announce a, .broadcast-green a, .broadcast-blue a, .broadcast-red a {color:#DDEEFF;} .broadcast-green {background-color:#559955;color:white;padding:2px 4px;} .broadcast-blue {background-color:#6688AA;color:white;padding:2px 4px;} .infobox {border:1px solid #6688AA;padding:2px 4px;} .infobox-limited {max-height:200px;overflow:auto;overflow-x:hidden;} .broadcast-red {background-color:#AA5544;color:white;padding:2px 4px;} .message-learn-canlearn {font-weight:bold;color:#228822;text-decoration:underline;} .message-learn-cannotlearn {font-weight:bold;color:#CC2222;text-decoration:underline;} .message-effect-weak {font-weight:bold;color:#CC2222;} .message-effect-resist {font-weight:bold;color:#6688AA;} .message-effect-immune {font-weight:bold;color:#666666;} .message-learn-list {margin-top:0;margin-bottom:0;} .message-throttle-notice, .message-error {color:#992222;} .message-overflow, .chat small.message-overflow {font-size:0pt;} .message-overflow::before {font-size:9pt;content:'...';} .subtle {color:#3A4A66;}
</style>
<div class="wrapper replay-wrapper" style="max-width:1180px;margin:0 auto">
<input type="hidden" name="replayid" value="destiny-ou-545163" />
<div class="battle"></div><div class="battle-log"></div><div class="replay-controls"></div><div class="replay-controls-2"></div>
<h1 style="font-weight:normal;text-align:center"><strong>OU</strong><br /><a href="http://pokemonshowdown.com/users/beppler" class="subtle" target="_blank">Beppler</a> vs. <a href="http://pokemonshowdown.com/users/luisgr" class="subtle" target="_blank">LuisGR</a></h1>
<script type="text/plain" class="battle-log-data">|player|p1|Beppler|crayray-7.gif?4ae84506
|teamsize|p1|6
|player|p2|LuisGR|luisinvgc-18.gif?2ce8da5f
|teamsize|p2|6
|teamsize|p1|6
|teamsize|p2|6
|gametype|singles
|gen|7
|tier|OU
|seed|18360,49115,37456,20119
|rule|Cláusula-Mod de Dormir: solo puedes dormir a uno de tus oponentes a la vez.
|rule|Cláusula de Especie: Hasta un Pokémon de cada especie
|rule|Cláusula de Golpe Fulminante: los movimientos fulminantes (OHKO) estan prohibidos
|rule|Cláusula de Veleta: la habilidad Veleta está prohibida
|rule|Cláusula de Movimientos Evasivos: los movimientos de Evasión están prohibidos.
|rule|Cláusula de Batallas Eternas: forzar batallas eternas está prohibido
|clearpoke
|poke|p1|Medicham, F|item
|poke|p1|Heatran, M|item
|poke|p1|Weavile, M|item
|poke|p1|Tangrowth, M|item
|poke|p1|Tornadus-Therian, M|item
|poke|p1|Zygarde|item
|poke|p2|Greninja, M|item
|poke|p2|Excadrill, M|item
|poke|p2|Sharpedo, M|item
|poke|p2|Zygarde|item
|poke|p2|Gyarados, M|item
|poke|p2|Magearna|item
|teampreview|undefined
|c|☆Beppler|uff
|c|☆Beppler|
|c|☆LuisGR|
|choice|*team 123456|*
|choice|*|*team 523416
|choice|team 1, 2, 3, 4, 5, 6|team 5, 2, 3, 4, 1, 6
|
|start
|switch|p1a: Medicham|Medicham, F|261\/261
|switch|p2a: Gyarados|Gyarados, M|331\/331
|turn|1
|choice|*move 1 mega|*
|choice|*|*switch 5
|choice|move fakeout mega|switch 5
|
|switch|p2a: Greninja|Greninja, M|285\/285
|-mega|p1a: Medicham|Medicham|Medichamite
|detailschange|p1a: Medicham|Medicham-Mega, F
|move|p1a: Medicham|Fake Out|p2a: Greninja
|-damage|p2a: Greninja|174\/285
|
|upkeep
|turn|2
|choice|*|*move 1
|choice|*move 2|*
|choice|move highjumpkick|move spikes
|
|move|p2a: Greninja|Spikes|p1a: Medicham
|-start|p2a: Greninja|typechange|Ground|[from] Protean
|-sidestart|p1: Beppler|Spikes
|move|p1a: Medicham|High Jump Kick|p2a: Greninja
|-damage|p2a: Greninja|0 fnt
|faint|p2a: Greninja
|
|upkeep
|choice|*|*switch 2
|choice||switch 2
|
|switch|p2a: Excadrill|Excadrill, M|362\/362
|-ability|p2a: Excadrill|Mold Breaker
|turn|3
|choice|*|*move 1
|choice|*move 2|*
|choice|move highjumpkick|move stealthrock
|
|move|p1a: Medicham|High Jump Kick|p2a: Excadrill
|-supereffective|p2a: Excadrill
|-enditem|p2a: Excadrill|Focus Sash
|-damage|p2a: Excadrill|1\/362
|move|p2a: Excadrill|Stealth Rock|p1a: Medicham
|-sidestart|p1: Beppler|move: Stealth Rock
|
|upkeep
|turn|4
|choice|*|*move 3
|c|☆Beppler|a
|c|☆LuisGR|e
|choice|*move 4|*
|choice|move icepunch|move earthquake
|
|move|p1a: Medicham|Ice Punch|p2a: Excadrill
|-damage|p2a: Excadrill|0 fnt
|faint|p2a: Excadrill
|
|upkeep
|choice|*|*switch 3
|choice||switch 3
|
|switch|p2a: Sharpedo|Sharpedo, M|281\/281
|turn|5
|player|p1|
|choice|*|*move 4
|player|p1|Beppler|crayray-7.gif?4ae84506
|choice|*|*move 3
|c|☆Beppler|y el rock tomb?
|c|☆Beppler|
|c|☆LuisGR|n tiene
|c|☆LuisGR|
|c|☆Beppler|jajaja
|c|☆LuisGR|unteam
|c|☆Beppler|que clase de lead exca es ese
|c|☆Beppler|sin tomb
|c|☆LuisGR|idk, teams tuneros
|c|☆Beppler|pta madre
|c|☆Beppler|el sharpedo
|c|☆LuisGR|te rompe
|c|☆Beppler|rompe este team
|c|☆LuisGR|ik
|c|☆Beppler|cy
|c|☆Beppler|test
|choice|*move 2|*
|choice|move highjumpkick|move crunch
|
|move|p1a: Medicham|High Jump Kick|p2a: Sharpedo
|-supereffective|p2a: Sharpedo
|-damage|p2a: Sharpedo|0 fnt
|faint|p2a: Sharpedo
|
|upkeep
|c|☆LuisGR|KKKKK
|c|☆LuisGR|KKKKKK
|choice|*|*switch 5
|choice||switch 5
|
|switch|p2a: Gyarados|Gyarados, M|331\/331
|turn|6
|choice|*|*move 1
|c|☆LuisGR|tremendo
|c|☆LuisGR|hdp
|c|☆LuisGR|jajajajaja
|c|☆Beppler|jajaja
|c|☆Beppler|si me salio
|c|☆Beppler|op
|c|☆LuisGR|te mamas
|c|☆Beppler|es que
|c|☆Beppler|pense el switch era algo obvio
|c|☆LuisGR|ya me explotó la cabeza aquí jeje
|c|☆LuisGR|y si
|c|☆Beppler|y no irias protecc para perder 1 turn de damage
|c|☆LuisGR|pero era lo más safe
|c|☆LuisGR|riskeaste machin ahi xd
|c|☆Beppler|pero era eso
|c|☆Beppler|o me rempia
|c|☆Beppler|rompia*
|c|☆LuisGR|eso si
|choice|*move 3|*
|choice|move zenheadbutt|move dragondance
|
|move|p1a: Medicham|Zen Headbutt|p2a: Gyarados
|-damage|p2a: Gyarados|37\/331
|move|p2a: Gyarados|Dragon Dance|p2a: Gyarados
|-boost|p2a: Gyarados|atk|1
|-boost|p2a: Gyarados|spe|1
|
|upkeep
|turn|7
|c|☆LuisGR|test
|c|☆Beppler|same
|choice|*switch 5|*
|choice|*|*move 3 zmove
|choice|switch 5|move bounce zmove
|
|switch|p1a: Tornadus|Tornadus-Therian, M|331\/331
|-damage|p1a: Tornadus|249\/331|[from] Stealth Rock
|-zpower|p2a: Gyarados
|move|p2a: Gyarados|Supersonic Skystrike|p1a: Tornadus|[zeffect]
|-damage|p1a: Tornadus|0 fnt
|faint|p1a: Tornadus
|-ability|p2a: Gyarados|Moxie|boost
|-boost|p2a: Gyarados|atk|1
|
|upkeep
|c|☆Beppler|puta madre ando tan lag
|c|☆Beppler|que me sale el sharp esta vivo aun
|c|☆Beppler|jajaja
|choice|*switch 5|*
|choice|switch 5|
|
|switch|p1a: Medicham|Medicham-Mega, F|261\/261
|-damage|p1a: Medicham|229\/261|[from] Spikes
|-damage|p1a: Medicham|213\/261|[from] Stealth Rock
|turn|8
|c|☆LuisGR|jajajaja
|choice|*move 1|*
|choice|*|*switch 4
|choice|move fakeout|switch 4
|
|switch|p2a: Zygarde|Zygarde|404\/404
|-ability|p2a: Zygarde|Aura Break
|move|p1a: Medicham|Fake Out|p2a: Zygarde
|-damage|p2a: Zygarde|331\/404
|
|upkeep
|turn|9
|choice|*|*move 1
|choice|*move 4|*
|choice|move icepunch|move dragondance
|
|move|p1a: Medicham|Ice Punch|p2a: Zygarde
|-supereffective|p2a: Zygarde
|-damage|p2a: Zygarde|0 fnt
|faint|p2a: Zygarde
|
|upkeep
|choice|*|*switch 6
|choice||switch 6
|
|switch|p2a: Magearna|Magearna|363\/363
|turn|10
|choice|*|*move 1
|choice|*move 2|*
|choice|move highjumpkick|move shiftgear
|
|move|p1a: Medicham|High Jump Kick|p2a: Magearna
|-damage|p2a: Magearna|35\/363
|move|p2a: Magearna|Shift Gear|p2a: Magearna
|-boost|p2a: Magearna|spe|2
|-boost|p2a: Magearna|atk|1
|
|-heal|p2a: Magearna|57\/363|[from] item: Leftovers
|upkeep
|turn|11
|c|☆LuisGR|tanked
|c|☆Beppler|gg amiga
|choice|*|*move 4
|c|☆Beppler|y si
|choice|*|*move 3
|c|☆LuisGR|gg mami
|c|☆LuisGR|fuga a dou
|c|☆LuisGR|:v
|choice|*switch 4|*
|choice|switch 4|move thunderbolt
|
|switch|p1a: Tangrowth|Tangrowth, M|404\/404
|-damage|p1a: Tangrowth|354\/404|[from] Spikes
|-damage|p1a: Tangrowth|304\/404|[from] Stealth Rock
|move|p2a: Magearna|Thunderbolt|p1a: Tangrowth
|-resisted|p1a: Tangrowth
|-damage|p1a: Tangrowth|265\/404
|
|-heal|p2a: Magearna|79\/363|[from] item: Leftovers
|upkeep
|turn|12
|choice|*move 2|*
|choice|*|*move 4
|choice|move earthquake|move flashcannon
|
|move|p2a: Magearna|Flash Cannon|p1a: Tangrowth
|-damage|p1a: Tangrowth|159\/404
|move|p1a: Tangrowth|Earthquake|p2a: Magearna
|-supereffective|p2a: Magearna
|-damage|p2a: Magearna|0 fnt
|faint|p2a: Magearna
|
|upkeep
|choice|*|*switch 4
|choice||switch 4
|
|switch|p2a: Gyarados|Gyarados, M|37\/331
|turn|13
|c| marcoco|d_d
|c|☆Beppler|damn
|c| marcoco|o.O
|-message|LuisGR se rindió.
|
|win|Beppler
|c|☆Beppler|hora de sacar los samples
</script>
</div>
<div class="battle-log battle-log-inline"><div class="inner"><div class="battle-options"></div><div class="inner"><div class=""><small>Format:</small> <br><strong>OU</strong></div><div class=""><small><em>Cláusula-Mod de Dormir:</em> solo puedes dormir a uno de tus oponentes a la vez.</small></div><div class=""><small><em>Cláusula de Especie:</em> Hasta un Pokémon de cada especie</small></div><div class=""><small><em>Cláusula de Golpe Fulminante:</em> los movimientos fulminantes (OHKO) estan prohibidos</small></div><div class=""><small><em>Cláusula de Veleta:</em> la habilidad Veleta está prohibida</small></div><div class=""><small><em>Cláusula de Movimientos Evasivos:</em> los movimientos de Evasión están prohibidos.</small></div><div class=""><small><em>Cláusula de Batallas Eternas:</em> forzar batallas eternas está prohibido</small></div><div class="chat battle-history"><strong>Beppler's team:</strong> <em style="color:#445566;display:block;">Medicham / Heatran / Weavile / Tangrowth / Tornadus-Therian / Zygarde</em></div><div class="chat battle-history"><strong>LuisGR's team:</strong> <em style="color:#445566;display:block;">Greninja / Excadrill / Sharpedo / Zygarde / Gyarados / Magearna</em></div><div class="chat chatmessage-beppler"><strong style="color:hsl(118,73%,37.93733867614693%)"><small>☆</small><span class="username" data-name="Beppler">Beppler</span>:</strong> <em>uff</em></div><div class="chat chatmessage-beppler"><strong style="color:hsl(118,73%,37.93733867614693%)"><small>☆</small><span class="username" data-name="Beppler">Beppler</span>:</strong> <em></em></div><div class="chat chatmessage-luisgr"><strong style="color:hsl(74,49%,36%)"><small>☆</small><span class="username" data-name="LuisGR">LuisGR</span>:</strong> <em></em></div><div class="spacer battle-history"><br></div><div class="battle-history">Battle started between Beppler and LuisGR!<br></div><div class="spacer battle-history"><br></div><div class="battle-history">Go! <strong>Medicham</strong>!<br></div><div class="spacer battle-history"><br></div><div class="battle-history">LuisGR sent out <strong>Gyarados</strong>!<br></div><div class="spacer battle-history"><br></div><h2 class="battle-history">Turn 1</h2><div class="spacer battle-history"><br></div><div class="battle-history">LuisGR withdrew Gyarados!<br></div><div class="battle-history">LuisGR sent out <strong>Greninja</strong>!<br></div><div class="spacer battle-history"><br></div><div class="battle-history"><small>Medicham's Medichamite is reacting to the Key Stone!</small><br>Medicham has Mega Evolved into Mega Medicham!<br></div><div class="spacer battle-history"><br></div><div class="battle-history">Medicham used <strong>Fake Out</strong>!<br></div><div class="battle-history"><small>(The opposing Greninja lost <abbr title="−111/285">38.9%</abbr> of its health!)</small><br></div><div class="spacer battle-history"><br></div><h2 class="battle-history">Turn 2</h2><div class="spacer battle-history"><br></div><div class="battle-history">The opposing Greninja used <strong>Spikes</strong>!<br></div><div class="spacer battle-history"><br></div><div class="battle-history"><small>[The opposing Greninja's Protean]</small><br><small>The opposing Greninja transformed into the Ground type!</small><br></div><div class="battle-history"><small>Spikes were scattered on the ground all around your team!</small><br></div><div class="spacer battle-history"><br></div><div class="battle-history">Medicham used <strong>High Jump Kick</strong>!<br></div><div class="battle-history"><small>(The opposing Greninja lost <abbr title="−174/285">61.1%</abbr> of its health!)</small><br></div><div class="spacer battle-history"><br></div><div class="battle-history">The opposing Greninja fainted!<br></div><div class="spacer battle-history"><br></div><div class="battle-history">LuisGR sent out <strong>Excadrill</strong>!<br></div><div class="battle-history"><small>[The opposing Excadrill's Mold Breaker]</small><br><small>The opposing Excadrill breaks the mold!</small><br></div><div class="spacer battle-history"><br></div><h2 class="battle-history">Turn 3</h2><div class="spacer battle-history"><br></div><div class="battle-history">Medicham used <strong>High Jump Kick</strong>!<br></div><div class="battle-history"><small>It's super effective!</small><br></div><div class="battle-history"><small>The opposing Excadrill hung on using its Focus Sash!</small><br></div><div class="battle-history"><small>(The opposing Excadrill lost <abbr title="−361/362">99.7%</abbr> of its health!)</small><br></div><div class="spacer battle-history"><br></div><div class="battle-history">The opposing Excadrill used <strong>Stealth Rock</strong>!<br></div><div class="battle-history"><small>Pointed stones float in the air around your team!</small><br></div><div class="spacer battle-history"><br></div><h2 class="battle-history">Turn 4</h2><div class="chat chatmessage-beppler"><strong style="color:hsl(118,73%,37.93733867614693%)"><small>☆</small><span class="username" data-name="Beppler">Beppler</span>:</strong> <em>a</em></div><div class="chat chatmessage-luisgr"><strong style="color:hsl(74,49%,36%)"><small>☆</small><span class="username" data-name="LuisGR">LuisGR</span>:</strong> <em>e</em></div><div class="spacer battle-history"><br></div><div class="battle-history">Medicham used <strong>Ice Punch</strong>!<br></div><div class="battle-history"><small>(The opposing Excadrill lost <abbr title="−1/362">0.3%</abbr> of its health!)</small><br></div><div class="spacer battle-history"><br></div><div class="battle-history">The opposing Excadrill fainted!<br></div><div class="spacer battle-history"><br></div><div class="battle-history">LuisGR sent out <strong>Sharpedo</strong>!<br></div><div class="spacer battle-history"><br></div><h2 class="battle-history">Turn 5</h2><div class="chat chatmessage-beppler"><strong style="color:hsl(118,73%,37.93733867614693%)"><small>☆</small><span class="username" data-name="Beppler">Beppler</span>:</strong> <em>y el rock tomb?</em></div><div class="chat chatmessage-beppler"><strong style="color:hsl(118,73%,37.93733867614693%)"><small>☆</small><span class="username" data-name="Beppler">Beppler</span>:</strong> <em></em></div><div class="chat chatmessage-luisgr"><strong style="color:hsl(74,49%,36%)"><small>☆</small><span class="username" data-name="LuisGR">LuisGR</span>:</strong> <em>n tiene</em></div><div class="chat chatmessage-luisgr"><strong style="color:hsl(74,49%,36%)"><small>☆</small><span class="username" data-name="LuisGR">LuisGR</span>:</strong> <em></em></div><div class="chat chatmessage-beppler"><strong style="color:hsl(118,73%,37.93733867614693%)"><small>☆</small><span class="username" data-name="Beppler">Beppler</span>:</strong> <em>jajaja</em></div><div class="chat chatmessage-luisgr"><strong style="color:hsl(74,49%,36%)"><small>☆</small><span class="username" data-name="LuisGR">LuisGR</span>:</strong> <em>unteam</em></div><div class="chat chatmessage-beppler"><strong style="color:hsl(118,73%,37.93733867614693%)"><small>☆</small><span class="username" data-name="Beppler">Beppler</span>:</strong> <em>que clase de lead exca es ese</em></div><div class="chat chatmessage-beppler"><strong style="color:hsl(118,73%,37.93733867614693%)"><small>☆</small><span class="username" data-name="Beppler">Beppler</span>:</strong> <em>sin tomb</em></div><div class="chat chatmessage-luisgr"><strong style="color:hsl(74,49%,36%)"><small>☆</small><span class="username" data-name="LuisGR">LuisGR</span>:</strong> <em>idk, teams tuneros</em></div><div class="chat chatmessage-beppler"><strong style="color:hsl(118,73%,37.93733867614693%)"><small>☆</small><span class="username" data-name="Beppler">Beppler</span>:</strong> <em>pta madre</em></div><div class="chat chatmessage-beppler"><strong style="color:hsl(118,73%,37.93733867614693%)"><small>☆</small><span class="username" data-name="Beppler">Beppler</span>:</strong> <em>el sharpedo</em></div><div class="chat chatmessage-luisgr"><strong style="color:hsl(74,49%,36%)"><small>☆</small><span class="username" data-name="LuisGR">LuisGR</span>:</strong> <em>te rompe</em></div><div class="chat chatmessage-beppler"><strong style="color:hsl(118,73%,37.93733867614693%)"><small>☆</small><span class="username" data-name="Beppler">Beppler</span>:</strong> <em>rompe este team</em></div><div class="chat chatmessage-luisgr"><strong style="color:hsl(74,49%,36%)"><small>☆</small><span class="username" data-name="LuisGR">LuisGR</span>:</strong> <em>ik</em></div><div class="chat chatmessage-beppler"><strong style="color:hsl(118,73%,37.93733867614693%)"><small>☆</small><span class="username" data-name="Beppler">Beppler</span>:</strong> <em>cy</em></div><div class="chat chatmessage-beppler"><strong style="color:hsl(118,73%,37.93733867614693%)"><small>☆</small><span class="username" data-name="Beppler">Beppler</span>:</strong> <em>test</em></div><div class="spacer battle-history"><br></div><div class="battle-history">Medicham used <strong>High Jump Kick</strong>!<br></div><div class="battle-history"><small>It's super effective!</small><br></div><div class="battle-history"><small>(The opposing Sharpedo lost <abbr title="−281/281">100%</abbr> of its health!)</small><br></div><div class="spacer battle-history"><br></div><div class="battle-history">The opposing Sharpedo fainted!<br></div><div class="chat chatmessage-luisgr"><strong style="color:hsl(74,49%,36%)"><small>☆</small><span class="username" data-name="LuisGR">LuisGR</span>:</strong> <em>KKKKK</em></div><div class="chat chatmessage-luisgr"><strong style="color:hsl(74,49%,36%)"><small>☆</small><span class="username" data-name="LuisGR">LuisGR</span>:</strong> <em>KKKKKK</em></div><div class="spacer battle-history"><br></div><div class="battle-history">LuisGR sent out <strong>Gyarados</strong>!<br></div><div class="spacer battle-history"><br></div><h2 class="battle-history">Turn 6</h2><div class="chat chatmessage-luisgr"><strong style="color:hsl(74,49%,36%)"><small>☆</small><span class="username" data-name="LuisGR">LuisGR</span>:</strong> <em>tremendo</em></div><div class="chat chatmessage-luisgr"><strong style="color:hsl(74,49%,36%)"><small>☆</small><span class="username" data-name="LuisGR">LuisGR</span>:</strong> <em>hdp</em></div><div class="chat chatmessage-luisgr"><strong style="color:hsl(74,49%,36%)"><small>☆</small><span class="username" data-name="LuisGR">LuisGR</span>:</strong> <em>jajajajaja</em></div><div class="chat chatmessage-beppler"><strong style="color:hsl(118,73%,37.93733867614693%)"><small>☆</small><span class="username" data-name="Beppler">Beppler</span>:</strong> <em>jajaja</em></div><div class="chat chatmessage-beppler"><strong style="color:hsl(118,73%,37.93733867614693%)"><small>☆</small><span class="username" data-name="Beppler">Beppler</span>:</strong> <em>si me salio</em></div><div class="chat chatmessage-beppler"><strong style="color:hsl(118,73%,37.93733867614693%)"><small>☆</small><span class="username" data-name="Beppler">Beppler</span>:</strong> <em>op</em></div><div class="chat chatmessage-luisgr"><strong style="color:hsl(74,49%,36%)"><small>☆</small><span class="username" data-name="LuisGR">LuisGR</span>:</strong> <em>te mamas</em></div><div class="chat chatmessage-beppler"><strong style="color:hsl(118,73%,37.93733867614693%)"><small>☆</small><span class="username" data-name="Beppler">Beppler</span>:</strong> <em>es que</em></div><div class="chat chatmessage-beppler"><strong style="color:hsl(118,73%,37.93733867614693%)"><small>☆</small><span class="username" data-name="Beppler">Beppler</span>:</strong> <em>pense el switch era algo obvio</em></div><div class="chat chatmessage-luisgr"><strong style="color:hsl(74,49%,36%)"><small>☆</small><span class="username" data-name="LuisGR">LuisGR</span>:</strong> <em>ya me explotó la cabeza aquí jeje</em></div><div class="chat chatmessage-luisgr"><strong style="color:hsl(74,49%,36%)"><small>☆</small><span class="username" data-name="LuisGR">LuisGR</span>:</strong> <em>y si</em></div><div class="chat chatmessage-beppler"><strong style="color:hsl(118,73%,37.93733867614693%)"><small>☆</small><span class="username" data-name="Beppler">Beppler</span>:</strong> <em>y no irias protecc para perder 1 turn de damage</em></div><div class="chat chatmessage-luisgr"><strong style="color:hsl(74,49%,36%)"><small>☆</small><span class="username" data-name="LuisGR">LuisGR</span>:</strong> <em>pero era lo más safe</em></div><div class="chat chatmessage-luisgr"><strong style="color:hsl(74,49%,36%)"><small>☆</small><span class="username" data-name="LuisGR">LuisGR</span>:</strong> <em>riskeaste machin ahi xd</em></div><div class="chat chatmessage-beppler"><strong style="color:hsl(118,73%,37.93733867614693%)"><small>☆</small><span class="username" data-name="Beppler">Beppler</span>:</strong> <em>pero era eso</em></div><div class="chat chatmessage-beppler"><strong style="color:hsl(118,73%,37.93733867614693%)"><small>☆</small><span class="username" data-name="Beppler">Beppler</span>:</strong> <em>o me rempia</em></div><div class="chat chatmessage-beppler"><strong style="color:hsl(118,73%,37.93733867614693%)"><small>☆</small><span class="username" data-name="Beppler">Beppler</span>:</strong> <em>rompia*</em></div><div class="chat chatmessage-luisgr"><strong style="color:hsl(74,49%,36%)"><small>☆</small><span class="username" data-name="LuisGR">LuisGR</span>:</strong> <em>eso si</em></div><div class="spacer battle-history"><br></div><div class="battle-history">Medicham used <strong>Zen Headbutt</strong>!<br></div><div class="battle-history"><small>(The opposing Gyarados lost <abbr title="−294/331">88.8%</abbr> of its health!)</small><br></div><div class="spacer battle-history"><br></div><div class="battle-history">The opposing Gyarados used <strong>Dragon Dance</strong>!<br></div><div class="battle-history"><small>The opposing Gyarados's Attack rose!</small><br></div><div class="battle-history"><small>The opposing Gyarados's Speed rose!</small><br></div><div class="spacer battle-history"><br></div><h2 class="battle-history">Turn 7</h2><div class="chat chatmessage-luisgr"><strong style="color:hsl(74,49%,36%)"><small>☆</small><span class="username" data-name="LuisGR">LuisGR</span>:</strong> <em>test</em></div><div class="chat chatmessage-beppler"><strong style="color:hsl(118,73%,37.93733867614693%)"><small>☆</small><span class="username" data-name="Beppler">Beppler</span>:</strong> <em>same</em></div><div class="spacer battle-history"><br></div><div class="battle-history">Medicham, come back!<br></div><div class="battle-history">Go! Tornadus (<strong>Tornadus-Therian</strong>)!<br></div><div class="battle-history"><small>Pointed stones dug into Tornadus!</small><br></div><div class="battle-history"><small>The opposing Gyarados surrounded itself with its Z-Power!</small><br></div><div class="spacer battle-history"><br></div><div class="battle-history">The opposing Gyarados used <strong>Supersonic Skystrike</strong>!<br></div><div class="battle-history"><small>(Tornadus lost <abbr title="−249/331">75.2%</abbr> of its health!)</small><br></div><div class="spacer battle-history"><br></div><div class="battle-history">Tornadus fainted!<br></div><div class="battle-history"><small>[The opposing Gyarados's Moxie]</small><br></div><div class="battle-history"><small>The opposing Gyarados's Attack rose!</small><br></div><div class="chat chatmessage-beppler"><strong style="color:hsl(118,73%,37.93733867614693%)"><small>☆</small><span class="username" data-name="Beppler">Beppler</span>:</strong> <em>puta madre ando tan lag</em></div><div class="chat chatmessage-beppler"><strong style="color:hsl(118,73%,37.93733867614693%)"><small>☆</small><span class="username" data-name="Beppler">Beppler</span>:</strong> <em>que me sale el sharp esta vivo aun</em></div><div class="chat chatmessage-beppler"><strong style="color:hsl(118,73%,37.93733867614693%)"><small>☆</small><span class="username" data-name="Beppler">Beppler</span>:</strong> <em>jajaja</em></div><div class="spacer battle-history"><br></div><div class="battle-history">Go! Medicham (<strong>Medicham-Mega</strong>)!<br></div><div class="battle-history"><small>Medicham is hurt by the spikes!</small><br></div><div class="battle-history"><small>Pointed stones dug into Medicham!</small><br></div><div class="spacer battle-history"><br></div><h2 class="battle-history">Turn 8</h2><div class="chat chatmessage-luisgr"><strong style="color:hsl(74,49%,36%)"><small>☆</small><span class="username" data-name="LuisGR">LuisGR</span>:</strong> <em>jajajaja</em></div><div class="spacer battle-history"><br></div><div class="battle-history">LuisGR withdrew Gyarados!<br></div><div class="battle-history">LuisGR sent out <strong>Zygarde</strong>!<br></div><div class="battle-history"><small>[The opposing Zygarde's Aura Break]</small><br><small>The opposing Zygarde reversed all other Pokémon's auras!</small><br></div><div class="spacer battle-history"><br></div><div class="battle-history">Medicham used <strong>Fake Out</strong>!<br></div><div class="battle-history"><small>(The opposing Zygarde lost <abbr title="−73/404">18.1%</abbr> of its health!)</small><br></div><div class="spacer battle-history"><br></div><h2 class="battle-history">Turn 9</h2><div class="spacer battle-history"><br></div><div class="battle-history">Medicham used <strong>Ice Punch</strong>!<br></div><div class="battle-history"><small>It's super effective!</small><br></div><div class="battle-history"><small>(The opposing Zygarde lost <abbr title="−331/404">81.9%</abbr> of its health!)</small><br></div><div class="spacer battle-history"><br></div><div class="battle-history">The opposing Zygarde fainted!<br></div><div class="spacer battle-history"><br></div><div class="battle-history">LuisGR sent out <strong>Magearna</strong>!<br></div><div class="spacer battle-history"><br></div><h2 class="battle-history">Turn 10</h2><div class="spacer battle-history"><br></div><div class="battle-history">Medicham used <strong>High Jump Kick</strong>!<br></div><div class="battle-history"><small>(The opposing Magearna lost <abbr title="−328/363">90.4%</abbr> of its health!)</small><br></div><div class="spacer battle-history"><br></div><div class="battle-history">The opposing Magearna used <strong>Shift Gear</strong>!<br></div><div class="battle-history"><small>The opposing Magearna's Speed rose sharply!</small><br></div><div class="battle-history"><small>The opposing Magearna's Attack rose!</small><br></div><div class="spacer battle-history"><br></div><div class="battle-history"><small>The opposing Magearna restored a little HP using its Leftovers!</small><br></div><div class="spacer battle-history"><br></div><h2 class="battle-history">Turn 11</h2><div class="chat chatmessage-luisgr"><strong style="color:hsl(74,49%,36%)"><small>☆</small><span class="username" data-name="LuisGR">LuisGR</span>:</strong> <em>tanked</em></div><div class="chat chatmessage-beppler"><strong style="color:hsl(118,73%,37.93733867614693%)"><small>☆</small><span class="username" data-name="Beppler">Beppler</span>:</strong> <em>gg amiga</em></div><div class="chat chatmessage-beppler"><strong style="color:hsl(118,73%,37.93733867614693%)"><small>☆</small><span class="username" data-name="Beppler">Beppler</span>:</strong> <em>y si</em></div><div class="chat chatmessage-luisgr"><strong style="color:hsl(74,49%,36%)"><small>☆</small><span class="username" data-name="LuisGR">LuisGR</span>:</strong> <em>gg mami</em></div><div class="chat chatmessage-luisgr"><strong style="color:hsl(74,49%,36%)"><small>☆</small><span class="username" data-name="LuisGR">LuisGR</span>:</strong> <em>fuga a dou</em></div><div class="chat chatmessage-luisgr"><strong style="color:hsl(74,49%,36%)"><small>☆</small><span class="username" data-name="LuisGR">LuisGR</span>:</strong> <em>:v</em></div><div class="spacer battle-history"><br></div><div class="battle-history">Medicham, come back!<br></div><div class="battle-history">Go! <strong>Tangrowth</strong>!<br></div><div class="battle-history"><small>Tangrowth is hurt by the spikes!</small><br></div><div class="battle-history"><small>Pointed stones dug into Tangrowth!</small><br></div><div class="spacer battle-history"><br></div><div class="battle-history">The opposing Magearna used <strong>Thunderbolt</strong>!<br></div><div class="battle-history"><small>It's not very effective...</small><br></div><div class="battle-history"><small>(Tangrowth lost <abbr title="−39/404">9.7%</abbr> of its health!)</small><br></div><div class="spacer battle-history"><br></div><div class="battle-history"><small>The opposing Magearna restored a little HP using its Leftovers!</small><br></div><div class="spacer battle-history"><br></div><h2 class="battle-history">Turn 12</h2><div class="spacer battle-history"><br></div><div class="battle-history">The opposing Magearna used <strong>Flash Cannon</strong>!<br></div><div class="battle-history"><small>(Tangrowth lost <abbr title="−106/404">26.2%</abbr> of its health!)</small><br></div><div class="spacer battle-history"><br></div><div class="battle-history">Tangrowth used <strong>Earthquake</strong>!<br></div><div class="battle-history"><small>It's super effective!</small><br></div><div class="battle-history"><small>(The opposing Magearna lost <abbr title="−79/363">21.8%</abbr> of its health!)</small><br></div><div class="spacer battle-history"><br></div><div class="battle-history">The opposing Magearna fainted!<br></div><div class="spacer battle-history"><br></div><div class="battle-history">LuisGR sent out <strong>Gyarados</strong>!<br></div><div class="spacer battle-history"><br></div><h2 class="battle-history">Turn 13</h2><div class="chat chatmessage-marcoco"><strong style="color:hsl(5,46%,51.4876419042%)"><small> </small><span class="username" data-name="marcoco">marcoco</span>:</strong> <em>d_d</em></div><div class="chat chatmessage-beppler"><strong style="color:hsl(118,73%,37.93733867614693%)"><small>☆</small><span class="username" data-name="Beppler">Beppler</span>:</strong> <em>damn</em></div><div class="chat chatmessage-marcoco"><strong style="color:hsl(5,46%,51.4876419042%)"><small> </small><span class="username" data-name="marcoco">marcoco</span>:</strong> <em>o.O</em></div><div class="spacer battle-history"><br></div><div class="battle-history"><small>LuisGR se rindió.</small><br></div><div class="spacer battle-history"><br></div><div class="battle-history"><strong>Beppler</strong> won the battle!<br></div><div class="chat chatmessage-beppler"><strong style="color:hsl(118,73%,37.93733867614693%)"><small>☆</small><span class="username" data-name="Beppler">Beppler</span>:</strong> <em>hora de sacar los samples</em></div></div><div class="inner-preempt"></div></div></div>
</div>
<script>
let daily = Math.floor(Date.now()/1000/60/60/24);document.write('<script src="https://play.pokemonshowdown.com/js/replay-embed.js?version'+daily+'"></'+'script>');
</script>
