<!DOCTYPE html>
<meta charset="utf-8" />
<!-- version 1 -->
<title>OU replay: VetDancX vs. loubren</title>
<style>
html,body {font-family:Verdana, sans-serif;font-size:10pt;margin:0;padding:0;}body{padding:12px 0;} .battle-log {font-family:Verdana, sans-serif;font-size:10pt;} .battle-log-inline {border:1px solid #AAAAAA;background:#EEF2F5;color:black;max-width:640px;margin:0 auto 80px;padding-bottom:5px;} .battle-log .inner {padding:4px 8px 0px 8px;} .battle-log .inner-preempt {padding:0 8px 4px 8px;} .battle-log .inner-after {margin-top:0.5em;} .battle-log h2 {margin:0.5em -8px;padding:4px 8px;border:1px solid #AAAAAA;background:#E0E7EA;border-left:0;border-right:0;font-family:Verdana, sans-serif;font-size:13pt;} .battle-log .chat {vertical-align:middle;padding:3px 0 3px 0;font-size:8pt;} .battle-log .chat strong {color:#40576A;} .battle-log .chat em {padding:1px 4px 1px 3px;color:#000000;font-style:normal;} .chat.mine {background:rgba(0,0,0,0.05);margin-left:-8px;margin-right:-8px;padding-left:8px;padding-right:8px;} .spoiler {color:#BBBBBB;background:#BBBBBB;padding:0px 3px;} .spoiler:hover, .spoiler:active, .spoiler-shown {color:#000000;background:#E2E2E2;padding:0px 3px;} .spoiler a {color:#BBBBBB;} .spoiler:hover a, .spoiler:active a, .spoiler-shown a {color:#2288CC;} .chat code, .chat .spoiler:hover code, .chat .spoiler:active code, .chat .spoiler-shown code {border:1px solid #C0C0C0;background:#EEEEEE;color:black;padding:0 2px;} .chat .spoiler code {border:1px solid #CCCCCC;background:#CCCCCC;color:#CCCCCC;} .battle-log .rated {padding:3px 4px;} .battle-log .rated strong {color:white;background:#89A;padding:1px 4px;border-radius:4px;} .spacer {margin-top:0.5em;} .message-announce {background:#6688AA;color:white;padding:1px 4px 2px;} .message-announce a, .broadcast-green a, .broadcast-blue a, .broadcast-red a {color:#DDEEFF;} .broadcast-green {background-color:#559955;color:white;padding:2px 4px;} .broadcast-blue {background-color:#6688AA;color:white;padding:2px 4px;} .infobox {border:1px solid #6688AA;padding:2px 4px;} .infobox-limited {max-height:200px;overflow:auto;overflow-x:hidden;} .broadcast-red {background-color:#AA5544;color:white;padding:2px 4px;} .message-learn-canlearn {font-weight:bold;color:#228822;text-decoration:underline;} .message-learn-cannotlearn {font-weight:bold;color:#CC2222;text-decoration:underline;} .message-effect-weak {font-weight:bold;color:#CC2222;} .message-effect-resist {font-weight:bold;color:#6688AA;} .message-effect-immune {font-weight:bold;color:#666666;} .message-learn-list {margin-top:0;margin-bottom:0;} .message-throttle-notice, .message-error {color:#992222;} .message-overflow, .chat small.message-overflow {font-size:0pt;} .message-overflow::before {font-size:9pt;content:'...';} .subtle {color:#3A4A66;}
</style>
<div class="wrapper replay-wrapper" style="max-width:1180px;margin:0 auto">
<input type="hidden" name="replayid" value="destiny-ou-510843" />
<div class="battle"></div><div class="battle-log"></div><div class="replay-controls"></div><div class="replay-controls-2"></div>
<h1 style="font-weight:normal;text-align:center"><strong>OU</strong><br /><a href="http://pokemonshowdown.com/users/vetdancx" class="subtle" target="_blank">VetDancX</a> vs. <a href="http://pokemonshowdown.com/users/loubren" class="subtle" target="_blank">loubren</a></h1>
<script type="text/plain" class="battle-log-data">|player|p1|VetDancX|153
|teamsize|p1|6
|player|p2|loubren|101
|teamsize|p2|6
|teamsize|p1|6
|teamsize|p2|6
|gametype|singles
|gen|7
|tier|OU
|rated
|seed|9016,33506,21426,58493
|rule|Cláusula-Mod de Dormir: solo puedes dormir a uno de tus oponentes a la vez.
|rule|Cláusula de Especie: Hasta un Pokémon de cada especie
|rule|Cláusula de Golpe Fulminante: los movimientos fulminantes (OHKO) estan prohibidos
|rule|Cláusula de Veleta: la habilidad Veleta está prohibida
|rule|Cláusula de Movimientos Evasivos: los movimientos de Evasión están prohibidos.
|rule|Cláusula de Batallas Eternas: forzar batallas eternas está prohibido
|clearpoke
|poke|p1|Dragonite, M|item
|poke|p1|Gyarados, M|item
|poke|p1|Mew|item
|poke|p1|Magearna|item
|poke|p1|Lopunny, M|item
|poke|p1|Landorus-Therian, M|item
|poke|p2|Zygarde|item
|poke|p2|Hoopa-Unbound|item
|poke|p2|Toxapex, M|item
|poke|p2|Magearna|item
|poke|p2|Landorus-Therian, M|item
|poke|p2|Kartana|item
|teampreview|undefined
|choice|*team 623451|*
|inactive|Reloj de batalla ENCENDIDO. El jugador inactivo será descalificado (solicitado por VetDancX).
|choice|*|*team 523416
|choice|team 6, 2, 3, 4, 5, 1|team 5, 2, 3, 4, 1, 6
|
|start
|switch|p1a: Landorus|Landorus-Therian, M|381\/381
|switch|p2a: Landorus|Landorus-Therian, M|381\/381
|-ability|p2a: Landorus|Intimidate|boost
|-unboost|p1a: Landorus|atk|1
|-ability|p1a: Landorus|Intimidate|boost
|-unboost|p2a: Landorus|atk|1
|turn|1
|choice|*|*move 1
|choice|*move 2|*
|choice|move hiddenpower|move stealthrock
|
|move|p2a: Landorus|Stealth Rock|p1a: Landorus
|-sidestart|p1: VetDancX|move: Stealth Rock
|move|p1a: Landorus|Hidden Power|p2a: Landorus
|-supereffective|p2a: Landorus
|-damage|p2a: Landorus|181\/381
|
|-heal|p2a: Landorus|204\/381|[from] item: Leftovers
|upkeep
|turn|2
|choice|*move 2|*
|choice|*|*switch 3
|choice|move hiddenpower|switch 3
|
|switch|p2a: Toxapex|Toxapex, M|303\/303
|move|p1a: Landorus|Hidden Power|p2a: Toxapex
|-resisted|p2a: Toxapex
|-damage|p2a: Toxapex|289\/303
|-enditem|p2a: Toxapex|Red Card|[of] p1a: Landorus
|drag|p1a: Mew|Mew|401\/401
|-damage|p1a: Mew|351\/401|[from] Stealth Rock
|
|-heal|p1a: Mew|376\/401|[from] item: Leftovers
|upkeep
|turn|3
|choice|*move 2|*
|choice|*|*move 3
|choice|move defog|move toxicspikes
|
|move|p1a: Mew|Defog|p2a: Toxapex
|-unboost|p2a: Toxapex|evasion|1
|-sideend|p1: VetDancX|Stealth Rock|[from] move: Defog|[of] p1a: Mew
|move|p2a: Toxapex|Toxic Spikes|p1a: Mew
|-sidestart|p1: VetDancX|move: Toxic Spikes
|
|-heal|p1a: Mew|401\/401|[from] item: Leftovers
|upkeep
|turn|4
|choice|*|*move 2
|choice|*move 1|*
|choice|move willowisp|move toxic
|
|move|p1a: Mew|Will-O-Wisp|p2a: Toxapex
|-status|p2a: Toxapex|brn
|move|p2a: Toxapex|Toxic|p1a: Mew
|-status|p1a: Mew|tox
|-activate|p1a: Mew|ability: Synchronize
|-fail|p2a: Toxapex
|
|-damage|p1a: Mew|376\/401 tox|[from] psn
|-damage|p2a: Toxapex|271\/303 brn|[from] brn
|upkeep
|turn|5
|choice|*|*move 3
|choice|*switch 3|*
|choice|switch 3|move toxicspikes
|
|switch|p1a: Landorus|Landorus-Therian, M|381\/381
|-ability|p1a: Landorus|Intimidate|boost
|-unboost|p2a: Toxapex|atk|1
|move|p2a: Toxapex|Toxic Spikes|p1a: Landorus
|-sidestart|p1: VetDancX|move: Toxic Spikes
|
|-damage|p2a: Toxapex|253\/303 brn|[from] brn
|upkeep
|turn|6
|choice|*|*switch 3
|choice|*move 1|*
|choice|move stealthrock|switch 3
|
|switch|p2a: Landorus|Landorus-Therian, M|204\/381
|-ability|p2a: Landorus|Intimidate|boost
|-unboost|p1a: Landorus|atk|1
|move|p1a: Landorus|Stealth Rock|p2a: Landorus
|-sidestart|p2: loubren|move: Stealth Rock
|
|-heal|p2a: Landorus|227\/381|[from] item: Leftovers
|upkeep
|turn|7
|choice|*move 2|*
|choice|*|*move 1
|choice|move hiddenpower|move stealthrock
|
|move|p2a: Landorus|Stealth Rock|p1a: Landorus
|-sidestart|p1: VetDancX|move: Stealth Rock
|move|p1a: Landorus|Hidden Power|p2a: Landorus
|-supereffective|p2a: Landorus
|-damage|p2a: Landorus|19\/381
|
|-heal|p2a: Landorus|42\/381|[from] item: Leftovers
|upkeep
|turn|8
|choice|*move 2|*
|choice|*|*move 4
|choice|move hiddenpower|move hiddenpower
|
|move|p2a: Landorus|Hidden Power|p1a: Landorus
|-supereffective|p1a: Landorus
|-damage|p1a: Landorus|161\/381
|move|p1a: Landorus|Hidden Power|p2a: Landorus
|-supereffective|p2a: Landorus
|-damage|p2a: Landorus|0 fnt
|faint|p2a: Landorus
|
|-heal|p1a: Landorus|184\/381|[from] item: Leftovers
|upkeep
|choice|*|*switch 6
|choice||switch 6
|
|switch|p2a: Kartana|Kartana|259\/259
|-damage|p2a: Kartana|243\/259|[from] Stealth Rock
|turn|9
|choice|*|*move 2
|choice|*move 3|*
|choice|move earthquake|move leafblade
|
|move|p2a: Kartana|Leaf Blade|p1a: Landorus
|-damage|p1a: Landorus|0 fnt
|faint|p1a: Landorus
|-ability|p2a: Kartana|Beast Boost|boost
|-boost|p2a: Kartana|atk|1
|
|upkeep
|choice|*switch 4|*
|choice|switch 4|
|
|switch|p1a: Magearna|Magearna|363\/363
|-damage|p1a: Magearna|341\/363|[from] Stealth Rock
|turn|10
|choice|*move 2|*
|choice|*|*switch 5
|choice|move fleurcannon|switch 5
|
|switch|p2a: Zygarde|Zygarde|365\/365
|-damage|p2a: Zygarde|343\/365|[from] Stealth Rock
|-ability|p2a: Zygarde|Aura Break
|move|p1a: Magearna|Fleur Cannon|p2a: Zygarde
|-supereffective|p2a: Zygarde
|-damage|p2a: Zygarde|0 fnt
|-unboost|p1a: Magearna|spa|2
|faint|p2a: Zygarde
|-ability|p1a: Magearna|Soul-Heart|boost
|-boost|p1a: Magearna|spa|1
|
|-heal|p1a: Magearna|363\/363|[from] item: Leftovers
|upkeep
|choice|*|*switch 4
|choice||switch 4
|
|switch|p2a: Magearna|Magearna|351\/351
|-damage|p2a: Magearna|330\/351|[from] Stealth Rock
|turn|11
|choice|*move 2|*
|choice|*|*move 4
|choice|move fleurcannon|move thunderbolt
|
|move|p1a: Magearna|Fleur Cannon|p2a: Magearna|[miss]
|-miss|p1a: Magearna|p2a: Magearna
|move|p2a: Magearna|Thunderbolt|p1a: Magearna
|-damage|p1a: Magearna|307\/363
|
|-heal|p1a: Magearna|329\/363|[from] item: Leftovers
|upkeep
|turn|12
|choice|*|*move 3
|choice|*move 2|*
|choice|move fleurcannon|move focusblast
|
|move|p1a: Magearna|Fleur Cannon|p2a: Magearna
|-resisted|p2a: Magearna
|-damage|p2a: Magearna|303\/351
|-unboost|p1a: Magearna|spa|2
|move|p2a: Magearna|Focus Blast|p1a: Magearna|[miss]
|-miss|p2a: Magearna|p1a: Magearna
|
|-heal|p1a: Magearna|351\/363|[from] item: Leftovers
|upkeep
|turn|13
|choice|*move 4|*
|choice|*|*move 3
|choice|move heartswap|move focusblast
|
|move|p1a: Magearna|Heart Swap|p2a: Magearna
|-swapboost|p1a: Magearna|p2a: Magearna|[from] move: Heart Swap
|move|p2a: Magearna|Focus Blast|p1a: Magearna
|-damage|p1a: Magearna|322\/363
|
|-heal|p1a: Magearna|344\/363|[from] item: Leftovers
|upkeep
|turn|14
|choice|*switch 3|*
|choice|*|*switch 3
|choice|switch 3|switch 3
|
|switch|p1a: Mew|Mew|376\/401 tox
|-damage|p1a: Mew|326\/401 tox|[from] Stealth Rock
|switch|p2a: Toxapex|Toxapex, M|303\/303 brn
|-damage|p2a: Toxapex|266\/303 brn|[from] Stealth Rock
|
|-heal|p1a: Mew|351\/401 tox|[from] item: Leftovers
|-damage|p1a: Mew|326\/401 tox|[from] psn
|-damage|p2a: Toxapex|248\/303 brn|[from] brn
|upkeep
|turn|15
|choice|*move 2|*
|choice|*|*switch 2
|choice|move defog|switch 2
|
|switch|p2a: Hoopa|Hoopa-Unbound|301\/301
|-damage|p2a: Hoopa|264\/301|[from] Stealth Rock
|move|p1a: Mew|Defog|p2a: Hoopa
|-unboost|p2a: Hoopa|evasion|1
|-sideend|p2: loubren|Stealth Rock|[from] move: Defog|[of] p2a: Hoopa
|-sideend|p1: VetDancX|Toxic Spikes|[from] move: Defog|[of] p1a: Mew
|-sideend|p1: VetDancX|Stealth Rock|[from] move: Defog|[of] p1a: Mew
|
|-heal|p1a: Mew|351\/401 tox|[from] item: Leftovers
|-damage|p1a: Mew|301\/401 tox|[from] psn
|upkeep
|turn|16
|choice|*|*move 2
|choice|*move 1|*
|choice|move willowisp|move darkpulse
|
|move|p1a: Mew|Will-O-Wisp|p2a: Hoopa
|-status|p2a: Hoopa|brn
|move|p2a: Hoopa|Dark Pulse|p1a: Mew
|-supereffective|p1a: Mew
|-damage|p1a: Mew|0 fnt
|faint|p1a: Mew
|
|-damage|p2a: Hoopa|246\/301 brn|[from] brn
|upkeep
|choice|*switch 3|*
|choice|switch 3|
|
|switch|p1a: Magearna|Magearna|344\/363
|turn|17
|choice|*switch 6|*
|choice|*|*switch 2
|choice|switch 6|switch 2
|
|switch|p2a: Toxapex|Toxapex, M|303\/303 brn
|switch|p1a: Dragonite|Dragonite, M|323\/323
|
|-damage|p2a: Toxapex|285\/303 brn|[from] brn
|upkeep
|turn|18
|choice|*move 4|*
|choice|*|*move 2
|choice|move thunderbolt|move toxic
|
|move|p1a: Dragonite|Thunderbolt|p2a: Toxapex
|-supereffective|p2a: Toxapex
|-damage|p2a: Toxapex|79\/303 brn
|move|p2a: Toxapex|Toxic|p1a: Dragonite
|-status|p1a: Dragonite|tox
|
|-damage|p1a: Dragonite|303\/323 tox|[from] psn
|-damage|p2a: Toxapex|61\/303 brn|[from] brn
|upkeep
|turn|19
|choice|*move 4|*
|choice|*|*switch 3
|choice|move thunderbolt|switch 3
|
|switch|p2a: Magearna|Magearna|303\/351
|move|p1a: Dragonite|Thunderbolt|p2a: Magearna
|-damage|p2a: Magearna|244\/351
|
|-damage|p1a: Dragonite|263\/323 tox|[from] psn
|upkeep
|turn|20
|choice|*|*switch 3
|choice|*switch 6|*
|choice|switch 6|switch 3
|
|switch|p1a: Magearna|Magearna|344\/363
|switch|p2a: Toxapex|Toxapex, M|162\/303 brn
|
|-heal|p1a: Magearna|363\/363|[from] item: Leftovers
|-damage|p2a: Toxapex|144\/303 brn|[from] brn
|upkeep
|turn|21
|choice|*|*move 4
|choice|*switch 2|*
|choice|switch 2|move recover
|
|switch|p1a: Gyarados|Gyarados, M|331\/331
|move|p2a: Toxapex|Recover|p2a: Toxapex
|-heal|p2a: Toxapex|296\/303 brn
|
|-damage|p2a: Toxapex|278\/303 brn|[from] brn
|upkeep
|turn|22
|choice|*move 4|*
|choice|*|*switch 2
|choice|move taunt|switch 2
|
|switch|p2a: Hoopa|Hoopa-Unbound|246\/301 brn
|move|p1a: Gyarados|Taunt|p2a: Hoopa
|-start|p2a: Hoopa|move: Taunt
|
|-damage|p2a: Hoopa|228\/301 brn|[from] brn
|upkeep
|turn|23
|choice|*|*move 2 zmove
|choice|*move 3 zmove|*
|choice|move bounce zmove|move darkpulse zmove
|
|-zpower|p1a: Gyarados
|move|p1a: Gyarados|Supersonic Skystrike|p2a: Hoopa|[zeffect]
|-damage|p2a: Hoopa|0 fnt
|faint|p2a: Hoopa
|-ability|p1a: Gyarados|Moxie|boost
|-boost|p1a: Gyarados|atk|1
|
|upkeep
|choice|*|*switch 3
|choice||switch 3
|
|switch|p2a: Magearna|Magearna|244\/351
|turn|24
|choice|*|*move 4
|choice|*switch 2|*
|choice|switch 2|move thunderbolt
|
|switch|p1a: Magearna|Magearna|363\/363
|move|p2a: Magearna|Thunderbolt|p1a: Magearna
|-damage|p1a: Magearna|310\/363
|
|-heal|p1a: Magearna|332\/363|[from] item: Leftovers
|upkeep
|turn|25
|choice|*|*switch 2
|choice|*switch 6|*
|choice|switch 6|switch 2
|
|switch|p1a: Dragonite|Dragonite, M|263\/323 tox
|switch|p2a: Toxapex|Toxapex, M|303\/303 brn
|
|-damage|p1a: Dragonite|243\/323 tox|[from] psn
|-damage|p2a: Toxapex|285\/303 brn|[from] brn
|upkeep
|turn|26
|choice|*move 4|*
|choice|*|*move 3
|choice|move thunderbolt|move toxicspikes
|
|move|p1a: Dragonite|Thunderbolt|p2a: Toxapex
|-supereffective|p2a: Toxapex
|-damage|p2a: Toxapex|85\/303 brn
|move|p2a: Toxapex|Toxic Spikes|p1a: Dragonite
|-sidestart|p1: VetDancX|move: Toxic Spikes
|
|-damage|p1a: Dragonite|203\/323 tox|[from] psn
|-damage|p2a: Toxapex|67\/303 brn|[from] brn
|upkeep
|turn|27
|choice|*|*switch 2
|choice|*move 4|*
|choice|move thunderbolt|switch 2
|
|switch|p2a: Magearna|Magearna|244\/351
|move|p1a: Dragonite|Thunderbolt|p2a: Magearna
|-damage|p2a: Magearna|184\/351
|
|-damage|p1a: Dragonite|143\/323 tox|[from] psn
|upkeep
|turn|28
|choice|*switch 6|*
|choice|*|*move 1
|choice|switch 6|move icebeam
|
|switch|p1a: Magearna|Magearna|332\/363
|move|p2a: Magearna|Ice Beam|p1a: Magearna
|-resisted|p1a: Magearna
|-damage|p1a: Magearna|303\/363
|
|-heal|p1a: Magearna|325\/363|[from] item: Leftovers
|upkeep
|turn|29
|choice|*switch 6|*
|choice|*|*move 3
|choice|switch 6|move focusblast
|
|switch|p1a: Dragonite|Dragonite, M|143\/323 tox
|move|p2a: Magearna|Focus Blast|p1a: Dragonite
|-resisted|p1a: Dragonite
|-damage|p1a: Dragonite|84\/323 tox
|
|-damage|p1a: Dragonite|64\/323 tox|[from] psn
|upkeep
|turn|30
|choice|*|*switch 2
|choice|*move 3|*
|choice|move fireblast|switch 2
|
|switch|p2a: Toxapex|Toxapex, M|168\/303 brn
|move|p1a: Dragonite|Fire Blast|p2a: Toxapex|[miss]
|-miss|p1a: Dragonite|p2a: Toxapex
|
|-damage|p1a: Dragonite|24\/323 tox|[from] psn
|-damage|p2a: Toxapex|150\/303 brn|[from] brn
|upkeep
|turn|31
|choice|*|*move 3
|choice|*switch 2|*
|choice|switch 2|move toxicspikes
|
|switch|p1a: Gyarados|Gyarados, M|331\/331
|move|p2a: Toxapex|Toxic Spikes|p1a: Gyarados
|-sidestart|p1: VetDancX|move: Toxic Spikes
|
|-damage|p2a: Toxapex|132\/303 brn|[from] brn
|upkeep
|turn|32
|choice|*move 4|*
|choice|*|*switch 2
|choice|move taunt|switch 2
|
|switch|p2a: Magearna|Magearna|184\/351
|move|p1a: Gyarados|Taunt|p2a: Magearna
|-start|p2a: Magearna|move: Taunt
|
|upkeep
|turn|33
|choice|*|*move 4
|choice|*switch 6|*
|choice|switch 6|move thunderbolt
|
|switch|p1a: Magearna|Magearna|325\/363
|move|p2a: Magearna|Thunderbolt|p1a: Magearna
|-damage|p1a: Magearna|266\/363
|
|-heal|p1a: Magearna|288\/363|[from] item: Leftovers
|upkeep
|turn|34
|choice|*|*switch 2
|choice|*move 3|*
|choice|move flashcannon|switch 2
|
|switch|p2a: Toxapex|Toxapex, M|233\/303 brn
|move|p1a: Magearna|Flash Cannon|p2a: Toxapex
|-resisted|p2a: Toxapex
|-damage|p2a: Toxapex|195\/303 brn
|
|-heal|p1a: Magearna|310\/363|[from] item: Leftovers
|-damage|p2a: Toxapex|177\/303 brn|[from] brn
|upkeep
|turn|35
|choice|*switch 2|*
|inactive|loubren tiene 135 segundos restantes.
|choice|*|*move 2
|choice|*switch 6|*
|choice|switch 6|move toxic
|
|switch|p1a: Gyarados|Gyarados, M|331\/331
|move|p2a: Toxapex|Toxic|p1a: Gyarados
|-status|p1a: Gyarados|tox
|
|-damage|p1a: Gyarados|311\/331 tox|[from] psn
|-damage|p2a: Toxapex|159\/303 brn|[from] brn
|upkeep
|turn|36
|choice|*move 4|*
|choice|*|*move 4
|choice|move taunt|move recover
|
|move|p1a: Gyarados|Taunt|p2a: Toxapex
|-start|p2a: Toxapex|move: Taunt
|cant|p2a: Toxapex|move: Taunt|Recover
|
|-damage|p1a: Gyarados|271\/331 tox|[from] psn
|-damage|p2a: Toxapex|141\/303 brn|[from] brn
|upkeep
|turn|37
|choice|*move 1|*
|choice|*|*switch 2
|choice|move dragondance|switch 2
|
|switch|p2a: Magearna|Magearna|184\/351
|move|p1a: Gyarados|Dragon Dance|p1a: Gyarados
|-boost|p1a: Gyarados|atk|1
|-boost|p1a: Gyarados|spe|1
|
|-damage|p1a: Gyarados|211\/331 tox|[from] psn
|upkeep
|turn|38
|choice|*move 2|*
|choice|*|*move 4
|choice|move waterfall|move thunderbolt
|
|move|p1a: Gyarados|Waterfall|p2a: Magearna
|-damage|p2a: Magearna|0 fnt
|faint|p2a: Magearna
|-ability|p1a: Gyarados|Moxie|boost
|-boost|p1a: Gyarados|atk|1
|
|-damage|p1a: Gyarados|131\/331 tox|[from] psn
|upkeep
|choice|*|*switch 2
|choice||switch 2
|
|switch|p2a: Toxapex|Toxapex, M|242\/303 brn
|turn|39
|choice|*move 4|*
|choice|*|*move 1
|choice|move taunt|move scald
|
|move|p1a: Gyarados|Taunt|p2a: Toxapex
|-start|p2a: Toxapex|move: Taunt
|move|p2a: Toxapex|Scald|p1a: Gyarados
|-resisted|p1a: Gyarados
|-damage|p1a: Gyarados|104\/331 tox
|
|-damage|p1a: Gyarados|4\/331 tox|[from] psn
|-damage|p2a: Toxapex|224\/303 brn|[from] brn
|upkeep
|turn|40
|choice|*move 2|*
|choice|*|*move 1
|choice|move waterfall|move scald
|
|move|p1a: Gyarados|Waterfall|p2a: Toxapex
|-resisted|p2a: Toxapex
|-damage|p2a: Toxapex|147\/303 brn
|move|p2a: Toxapex|Scald|p1a: Gyarados
|-resisted|p1a: Gyarados
|-damage|p1a: Gyarados|0 fnt
|faint|p1a: Gyarados
|
|-damage|p2a: Toxapex|129\/303 brn|[from] brn
|upkeep
|choice|*switch 2|*
|choice|switch 2|
|
|switch|p1a: Dragonite|Dragonite, M|24\/323 tox
|turn|41
|choice|*move 1|*
|choice|*|*switch 5
|choice|move dracometeor|switch 5
|
|switch|p2a: Kartana|Kartana|243\/259
|move|p1a: Dragonite|Draco Meteor|p2a: Kartana
|-resisted|p2a: Kartana
|-damage|p2a: Kartana|0 fnt
|-unboost|p1a: Dragonite|spa|2
|faint|p2a: Kartana
|
|-damage|p1a: Dragonite|4\/323 tox|[from] psn
|upkeep
|choice|*|*switch 5
|choice||switch 5
|
|switch|p2a: Toxapex|Toxapex, M|230\/303 brn
|turn|42
|choice|*|*move 4
|choice|*switch 6|*
|choice|switch 6|move recover
|
|switch|p1a: Magearna|Magearna|310\/363
|move|p2a: Toxapex|Recover|p2a: Toxapex
|-heal|p2a: Toxapex|303\/303 brn
|
|-heal|p1a: Magearna|332\/363|[from] item: Leftovers
|-damage|p2a: Toxapex|285\/303 brn|[from] brn
|upkeep
|turn|43
|choice|*move 3|*
|choice|*|*move 1
|choice|move flashcannon|move scald
|
|move|p1a: Magearna|Flash Cannon|p2a: Toxapex
|-resisted|p2a: Toxapex
|-damage|p2a: Toxapex|248\/303 brn
|move|p2a: Toxapex|Scald|p1a: Magearna
|-damage|p1a: Magearna|296\/363
|
|-heal|p1a: Magearna|318\/363|[from] item: Leftovers
|-damage|p2a: Toxapex|230\/303 brn|[from] brn
|upkeep
|turn|44
|choice|*|*move 1
|choice|*move 3|*
|choice|move flashcannon|move scald
|
|move|p1a: Magearna|Flash Cannon|p2a: Toxapex
|-resisted|p2a: Toxapex
|-damage|p2a: Toxapex|194\/303 brn
|-unboost|p2a: Toxapex|spd|1
|move|p2a: Toxapex|Scald|p1a: Magearna
|-damage|p1a: Magearna|281\/363
|
|-heal|p1a: Magearna|303\/363|[from] item: Leftovers
|-damage|p2a: Toxapex|176\/303 brn|[from] brn
|upkeep
|turn|45
|choice|*move 3|*
|-message|loubren se rindió.
|
|win|VetDancX
VetDancX ha ganado 6.75 PokeDolares.
|raw|Puntaje de VetDancX: 1371 &rarr; <strong>1388<\/strong><br \/>(+17 por ganar)
|raw|Puntaje de loubren: 1325 &rarr; <strong>1303<\/strong><br \/>(-22 por perder)
</script>
</div>
<div class="battle-log battle-log-inline"><div class="inner"><div class="battle-options"></div><div class="inner"><div class=""><small>Format:</small> <br><strong>OU</strong></div><div class="rated"><strong>Rated battle</strong></div><div class=""><small><em>Cláusula-Mod de Dormir:</em> solo puedes dormir a uno de tus oponentes a la vez.</small></div><div class=""><small><em>Cláusula de Especie:</em> Hasta un Pokémon de cada especie</small></div><div class=""><small><em>Cláusula de Golpe Fulminante:</em> los movimientos fulminantes (OHKO) estan prohibidos</small></div><div class=""><small><em>Cláusula de Veleta:</em> la habilidad Veleta está prohibida</small></div><div class=""><small><em>Cláusula de Movimientos Evasivos:</em> los movimientos de Evasión están prohibidos.</small></div><div class=""><small><em>Cláusula de Batallas Eternas:</em> forzar batallas eternas está prohibido</small></div><div class="chat battle-history"><strong>VetDancX's team:</strong> <em style="color:#445566;display:block;">Dragonite / Gyarados / Mew / Magearna / Lopunny / Landorus-Therian</em></div><div class="chat battle-history"><strong>loubren's team:</strong> <em style="color:#445566;display:block;">Zygarde / Hoopa-Unbound / Toxapex / Magearna / Landorus-Therian / Kartana</em></div><div class="chat message-error">Reloj de batalla ENCENDIDO. El jugador inactivo será descalificado (solicitado por VetDancX).</div><div class="spacer battle-history"><br></div><div class="battle-history">Battle started between VetDancX and loubren!<br></div><div class="spacer battle-history"><br></div><div class="battle-history">Go! Landorus (<strong>Landorus-Therian</strong>)!<br></div><div class="spacer battle-history"><br></div><div class="battle-history">loubren sent out Landorus (<strong>Landorus-Therian</strong>)!<br></div><div class="battle-history"><small>[The opposing Landorus's Intimidate]</small><br></div><div class="battle-history"><small>Landorus's Attack fell!</small><br></div><div class="battle-history"><small>[Landorus's Intimidate]</small><br></div><div class="battle-history"><small>The opposing Landorus's Attack fell!</small><br></div><div class="spacer battle-history"><br></div><h2 class="battle-history">Turn 1</h2><div class="spacer battle-history"><br></div><div class="battle-history">The opposing Landorus used <strong>Stealth Rock</strong>!<br></div><div class="battle-history"><small>Pointed stones float in the air around your team!</small><br></div><div class="spacer battle-history"><br></div><div class="battle-history">Landorus used <strong>Hidden Power</strong>!<br></div><div class="battle-history"><small>It's super effective!</small><br></div><div class="battle-history"><small>(The opposing Landorus lost <abbr title="−200/381">52.5%</abbr> of its health!)</small><br></div><div class="spacer battle-history"><br></div><div class="battle-history"><small>The opposing Landorus restored a little HP using its Leftovers!</small><br></div><div class="spacer battle-history"><br></div><h2 class="battle-history">Turn 2</h2><div class="spacer battle-history"><br></div><div class="battle-history">loubren withdrew Landorus!<br></div><div class="battle-history">loubren sent out <strong>Toxapex</strong>!<br></div><div class="spacer battle-history"><br></div><div class="battle-history">Landorus used <strong>Hidden Power</strong>!<br></div><div class="battle-history"><small>It's not very effective...</small><br></div><div class="battle-history"><small>(The opposing Toxapex lost <abbr title="−14/303">4.6%</abbr> of its health!)</small><br></div><div class="battle-history"><small>The opposing Toxapex held up its Red Card against Landorus!</small><br></div><div class="spacer battle-history"><br></div><div class="battle-history"><strong>Mew</strong> was dragged out!<br></div><div class="battle-history"><small>Pointed stones dug into Mew!</small><br></div><div class="spacer battle-history"><br></div><div class="battle-history"><small>Mew restored a little HP using its Leftovers!</small><br></div><div class="spacer battle-history"><br></div><h2 class="battle-history">Turn 3</h2><div class="spacer battle-history"><br></div><div class="battle-history">Mew used <strong>Defog</strong>!<br></div><div class="battle-history"><small>The opposing Toxapex's evasiveness fell!</small><br></div><div class="battle-history"><small>The pointed stones disappeared from around your team!</small><br></div><div class="spacer battle-history"><br></div><div class="battle-history">The opposing Toxapex used <strong>Toxic Spikes</strong>!<br></div><div class="battle-history"><small>Poison spikes were scattered on the ground all around your team!</small><br></div><div class="spacer battle-history"><br></div><div class="battle-history"><small>Mew restored a little HP using its Leftovers!</small><br></div><div class="spacer battle-history"><br></div><h2 class="battle-history">Turn 4</h2><div class="spacer battle-history"><br></div><div class="battle-history">Mew used <strong>Will-O-Wisp</strong>!<br></div><div class="battle-history"><small>The opposing Toxapex was burned!</small><br></div><div class="spacer battle-history"><br></div><div class="battle-history">The opposing Toxapex used <strong>Toxic</strong>!<br></div><div class="battle-history"><small>Mew was badly poisoned!</small><br></div><div class="battle-history"><small>[Mew's Synchronize]</small><br></div><div class="battle-history"><small>But it failed!</small><br></div><div class="spacer battle-history"><br></div><div class="battle-history"><small>Mew was hurt by poison!</small><br></div><div class="battle-history"><small>The opposing Toxapex was hurt by its burn!</small><br></div><div class="spacer battle-history"><br></div><h2 class="battle-history">Turn 5</h2><div class="spacer battle-history"><br></div><div class="battle-history">Mew, come back!<br></div><div class="battle-history">Go! Landorus (<strong>Landorus-Therian</strong>)!<br></div><div class="battle-history"><small>[Landorus's Intimidate]</small><br></div><div class="battle-history"><small>The opposing Toxapex's Attack fell!</small><br></div><div class="spacer battle-history"><br></div><div class="battle-history">The opposing Toxapex used <strong>Toxic Spikes</strong>!<br></div><div class="battle-history"><small>Poison spikes were scattered on the ground all around your team!</small><br></div><div class="spacer battle-history"><br></div><div class="battle-history"><small>The opposing Toxapex was hurt by its burn!</small><br></div><div class="spacer battle-history"><br></div><h2 class="battle-history">Turn 6</h2><div class="spacer battle-history"><br></div><div class="battle-history">loubren withdrew Toxapex!<br></div><div class="battle-history">loubren sent out Landorus (<strong>Landorus-Therian</strong>)!<br></div><div class="battle-history"><small>[The opposing Landorus's Intimidate]</small><br></div><div class="battle-history"><small>Landorus's Attack fell!</small><br></div><div class="spacer battle-history"><br></div><div class="battle-history">Landorus used <strong>Stealth Rock</strong>!<br></div><div class="battle-history"><small>Pointed stones float in the air around the opposing team!</small><br></div><div class="spacer battle-history"><br></div><div class="battle-history"><small>The opposing Landorus restored a little HP using its Leftovers!</small><br></div><div class="spacer battle-history"><br></div><h2 class="battle-history">Turn 7</h2><div class="spacer battle-history"><br></div><div class="battle-history">The opposing Landorus used <strong>Stealth Rock</strong>!<br></div><div class="battle-history"><small>Pointed stones float in the air around your team!</small><br></div><div class="spacer battle-history"><br></div><div class="battle-history">Landorus used <strong>Hidden Power</strong>!<br></div><div class="battle-history"><small>It's super effective!</small><br></div><div class="battle-history"><small>(The opposing Landorus lost <abbr title="−208/381">54.6%</abbr> of its health!)</small><br></div><div class="spacer battle-history"><br></div><div class="battle-history"><small>The opposing Landorus restored a little HP using its Leftovers!</small><br></div><div class="spacer battle-history"><br></div><h2 class="battle-history">Turn 8</h2><div class="spacer battle-history"><br></div><div class="battle-history">The opposing Landorus used <strong>Hidden Power</strong>!<br></div><div class="battle-history"><small>It's super effective!</small><br></div><div class="battle-history"><small>(Landorus lost <abbr title="−220/381">57.7%</abbr> of its health!)</small><br></div><div class="spacer battle-history"><br></div><div class="battle-history">Landorus used <strong>Hidden Power</strong>!<br></div><div class="battle-history"><small>It's super effective!</small><br></div><div class="battle-history"><small>(The opposing Landorus lost <abbr title="−42/381">11.0%</abbr> of its health!)</small><br></div><div class="spacer battle-history"><br></div><div class="battle-history">The opposing Landorus fainted!<br></div><div class="spacer battle-history"><br></div><div class="battle-history"><small>Landorus restored a little HP using its Leftovers!</small><br></div><div class="spacer battle-history"><br></div><div class="battle-history">loubren sent out <strong>Kartana</strong>!<br></div><div class="battle-history"><small>Pointed stones dug into the opposing Kartana!</small><br></div><div class="spacer battle-history"><br></div><h2 class="battle-history">Turn 9</h2><div class="spacer battle-history"><br></div><div class="battle-history">The opposing Kartana used <strong>Leaf Blade</strong>!<br></div><div class="battle-history"><small>(Landorus lost <abbr title="−184/381">48.3%</abbr> of its health!)</small><br></div><div class="spacer battle-history"><br></div><div class="battle-history">Landorus fainted!<br></div><div class="battle-history"><small>[The opposing Kartana's Beast Boost]</small><br></div><div class="battle-history"><small>The opposing Kartana's Attack rose!</small><br></div><div class="spacer battle-history"><br></div><div class="battle-history">Go! <strong>Magearna</strong>!<br></div><div class="battle-history"><small>Pointed stones dug into Magearna!</small><br></div><div class="spacer battle-history"><br></div><h2 class="battle-history">Turn 10</h2><div class="spacer battle-history"><br></div><div class="battle-history">loubren withdrew Kartana!<br></div><div class="battle-history">loubren sent out <strong>Zygarde</strong>!<br></div><div class="battle-history"><small>Pointed stones dug into the opposing Zygarde!</small><br></div><div class="battle-history"><small>[The opposing Zygarde's Aura Break]</small><br><small>The opposing Zygarde reversed all other Pokémon's auras!</small><br></div><div class="spacer battle-history"><br></div><div class="battle-history">Magearna used <strong>Fleur Cannon</strong>!<br></div><div class="battle-history"><small>It's super effective!</small><br></div><div class="battle-history"><small>(The opposing Zygarde lost <abbr title="−343/365">94.0%</abbr> of its health!)</small><br></div><div class="battle-history"><small>Magearna's Special Attack fell harshly!</small><br></div><div class="spacer battle-history"><br></div><div class="battle-history">The opposing Zygarde fainted!<br></div><div class="battle-history"><small>[Magearna's Soul-Heart]</small><br></div><div class="battle-history"><small>Magearna's Special Attack rose!</small><br></div><div class="spacer battle-history"><br></div><div class="battle-history"><small>Magearna restored a little HP using its Leftovers!</small><br></div><div class="spacer battle-history"><br></div><div class="battle-history">loubren sent out <strong>Magearna</strong>!<br></div><div class="battle-history"><small>Pointed stones dug into the opposing Magearna!</small><br></div><div class="spacer battle-history"><br></div><h2 class="battle-history">Turn 11</h2><div class="spacer battle-history"><br></div><div class="battle-history">Magearna used <strong>Fleur Cannon</strong>!<br></div><div class="battle-history"><small>The opposing Magearna avoided the attack!</small><br></div><div class="spacer battle-history"><br></div><div class="battle-history">The opposing Magearna used <strong>Thunderbolt</strong>!<br></div><div class="battle-history"><small>(Magearna lost <abbr title="−56/363">15.4%</abbr> of its health!)</small><br></div><div class="spacer battle-history"><br></div><div class="battle-history"><small>Magearna restored a little HP using its Leftovers!</small><br></div><div class="spacer battle-history"><br></div><h2 class="battle-history">Turn 12</h2><div class="spacer battle-history"><br></div><div class="battle-history">Magearna used <strong>Fleur Cannon</strong>!<br></div><div class="battle-history"><small>It's not very effective...</small><br></div><div class="battle-history"><small>(The opposing Magearna lost <abbr title="−27/351">7.7%</abbr> of its health!)</small><br></div><div class="battle-history"><small>Magearna's Special Attack fell harshly!</small><br></div><div class="spacer battle-history"><br></div><div class="battle-history">The opposing Magearna used <strong>Focus Blast</strong>!<br></div><div class="battle-history"><small>Magearna avoided the attack!</small><br></div><div class="spacer battle-history"><br></div><div class="battle-history"><small>Magearna restored a little HP using its Leftovers!</small><br></div><div class="spacer battle-history"><br></div><h2 class="battle-history">Turn 13</h2><div class="spacer battle-history"><br></div><div class="battle-history">Magearna used <strong>Heart Swap</strong>!<br></div><div class="battle-history"><small>Magearna switched stat changes with its target!</small><br></div><div class="spacer battle-history"><br></div><div class="battle-history">The opposing Magearna used <strong>Focus Blast</strong>!<br></div><div class="battle-history"><small>(Magearna lost <abbr title="−29/363">8.0%</abbr> of its health!)</small><br></div><div class="spacer battle-history"><br></div><div class="battle-history"><small>Magearna restored a little HP using its Leftovers!</small><br></div><div class="spacer battle-history"><br></div><h2 class="battle-history">Turn 14</h2><div class="spacer battle-history"><br></div><div class="battle-history">Magearna, come back!<br></div><div class="battle-history">Go! <strong>Mew</strong>!<br></div><div class="battle-history"><small>Pointed stones dug into Mew!</small><br></div><div class="spacer battle-history"><br></div><div class="battle-history">loubren withdrew Magearna!<br></div><div class="battle-history">loubren sent out <strong>Toxapex</strong>!<br></div><div class="battle-history"><small>Pointed stones dug into the opposing Toxapex!</small><br></div><div class="spacer battle-history"><br></div><div class="battle-history"><small>Mew restored a little HP using its Leftovers!</small><br></div><div class="battle-history"><small>Mew was hurt by poison!</small><br></div><div class="battle-history"><small>The opposing Toxapex was hurt by its burn!</small><br></div><div class="spacer battle-history"><br></div><h2 class="battle-history">Turn 15</h2><div class="spacer battle-history"><br></div><div class="battle-history">loubren withdrew Toxapex!<br></div><div class="battle-history">loubren sent out Hoopa (<strong>Hoopa-Unbound</strong>)!<br></div><div class="battle-history"><small>Pointed stones dug into the opposing Hoopa!</small><br></div><div class="spacer battle-history"><br></div><div class="battle-history">Mew used <strong>Defog</strong>!<br></div><div class="battle-history"><small>The opposing Hoopa's evasiveness fell!</small><br></div><div class="battle-history"><small>The pointed stones disappeared from around the opposing team!</small><br></div><div class="battle-history"><small>The poison spikes disappeared from the ground around your team!</small><br></div><div class="battle-history"><small>The pointed stones disappeared from around your team!</small><br></div><div class="spacer battle-history"><br></div><div class="battle-history"><small>Mew restored a little HP using its Leftovers!</small><br></div><div class="battle-history"><small>Mew was hurt by poison!</small><br></div><div class="spacer battle-history"><br></div><h2 class="battle-history">Turn 16</h2><div class="spacer battle-history"><br></div><div class="battle-history">Mew used <strong>Will-O-Wisp</strong>!<br></div><div class="battle-history"><small>The opposing Hoopa was burned!</small><br></div><div class="spacer battle-history"><br></div><div class="battle-history">The opposing Hoopa used <strong>Dark Pulse</strong>!<br></div><div class="battle-history"><small>It's super effective!</small><br></div><div class="battle-history"><small>(Mew lost <abbr title="−301/401">75.1%</abbr> of its health!)</small><br></div><div class="spacer battle-history"><br></div><div class="battle-history">Mew fainted!<br></div><div class="spacer battle-history"><br></div><div class="battle-history"><small>The opposing Hoopa was hurt by its burn!</small><br></div><div class="spacer battle-history"><br></div><div class="battle-history">Go! <strong>Magearna</strong>!<br></div><div class="spacer battle-history"><br></div><h2 class="battle-history">Turn 17</h2><div class="spacer battle-history"><br></div><div class="battle-history">loubren withdrew Hoopa!<br></div><div class="battle-history">loubren sent out <strong>Toxapex</strong>!<br></div><div class="spacer battle-history"><br></div><div class="battle-history">Magearna, come back!<br></div><div class="battle-history">Go! <strong>Dragonite</strong>!<br></div><div class="spacer battle-history"><br></div><div class="battle-history"><small>The opposing Toxapex was hurt by its burn!</small><br></div><div class="spacer battle-history"><br></div><h2 class="battle-history">Turn 18</h2><div class="spacer battle-history"><br></div><div class="battle-history">Dragonite used <strong>Thunderbolt</strong>!<br></div><div class="battle-history"><small>It's super effective!</small><br></div><div class="battle-history"><small>(The opposing Toxapex lost <abbr title="−206/303">68.0%</abbr> of its health!)</small><br></div><div class="spacer battle-history"><br></div><div class="battle-history">The opposing Toxapex used <strong>Toxic</strong>!<br></div><div class="battle-history"><small>Dragonite was badly poisoned!</small><br></div><div class="spacer battle-history"><br></div><div class="battle-history"><small>Dragonite was hurt by poison!</small><br></div><div class="battle-history"><small>The opposing Toxapex was hurt by its burn!</small><br></div><div class="spacer battle-history"><br></div><h2 class="battle-history">Turn 19</h2><div class="spacer battle-history"><br></div><div class="battle-history">loubren withdrew Toxapex!<br></div><div class="battle-history">loubren sent out <strong>Magearna</strong>!<br></div><div class="spacer battle-history"><br></div><div class="battle-history">Dragonite used <strong>Thunderbolt</strong>!<br></div><div class="battle-history"><small>(The opposing Magearna lost <abbr title="−59/351">16.8%</abbr> of its health!)</small><br></div><div class="spacer battle-history"><br></div><div class="battle-history"><small>Dragonite was hurt by poison!</small><br></div><div class="spacer battle-history"><br></div><h2 class="battle-history">Turn 20</h2><div class="spacer battle-history"><br></div><div class="battle-history">Dragonite, come back!<br></div><div class="battle-history">Go! <strong>Magearna</strong>!<br></div><div class="spacer battle-history"><br></div><div class="battle-history">loubren withdrew Magearna!<br></div><div class="battle-history">loubren sent out <strong>Toxapex</strong>!<br></div><div class="spacer battle-history"><br></div><div class="battle-history"><small>Magearna restored a little HP using its Leftovers!</small><br></div><div class="battle-history"><small>The opposing Toxapex was hurt by its burn!</small><br></div><div class="spacer battle-history"><br></div><h2 class="battle-history">Turn 21</h2><div class="spacer battle-history"><br></div><div class="battle-history">Magearna, come back!<br></div><div class="battle-history">Go! <strong>Gyarados</strong>!<br></div><div class="spacer battle-history"><br></div><div class="battle-history">The opposing Toxapex used <strong>Recover</strong>!<br></div><div class="battle-history"><small>The opposing Toxapex restored its HP.</small><br></div><div class="spacer battle-history"><br></div><div class="battle-history"><small>The opposing Toxapex was hurt by its burn!</small><br></div><div class="spacer battle-history"><br></div><h2 class="battle-history">Turn 22</h2><div class="spacer battle-history"><br></div><div class="battle-history">loubren withdrew Toxapex!<br></div><div class="battle-history">loubren sent out Hoopa (<strong>Hoopa-Unbound</strong>)!<br></div><div class="spacer battle-history"><br></div><div class="battle-history">Gyarados used <strong>Taunt</strong>!<br></div><div class="battle-history"><small>The opposing Hoopa fell for the taunt!</small><br></div><div class="spacer battle-history"><br></div><div class="battle-history"><small>The opposing Hoopa was hurt by its burn!</small><br></div><div class="spacer battle-history"><br></div><h2 class="battle-history">Turn 23</h2><div class="spacer battle-history"><br></div><div class="battle-history"><small>Gyarados surrounded itself with its Z-Power!</small><br></div><div class="spacer battle-history"><br></div><div class="battle-history">Gyarados used <strong>Supersonic Skystrike</strong>!<br></div><div class="battle-history"><small>(The opposing Hoopa lost <abbr title="−228/301">75.7%</abbr> of its health!)</small><br></div><div class="spacer battle-history"><br></div><div class="battle-history">The opposing Hoopa fainted!<br></div><div class="battle-history"><small>[Gyarados's Moxie]</small><br></div><div class="battle-history"><small>Gyarados's Attack rose!</small><br></div><div class="spacer battle-history"><br></div><div class="battle-history">loubren sent out <strong>Magearna</strong>!<br></div><div class="spacer battle-history"><br></div><h2 class="battle-history">Turn 24</h2><div class="spacer battle-history"><br></div><div class="battle-history">Gyarados, come back!<br></div><div class="battle-history">Go! <strong>Magearna</strong>!<br></div><div class="spacer battle-history"><br></div><div class="battle-history">The opposing Magearna used <strong>Thunderbolt</strong>!<br></div><div class="battle-history"><small>(Magearna lost <abbr title="−53/363">14.6%</abbr> of its health!)</small><br></div><div class="spacer battle-history"><br></div><div class="battle-history"><small>Magearna restored a little HP using its Leftovers!</small><br></div><div class="spacer battle-history"><br></div><h2 class="battle-history">Turn 25</h2><div class="spacer battle-history"><br></div><div class="battle-history">Magearna, come back!<br></div><div class="battle-history">Go! <strong>Dragonite</strong>!<br></div><div class="spacer battle-history"><br></div><div class="battle-history">loubren withdrew Magearna!<br></div><div class="battle-history">loubren sent out <strong>Toxapex</strong>!<br></div><div class="spacer battle-history"><br></div><div class="battle-history"><small>Dragonite was hurt by poison!</small><br></div><div class="battle-history"><small>The opposing Toxapex was hurt by its burn!</small><br></div><div class="spacer battle-history"><br></div><h2 class="battle-history">Turn 26</h2><div class="spacer battle-history"><br></div><div class="battle-history">Dragonite used <strong>Thunderbolt</strong>!<br></div><div class="battle-history"><small>It's super effective!</small><br></div><div class="battle-history"><small>(The opposing Toxapex lost <abbr title="−200/303">66.0%</abbr> of its health!)</small><br></div><div class="spacer battle-history"><br></div><div class="battle-history">The opposing Toxapex used <strong>Toxic Spikes</strong>!<br></div><div class="battle-history"><small>Poison spikes were scattered on the ground all around your team!</small><br></div><div class="spacer battle-history"><br></div><div class="battle-history"><small>Dragonite was hurt by poison!</small><br></div><div class="battle-history"><small>The opposing Toxapex was hurt by its burn!</small><br></div><div class="spacer battle-history"><br></div><h2 class="battle-history">Turn 27</h2><div class="spacer battle-history"><br></div><div class="battle-history">loubren withdrew Toxapex!<br></div><div class="battle-history">loubren sent out <strong>Magearna</strong>!<br></div><div class="spacer battle-history"><br></div><div class="battle-history">Dragonite used <strong>Thunderbolt</strong>!<br></div><div class="battle-history"><small>(The opposing Magearna lost <abbr title="−60/351">17.1%</abbr> of its health!)</small><br></div><div class="spacer battle-history"><br></div><div class="battle-history"><small>Dragonite was hurt by poison!</small><br></div><div class="spacer battle-history"><br></div><h2 class="battle-history">Turn 28</h2><div class="spacer battle-history"><br></div><div class="battle-history">Dragonite, come back!<br></div><div class="battle-history">Go! <strong>Magearna</strong>!<br></div><div class="spacer battle-history"><br></div><div class="battle-history">The opposing Magearna used <strong>Ice Beam</strong>!<br></div><div class="battle-history"><small>It's not very effective...</small><br></div><div class="battle-history"><small>(Magearna lost <abbr title="−29/363">8.0%</abbr> of its health!)</small><br></div><div class="spacer battle-history"><br></div><div class="battle-history"><small>Magearna restored a little HP using its Leftovers!</small><br></div><div class="spacer battle-history"><br></div><h2 class="battle-history">Turn 29</h2><div class="spacer battle-history"><br></div><div class="battle-history">Magearna, come back!<br></div><div class="battle-history">Go! <strong>Dragonite</strong>!<br></div><div class="spacer battle-history"><br></div><div class="battle-history">The opposing Magearna used <strong>Focus Blast</strong>!<br></div><div class="battle-history"><small>It's not very effective...</small><br></div><div class="battle-history"><small>(Dragonite lost <abbr title="−59/323">18.3%</abbr> of its health!)</small><br></div><div class="spacer battle-history"><br></div><div class="battle-history"><small>Dragonite was hurt by poison!</small><br></div><div class="spacer battle-history"><br></div><h2 class="battle-history">Turn 30</h2><div class="spacer battle-history"><br></div><div class="battle-history">loubren withdrew Magearna!<br></div><div class="battle-history">loubren sent out <strong>Toxapex</strong>!<br></div><div class="spacer battle-history"><br></div><div class="battle-history">Dragonite used <strong>Fire Blast</strong>!<br></div><div class="battle-history"><small>The opposing Toxapex avoided the attack!</small><br></div><div class="spacer battle-history"><br></div><div class="battle-history"><small>Dragonite was hurt by poison!</small><br></div><div class="battle-history"><small>The opposing Toxapex was hurt by its burn!</small><br></div><div class="spacer battle-history"><br></div><h2 class="battle-history">Turn 31</h2><div class="spacer battle-history"><br></div><div class="battle-history">Dragonite, come back!<br></div><div class="battle-history">Go! <strong>Gyarados</strong>!<br></div><div class="spacer battle-history"><br></div><div class="battle-history">The opposing Toxapex used <strong>Toxic Spikes</strong>!<br></div><div class="battle-history"><small>Poison spikes were scattered on the ground all around your team!</small><br></div><div class="spacer battle-history"><br></div><div class="battle-history"><small>The opposing Toxapex was hurt by its burn!</small><br></div><div class="spacer battle-history"><br></div><h2 class="battle-history">Turn 32</h2><div class="spacer battle-history"><br></div><div class="battle-history">loubren withdrew Toxapex!<br></div><div class="battle-history">loubren sent out <strong>Magearna</strong>!<br></div><div class="spacer battle-history"><br></div><div class="battle-history">Gyarados used <strong>Taunt</strong>!<br></div><div class="battle-history"><small>The opposing Magearna fell for the taunt!</small><br></div><div class="spacer battle-history"><br></div><h2 class="battle-history">Turn 33</h2><div class="spacer battle-history"><br></div><div class="battle-history">Gyarados, come back!<br></div><div class="battle-history">Go! <strong>Magearna</strong>!<br></div><div class="spacer battle-history"><br></div><div class="battle-history">The opposing Magearna used <strong>Thunderbolt</strong>!<br></div><div class="battle-history"><small>(Magearna lost <abbr title="−59/363">16.3%</abbr> of its health!)</small><br></div><div class="spacer battle-history"><br></div><div class="battle-history"><small>Magearna restored a little HP using its Leftovers!</small><br></div><div class="spacer battle-history"><br></div><h2 class="battle-history">Turn 34</h2><div class="spacer battle-history"><br></div><div class="battle-history">loubren withdrew Magearna!<br></div><div class="battle-history">loubren sent out <strong>Toxapex</strong>!<br></div><div class="spacer battle-history"><br></div><div class="battle-history">Magearna used <strong>Flash Cannon</strong>!<br></div><div class="battle-history"><small>It's not very effective...</small><br></div><div class="battle-history"><small>(The opposing Toxapex lost <abbr title="−38/303">12.5%</abbr> of its health!)</small><br></div><div class="spacer battle-history"><br></div><div class="battle-history"><small>Magearna restored a little HP using its Leftovers!</small><br></div><div class="battle-history"><small>The opposing Toxapex was hurt by its burn!</small><br></div><div class="spacer battle-history"><br></div><h2 class="battle-history">Turn 35</h2><div class="chat message-error">loubren tiene 135 segundos restantes.</div><div class="spacer battle-history"><br></div><div class="battle-history">Magearna, come back!<br></div><div class="battle-history">Go! <strong>Gyarados</strong>!<br></div><div class="spacer battle-history"><br></div><div class="battle-history">The opposing Toxapex used <strong>Toxic</strong>!<br></div><div class="battle-history"><small>Gyarados was badly poisoned!</small><br></div><div class="spacer battle-history"><br></div><div class="battle-history"><small>Gyarados was hurt by poison!</small><br></div><div class="battle-history"><small>The opposing Toxapex was hurt by its burn!</small><br></div><div class="spacer battle-history"><br></div><h2 class="battle-history">Turn 36</h2><div class="spacer battle-history"><br></div><div class="battle-history">Gyarados used <strong>Taunt</strong>!<br></div><div class="battle-history"><small>The opposing Toxapex fell for the taunt!</small><br></div><div class="spacer battle-history"><br></div><div class="battle-history">The opposing Toxapex can't use Recover after the taunt!<br></div><div class="spacer battle-history"><br></div><div class="battle-history"><small>Gyarados was hurt by poison!</small><br></div><div class="battle-history"><small>The opposing Toxapex was hurt by its burn!</small><br></div><div class="spacer battle-history"><br></div><h2 class="battle-history">Turn 37</h2><div class="spacer battle-history"><br></div><div class="battle-history">loubren withdrew Toxapex!<br></div><div class="battle-history">loubren sent out <strong>Magearna</strong>!<br></div><div class="spacer battle-history"><br></div><div class="battle-history">Gyarados used <strong>Dragon Dance</strong>!<br></div><div class="battle-history"><small>Gyarados's Attack rose!</small><br></div><div class="battle-history"><small>Gyarados's Speed rose!</small><br></div><div class="spacer battle-history"><br></div><div class="battle-history"><small>Gyarados was hurt by poison!</small><br></div><div class="spacer battle-history"><br></div><h2 class="battle-history">Turn 38</h2><div class="spacer battle-history"><br></div><div class="battle-history">Gyarados used <strong>Waterfall</strong>!<br></div><div class="battle-history"><small>(The opposing Magearna lost <abbr title="−184/351">52.4%</abbr> of its health!)</small><br></div><div class="spacer battle-history"><br></div><div class="battle-history">The opposing Magearna fainted!<br></div><div class="battle-history"><small>[Gyarados's Moxie]</small><br></div><div class="battle-history"><small>Gyarados's Attack rose!</small><br></div><div class="spacer battle-history"><br></div><div class="battle-history"><small>Gyarados was hurt by poison!</small><br></div><div class="spacer battle-history"><br></div><div class="battle-history">loubren sent out <strong>Toxapex</strong>!<br></div><div class="spacer battle-history"><br></div><h2 class="battle-history">Turn 39</h2><div class="spacer battle-history"><br></div><div class="battle-history">Gyarados used <strong>Taunt</strong>!<br></div><div class="battle-history"><small>The opposing Toxapex fell for the taunt!</small><br></div><div class="spacer battle-history"><br></div><div class="battle-history">The opposing Toxapex used <strong>Scald</strong>!<br></div><div class="battle-history"><small>It's not very effective...</small><br></div><div class="battle-history"><small>(Gyarados lost <abbr title="−27/331">8.2%</abbr> of its health!)</small><br></div><div class="spacer battle-history"><br></div><div class="battle-history"><small>Gyarados was hurt by poison!</small><br></div><div class="battle-history"><small>The opposing Toxapex was hurt by its burn!</small><br></div><div class="spacer battle-history"><br></div><h2 class="battle-history">Turn 40</h2><div class="spacer battle-history"><br></div><div class="battle-history">Gyarados used <strong>Waterfall</strong>!<br></div><div class="battle-history"><small>It's not very effective...</small><br></div><div class="battle-history"><small>(The opposing Toxapex lost <abbr title="−77/303">25.4%</abbr> of its health!)</small><br></div><div class="spacer battle-history"><br></div><div class="battle-history">The opposing Toxapex used <strong>Scald</strong>!<br></div><div class="battle-history"><small>It's not very effective...</small><br></div><div class="battle-history"><small>(Gyarados lost <abbr title="−4/331">1.2%</abbr> of its health!)</small><br></div><div class="spacer battle-history"><br></div><div class="battle-history">Gyarados fainted!<br></div><div class="spacer battle-history"><br></div><div class="battle-history"><small>The opposing Toxapex was hurt by its burn!</small><br></div><div class="spacer battle-history"><br></div><div class="battle-history">Go! <strong>Dragonite</strong>!<br></div><div class="spacer battle-history"><br></div><h2 class="battle-history">Turn 41</h2><div class="spacer battle-history"><br></div><div class="battle-history">loubren withdrew Toxapex!<br></div><div class="battle-history">loubren sent out <strong>Kartana</strong>!<br></div><div class="spacer battle-history"><br></div><div class="battle-history">Dragonite used <strong>Draco Meteor</strong>!<br></div><div class="battle-history"><small>It's not very effective...</small><br></div><div class="battle-history"><small>(The opposing Kartana lost <abbr title="−243/259">93.8%</abbr> of its health!)</small><br></div><div class="battle-history"><small>Dragonite's Special Attack fell harshly!</small><br></div><div class="spacer battle-history"><br></div><div class="battle-history">The opposing Kartana fainted!<br></div><div class="spacer battle-history"><br></div><div class="battle-history"><small>Dragonite was hurt by poison!</small><br></div><div class="spacer battle-history"><br></div><div class="battle-history">loubren sent out <strong>Toxapex</strong>!<br></div><div class="spacer battle-history"><br></div><h2 class="battle-history">Turn 42</h2><div class="spacer battle-history"><br></div><div class="battle-history">Dragonite, come back!<br></div><div class="battle-history">Go! <strong>Magearna</strong>!<br></div><div class="spacer battle-history"><br></div><div class="battle-history">The opposing Toxapex used <strong>Recover</strong>!<br></div><div class="battle-history"><small>The opposing Toxapex restored its HP.</small><br></div><div class="spacer battle-history"><br></div><div class="battle-history"><small>Magearna restored a little HP using its Leftovers!</small><br></div><div class="battle-history"><small>The opposing Toxapex was hurt by its burn!</small><br></div><div class="spacer battle-history"><br></div><h2 class="battle-history">Turn 43</h2><div class="spacer battle-history"><br></div><div class="battle-history">Magearna used <strong>Flash Cannon</strong>!<br></div><div class="battle-history"><small>It's not very effective...</small><br></div><div class="battle-history"><small>(The opposing Toxapex lost <abbr title="−37/303">12.2%</abbr> of its health!)</small><br></div><div class="spacer battle-history"><br></div><div class="battle-history">The opposing Toxapex used <strong>Scald</strong>!<br></div><div class="battle-history"><small>(Magearna lost <abbr title="−36/363">9.9%</abbr> of its health!)</small><br></div><div class="spacer battle-history"><br></div><div class="battle-history"><small>Magearna restored a little HP using its Leftovers!</small><br></div><div class="battle-history"><small>The opposing Toxapex was hurt by its burn!</small><br></div><div class="spacer battle-history"><br></div><h2 class="battle-history">Turn 44</h2><div class="spacer battle-history"><br></div><div class="battle-history">Magearna used <strong>Flash Cannon</strong>!<br></div><div class="battle-history"><small>It's not very effective...</small><br></div><div class="battle-history"><small>(The opposing Toxapex lost <abbr title="−36/303">11.9%</abbr> of its health!)</small><br></div><div class="battle-history"><small>The opposing Toxapex's Special Defense fell!</small><br></div><div class="spacer battle-history"><br></div><div class="battle-history">The opposing Toxapex used <strong>Scald</strong>!<br></div><div class="battle-history"><small>(Magearna lost <abbr title="−37/363">10.2%</abbr> of its health!)</small><br></div><div class="spacer battle-history"><br></div><div class="battle-history"><small>Magearna restored a little HP using its Leftovers!</small><br></div><div class="battle-history"><small>The opposing Toxapex was hurt by its burn!</small><br></div><div class="spacer battle-history"><br></div><h2 class="battle-history">Turn 45</h2><div class="spacer battle-history"><br></div><div class="battle-history"><small>loubren se rindió.</small><br></div><div class="spacer battle-history"><br></div><div class="battle-history"><strong>VetDancX</strong> won the battle!<br></div><div class="chat">VetDancX ha ganado 6.75 PokeDolares.</div><div class="chat">Puntaje de VetDancX: 1371 → <strong>1388</strong><br>(+17 por ganar)</div><div class="chat">Puntaje de loubren: 1325 → <strong>1303</strong><br>(-22 por perder)</div></div><div class="inner-preempt"></div></div></div>
</div>
<script>
let daily = Math.floor(Date.now()/1000/60/60/24);document.write('<script src="https://play.pokemonshowdown.com/js/replay-embed.js?version'+daily+'"></'+'script>');
</script>
