<!DOCTYPE html>
<meta charset="utf-8" />
<!-- version 1 -->
<title>OU replay: Mr. 007 vs. jan suchiru</title>
<style>
html,body {font-family:Verdana, sans-serif;font-size:10pt;margin:0;padding:0;}body{padding:12px 0;} .battle-log {font-family:Verdana, sans-serif;font-size:10pt;} .battle-log-inline {border:1px solid #AAAAAA;background:#EEF2F5;color:black;max-width:640px;margin:0 auto 80px;padding-bottom:5px;} .battle-log .inner {padding:4px 8px 0px 8px;} .battle-log .inner-preempt {padding:0 8px 4px 8px;} .battle-log .inner-after {margin-top:0.5em;} .battle-log h2 {margin:0.5em -8px;padding:4px 8px;border:1px solid #AAAAAA;background:#E0E7EA;border-left:0;border-right:0;font-family:Verdana, sans-serif;font-size:13pt;} .battle-log .chat {vertical-align:middle;padding:3px 0 3px 0;font-size:8pt;} .battle-log .chat strong {color:#40576A;} .battle-log .chat em {padding:1px 4px 1px 3px;color:#000000;font-style:normal;} .chat.mine {background:rgba(0,0,0,0.05);margin-left:-8px;margin-right:-8px;padding-left:8px;padding-right:8px;} .spoiler {color:#BBBBBB;background:#BBBBBB;padding:0px 3px;} .spoiler:hover, .spoiler:active, .spoiler-shown {color:#000000;background:#E2E2E2;padding:0px 3px;} .spoiler a {color:#BBBBBB;} .spoiler:hover a, .spoiler:active a, .spoiler-shown a {color:#2288CC;} .chat code, .chat .spoiler:hover code, .chat .spoiler:active code, .chat .spoiler-shown code {border:1px solid #C0C0C0;background:#EEEEEE;color:black;padding:0 2px;} .chat .spoiler code {border:1px solid #CCCCCC;background:#CCCCCC;color:#CCCCCC;} .battle-log .rated {padding:3px 4px;} .battle-log .rated strong {color:white;background:#89A;padding:1px 4px;border-radius:4px;} .spacer {margin-top:0.5em;} .message-announce {background:#6688AA;color:white;padding:1px 4px 2px;} .message-announce a, .broadcast-green a, .broadcast-blue a, .broadcast-red a {color:#DDEEFF;} .broadcast-green {background-color:#559955;color:white;padding:2px 4px;} .broadcast-blue {background-color:#6688AA;color:white;padding:2px 4px;} .infobox {border:1px solid #6688AA;padding:2px 4px;} .infobox-limited {max-height:200px;overflow:auto;overflow-x:hidden;} .broadcast-red {background-color:#AA5544;color:white;padding:2px 4px;} .message-learn-canlearn {font-weight:bold;color:#228822;text-decoration:underline;} .message-learn-cannotlearn {font-weight:bold;color:#CC2222;text-decoration:underline;} .message-effect-weak {font-weight:bold;color:#CC2222;} .message-effect-resist {font-weight:bold;color:#6688AA;} .message-effect-immune {font-weight:bold;color:#666666;} .message-learn-list {margin-top:0;margin-bottom:0;} .message-throttle-notice, .message-error {color:#992222;} .message-overflow, .chat small.message-overflow {font-size:0pt;} .message-overflow::before {font-size:9pt;content:'...';} .subtle {color:#3A4A66;}
</style>
<div class="wrapper replay-wrapper" style="max-width:1180px;margin:0 auto">
<input type="hidden" name="replayid" value="destiny-ou-499846" />
<div class="battle"></div><div class="battle-log"></div><div class="replay-controls"></div><div class="replay-controls-2"></div>
<h1 style="font-weight:normal;text-align:center"><strong>OU</strong><br /><a href="http://pokemonshowdown.com/users/mr007" class="subtle" target="_blank">Mr. 007</a> vs. <a href="http://pokemonshowdown.com/users/jansuchiru" class="subtle" target="_blank">jan suchiru</a></h1>
<script type="text/plain" class="battle-log-data">|player|p1|Mr. 007|120
|teamsize|p1|6
|player|p2|jan suchiru|65
|teamsize|p2|6
|teamsize|p1|6
|teamsize|p2|6
|gametype|singles
|gen|7
|tier|OU
|rated
|seed|23141,44337,37569,34653
|rule|Cláusula-Mod de Dormir: solo puedes dormir a uno de tus oponentes a la vez.
|rule|Cláusula de Especie: Hasta un Pokémon de cada especie
|rule|Cláusula de Golpe Fulminante: los movimientos fulminantes (OHKO) estan prohibidos
|rule|Cláusula de Veleta: la habilidad Veleta está prohibida
|rule|Cláusula de Movimientos Evasivos: los movimientos de Evasión están prohibidos.
|rule|Cláusula de Batallas Eternas: forzar batallas eternas está prohibido
|clearpoke
|poke|p1|Abomasnow, F|item
|poke|p1|Sandslash-Alola, F|item
|poke|p1|Landorus-Therian, M|item
|poke|p1|Latios, M|item
|poke|p1|Beartic, F|item
|poke|p1|Aurorus, M|item
|poke|p2|Jirachi|item
|poke|p2|Magearna|item
|poke|p2|Skarmory, F|item
|poke|p2|Empoleon, F|item
|poke|p2|Aggron, M|item
|poke|p2|Klefki, F|item
|teampreview|undefined
|c|☆Mr. 007|gl hf
|choice|*team 123456|*
|inactive|Reloj de batalla ENCENDIDO. El jugador inactivo será descalificado (solicitado por Mr. 007).
|inactive|jan suchiru tiene 135 segundos restantes.
|choice|*|*team 623451
|choice|team 1, 2, 3, 4, 5, 6|team 6, 2, 3, 4, 5, 1
|
|start
|switch|p1a: Abomasnow|Abomasnow, F|383\/383
|switch|p2a: Klefki|Klefki, F|318\/318
|-weather|Hail|[from] ability: Snow Warning|[of] p1a: Abomasnow
|turn|1
|choice|*move 3 mega 1|*
|choice|*|*move 1
|choice|move hiddenpower mega|move reflect
|
|-mega|p1a: Abomasnow|Abomasnow|Abomasite
|detailschange|p1a: Abomasnow|Abomasnow-Mega, F
|move|p2a: Klefki|Reflect|p2a: Klefki
|-sidestart|p2: jan suchiru|Reflect
|move|p1a: Abomasnow|Hidden Power|p2a: Klefki
|-supereffective|p2a: Klefki
|-damage|p2a: Klefki|172\/318
|
|-weather|Hail|[upkeep]
|-damage|p2a: Klefki|153\/318|[from] hail
|upkeep
|turn|2
|choice|*move 3 1|*
|choice|*|*move 2
|choice|move hiddenpower|move lightscreen
|
|move|p2a: Klefki|Light Screen|p2a: Klefki
|-sidestart|p2: jan suchiru|move: Light Screen
|move|p1a: Abomasnow|Hidden Power|p2a: Klefki
|-supereffective|p2a: Klefki
|-damage|p2a: Klefki|82\/318
|
|-weather|Hail|[upkeep]
|-damage|p2a: Klefki|63\/318|[from] hail
|upkeep
|turn|3
|choice|*move 3 1|*
|inactive|jan suchiru tiene 135 segundos restantes.
|inactive|jan suchiru tiene 120 segundos restantes.
|inactive|jan suchiru tiene 105 segundos restantes.
|choice|*|*switch 5
|choice|move hiddenpower|switch 5
|
|switch|p2a: Aggron|Aggron, M|282\/282
|move|p1a: Abomasnow|Hidden Power|p2a: Aggron
|-crit|p2a: Aggron
|-damage|p2a: Aggron|153\/282
|
|-weather|Hail|[upkeep]
|-damage|p2a: Aggron|136\/282|[from] hail
|upkeep
|turn|4
|choice|*move 2 1|*
|inactive|jan suchiru tiene 135 segundos restantes.
|choice|*|*move 3 mega
|choice|move gigadrain|move rockslide mega
|
|-mega|p2a: Aggron|Aggron|Aggronite
|detailschange|p2a: Aggron|Aggron-Mega, M
|move|p2a: Aggron|Rock Slide|p1a: Abomasnow
|-supereffective|p1a: Abomasnow
|-crit|p1a: Abomasnow
|-damage|p1a: Abomasnow|83\/383
|cant|p1a: Abomasnow|flinch
|
|-weather|Hail|[upkeep]
|-damage|p2a: Aggron|119\/282|[from] hail
|upkeep
|turn|5
|choice|*move 3 1|*
|inactive|jan suchiru tiene 135 segundos restantes.
|choice|*|*move 2
|choice|move hiddenpower|move heavyslam
|
|move|p2a: Aggron|Heavy Slam|p1a: Abomasnow
|-supereffective|p1a: Abomasnow
|-damage|p1a: Abomasnow|0 fnt
|faint|p1a: Abomasnow
|
|-weather|none
|upkeep
|inactive|Mr. 007 tiene 135 segundos restantes.
|choice|*switch 3|*
|choice|switch 3|
|
|switch|p1a: Landorus|Landorus-Therian, M|381\/381
|-ability|p1a: Landorus|Intimidate|boost
|-unboost|p2a: Aggron|atk|1
|turn|6
|choice|*move 2|*
|choice|*|*switch 3
|choice|move earthquake|switch 3
|
|switch|p2a: Skarmory|Skarmory, F|334\/334
|move|p1a: Landorus|Earthquake|p2a: Skarmory
|-immune|p2a: Skarmory|[msg]
|
|upkeep
|turn|7
|choice|*switch 2|*
|inactive|jan suchiru tiene 135 segundos restantes.
|choice|*|*move 3
|choice|switch 2|move toxic
|
|switch|p1a: Sandslash|Sandslash-Alola, F|291\/291
|move|p2a: Skarmory|Toxic|p1a: Sandslash
|-immune|p1a: Sandslash|[msg]
|
|upkeep
|turn|8
|choice|*move 1 1|*
|choice|*|*move 4
|choice|move iciclecrash|move stealthrock
|
|move|p1a: Sandslash|Icicle Crash|p2a: Skarmory
|-damage|p2a: Skarmory|301\/334
|move|p2a: Skarmory|Stealth Rock|p1a: Sandslash
|-sidestart|p1: Mr. 007|move: Stealth Rock
|
|-sideend|p2: jan suchiru|Reflect
|upkeep
|turn|9
|choice|*move 1 1|*
|inactive|jan suchiru tiene 135 segundos restantes.
|choice|*|*move 1
|choice|move iciclecrash|move bravebird
|
|move|p1a: Sandslash|Icicle Crash|p2a: Skarmory
|-damage|p2a: Skarmory|226\/334
|cant|p2a: Skarmory|flinch
|
|-sideend|p2: jan suchiru|move: Light Screen
|upkeep
|turn|10
|choice|*move 4|*
|choice|*|*move 1
|choice|move substitute|move bravebird
|
|move|p1a: Sandslash|Substitute|p1a: Sandslash
|-start|p1a: Sandslash|Substitute
|-damage|p1a: Sandslash|219\/291
|move|p2a: Skarmory|Brave Bird|p1a: Sandslash
|-resisted|p1a: Sandslash
|-activate|p1a: Sandslash|move: Substitute|[damage]
|-damage|p2a: Skarmory|209\/334|[from] recoil|[of] p1a: Sandslash
|
|upkeep
|turn|11
|choice|*move 1 1|*
|choice|*|*switch 5
|choice|move iciclecrash|switch 5
|
|switch|p2a: Klefki|Klefki, F|63\/318
|move|p1a: Sandslash|Icicle Crash|p2a: Klefki|[miss]
|-miss|p1a: Sandslash|p2a: Klefki
|
|upkeep
|turn|12
|choice|*move 3|*
|choice|*|*move 1
|choice|move earthquake|move reflect
|
|move|p2a: Klefki|Reflect|p2a: Klefki
|-sidestart|p2: jan suchiru|Reflect
|move|p1a: Sandslash|Earthquake|p2a: Klefki
|-supereffective|p2a: Klefki
|-damage|p2a: Klefki|0 fnt
|faint|p2a: Klefki
|
|upkeep
|inactive|jan suchiru tiene 135 segundos restantes.
|choice|*|*switch 6
|choice||switch 6
|
|switch|p2a: Jirachi|Jirachi|342\/342
|turn|13
|choice|*switch 4|*
|choice|*|*move 2
|choice|switch 4|move firepunch
|
|switch|p1a: Latios|Latios, M|301\/301
|-damage|p1a: Latios|264\/301|[from] Stealth Rock
|move|p2a: Jirachi|Fire Punch|p1a: Latios
|-resisted|p1a: Latios
|-damage|p1a: Latios|214\/301
|
|upkeep
|turn|14
|choice|*move 1|*
|choice|*|*switch 4
|choice|move surf|switch 4
|
|switch|p2a: Empoleon|Empoleon, F|372\/372
|move|p1a: Latios|Surf|p2a: Empoleon
|-resisted|p2a: Empoleon
|-damage|p2a: Empoleon|333\/372
|
|-heal|p2a: Empoleon|356\/372|[from] item: Leftovers
|upkeep
|turn|15
|choice|*move 1|*
|choice|*|*move 3
|choice|move surf|move knockoff
|
|move|p1a: Latios|Surf|p2a: Empoleon
|-resisted|p2a: Empoleon
|-damage|p2a: Empoleon|315\/372
|move|p2a: Empoleon|Knock Off|p1a: Latios
|-supereffective|p1a: Latios
|-damage|p1a: Latios|72\/301
|-enditem|p1a: Latios|Choice Scarf|[from] move: Knock Off|[of] p2a: Empoleon
|
|-heal|p2a: Empoleon|338\/372|[from] item: Leftovers
|upkeep
|turn|16
|choice|*move 2 1|*
|choice|*|*move 2
|choice|move psyshock|move icebeam
|
|move|p1a: Latios|Psyshock|p2a: Empoleon
|-resisted|p2a: Empoleon
|-damage|p2a: Empoleon|263\/372
|move|p2a: Empoleon|Ice Beam|p1a: Latios
|-supereffective|p1a: Latios
|-damage|p1a: Latios|0 fnt
|faint|p1a: Latios
|
|-heal|p2a: Empoleon|286\/372|[from] item: Leftovers
|upkeep
|inactive|Mr. 007 tiene 135 segundos restantes.
|choice|*switch 4|*
|choice|switch 4|
|
|switch|p1a: Sandslash|Sandslash-Alola, F|219\/291
|-damage|p1a: Sandslash|183\/291|[from] Stealth Rock
|turn|17
|choice|*move 3|*
|inactive|jan suchiru tiene 135 segundos restantes.
|choice|*|*move 1
|choice|move earthquake|move surf
|
|move|p1a: Sandslash|Earthquake|p2a: Empoleon
|-supereffective|p2a: Empoleon
|-damage|p2a: Empoleon|176\/372
|move|p2a: Empoleon|Surf|p1a: Sandslash
|-crit|p1a: Sandslash
|-damage|p1a: Sandslash|0 fnt
|faint|p1a: Sandslash
|
|-heal|p2a: Empoleon|199\/372|[from] item: Leftovers
|upkeep
|inactive|Mr. 007 tiene 135 segundos restantes.
|choice|*switch 5|*
|choice|switch 5|
|
|switch|p1a: Beartic|Beartic, F|331\/331
|-damage|p1a: Beartic|249\/331|[from] Stealth Rock
|turn|18
|choice|*move 4 1|*
|inactive|jan suchiru tiene 135 segundos restantes.
|choice|*|*switch 5
|choice|move superpower|switch 5
|
|switch|p2a: Skarmory|Skarmory, F|209\/334
|move|p1a: Beartic|Superpower|p2a: Skarmory
|-crit|p2a: Skarmory
|-damage|p2a: Skarmory|57\/334
|-damage|p1a: Beartic|194\/331|[from] item: Rocky Helmet|[of] p2a: Skarmory
|-unboost|p1a: Beartic|atk|1
|-unboost|p1a: Beartic|def|1
|-damage|p1a: Beartic|161\/331|[from] item: Life Orb
|
|upkeep
|turn|19
|choice|*move 4 1|*
|choice|*|*move 2
|choice|move superpower|move roost
|
|move|p1a: Beartic|Superpower|p2a: Skarmory
|-damage|p2a: Skarmory|20\/334
|-damage|p1a: Beartic|106\/331|[from] item: Rocky Helmet|[of] p2a: Skarmory
|-unboost|p1a: Beartic|atk|1
|-unboost|p1a: Beartic|def|1
|-damage|p1a: Beartic|73\/331|[from] item: Life Orb
|move|p2a: Skarmory|Roost|p2a: Skarmory
|-heal|p2a: Skarmory|187\/334
|
|-sideend|p2: jan suchiru|Reflect
|upkeep
|turn|20
|choice|*move 4 1|*
|choice|*|*move 2
|choice|move superpower|move roost
|
|move|p1a: Beartic|Superpower|p2a: Skarmory
|-damage|p2a: Skarmory|130\/334
|-damage|p1a: Beartic|18\/331|[from] item: Rocky Helmet|[of] p2a: Skarmory
|-unboost|p1a: Beartic|atk|1
|-unboost|p1a: Beartic|def|1
|-damage|p1a: Beartic|0 fnt|[from] item: Life Orb
|faint|p1a: Beartic
|move|p2a: Skarmory|Roost|p2a: Skarmory
|-heal|p2a: Skarmory|297\/334
|
|upkeep
|inactive|Mr. 007 tiene 135 segundos restantes.
|choice|*switch 2|*
|choice|switch 2|
|
|switch|p1a: Landorus|Landorus-Therian, M|381\/381
|-damage|p1a: Landorus|334\/381|[from] Stealth Rock
|-ability|p1a: Landorus|Intimidate|boost
|-unboost|p2a: Skarmory|atk|1
|turn|21
|choice|*move 1|*
|choice|*|*move 3
|choice|move stealthrock|move toxic
|
|move|p1a: Landorus|Stealth Rock|p2a: Skarmory
|-sidestart|p2: jan suchiru|move: Stealth Rock
|move|p2a: Skarmory|Toxic|p1a: Landorus
|-status|p1a: Landorus|tox
|
|-damage|p1a: Landorus|311\/381 tox|[from] psn
|upkeep
|turn|22
|choice|*move 4 1|*
|choice|*|*move 2
|choice|move hiddenpower|move roost
|
|move|p1a: Landorus|Hidden Power|p2a: Skarmory
|-supereffective|p2a: Skarmory
|-damage|p2a: Skarmory|163\/334
|move|p2a: Skarmory|Roost|p2a: Skarmory
|-heal|p2a: Skarmory|330\/334
|
|-damage|p1a: Landorus|265\/381 tox|[from] psn
|upkeep
|turn|23
|choice|*move 4 1|*
|inactive|jan suchiru tiene 135 segundos restantes.
|choice|*|*move 2
|choice|move hiddenpower|move roost
|
|move|p1a: Landorus|Hidden Power|p2a: Skarmory
|-supereffective|p2a: Skarmory
|-damage|p2a: Skarmory|204\/334
|move|p2a: Skarmory|Roost|p2a: Skarmory
|-heal|p2a: Skarmory|334\/334
|
|-damage|p1a: Landorus|196\/381 tox|[from] psn
|upkeep
|turn|24
|choice|*move 4 1|*
|choice|*|*move 2
|choice|move hiddenpower|move roost
|
|move|p1a: Landorus|Hidden Power|p2a: Skarmory
|-supereffective|p2a: Skarmory
|-damage|p2a: Skarmory|190\/334
|move|p2a: Skarmory|Roost|p2a: Skarmory
|-heal|p2a: Skarmory|334\/334
|
|-damage|p1a: Landorus|104\/381 tox|[from] psn
|upkeep
|turn|25
|choice|*move 4 1|*
|choice|*|*move 2
|choice|move hiddenpower|move roost
|
|move|p1a: Landorus|Hidden Power|p2a: Skarmory
|-supereffective|p2a: Skarmory
|-damage|p2a: Skarmory|210\/334
|move|p2a: Skarmory|Roost|p2a: Skarmory
|-heal|p2a: Skarmory|334\/334
|
|-damage|p1a: Landorus|0 fnt|[from] psn
|upkeep
|faint|p1a: Landorus
|inactive|Mr. 007 tiene 135 segundos restantes.
|choice|*switch 6|*
|choice|switch 6|
|
|switch|p1a: Aurorus|Aurorus, M|450\/450
|-damage|p1a: Aurorus|338\/450|[from] Stealth Rock
|-weather|Hail|[from] ability: Snow Warning|[of] p1a: Aurorus
|turn|26
|choice|*move 1|*
|inactive|jan suchiru tiene 135 segundos restantes.
|choice|*|*move 3
|choice|move blizzard|move toxic
|
|move|p2a: Skarmory|Toxic|p1a: Aurorus
|-status|p1a: Aurorus|tox
|move|p1a: Aurorus|Blizzard|p2a: Skarmory
|-damage|p2a: Skarmory|96\/334
|
|-weather|Hail|[upkeep]
|-damage|p2a: Skarmory|76\/334|[from] hail
|-damage|p1a: Aurorus|310\/450 tox|[from] psn
|upkeep
|turn|27
|choice|*move 1|*
|inactive|jan suchiru tiene 135 segundos restantes.
|choice|*|*move 2
|choice|move blizzard|move roost
|
|move|p2a: Skarmory|Roost|p2a: Skarmory
|-heal|p2a: Skarmory|243\/334
|move|p1a: Aurorus|Blizzard|p2a: Skarmory
|-resisted|p2a: Skarmory
|-damage|p2a: Skarmory|129\/334
|-status|p2a: Skarmory|frz
|
|-weather|Hail|[upkeep]
|-damage|p2a: Skarmory|109\/334 frz|[from] hail
|-damage|p1a: Aurorus|254\/450 tox|[from] psn
|upkeep
|turn|28
|choice|*move 3 1|*
|inactive|jan suchiru tiene 135 segundos restantes.
|choice|*|*move 2
|choice|move freezedry|move roost
|
|cant|p2a: Skarmory|frz
|move|p1a: Aurorus|Freeze-Dry|p2a: Skarmory
|-damage|p2a: Skarmory|0 fnt
|faint|p2a: Skarmory
|
|-weather|Hail|[upkeep]
|-damage|p1a: Aurorus|170\/450 tox|[from] psn
|upkeep
|inactive|jan suchiru tiene 135 segundos restantes.
|choice|*|*switch 4
|choice||switch 4
|
|switch|p2a: Jirachi|Jirachi|342\/342
|-damage|p2a: Jirachi|321\/342|[from] Stealth Rock
|turn|29
|choice|*move 4 1|*
|choice|*|*move 1
|choice|move earthpower|move ironhead
|
|move|p2a: Jirachi|Iron Head|p1a: Aurorus
|-supereffective|p1a: Aurorus
|-damage|p1a: Aurorus|0 fnt
|faint|p1a: Aurorus
|
|win|jan suchiru
jan suchiru ha ganado 8 PokeDolares.
|raw|Puntaje de Mr. 007: 1177 &rarr; <strong>1156<\/strong><br \/>(-21 por perder)
|raw|Puntaje de jan suchiru: 1208 &rarr; <strong>1230<\/strong><br \/>(+22 por ganar)
|c|☆Mr. 007|gg
</script>
</div>
<div class="battle-log battle-log-inline"><div class="inner"><div class="battle-options"></div><div class="inner"><div class=""><small>Format:</small> <br><strong>OU</strong></div><div class="rated"><strong>Rated battle</strong></div><div class=""><small><em>Cláusula-Mod de Dormir:</em> solo puedes dormir a uno de tus oponentes a la vez.</small></div><div class=""><small><em>Cláusula de Especie:</em> Hasta un Pokémon de cada especie</small></div><div class=""><small><em>Cláusula de Golpe Fulminante:</em> los movimientos fulminantes (OHKO) estan prohibidos</small></div><div class=""><small><em>Cláusula de Veleta:</em> la habilidad Veleta está prohibida</small></div><div class=""><small><em>Cláusula de Movimientos Evasivos:</em> los movimientos de Evasión están prohibidos.</small></div><div class=""><small><em>Cláusula de Batallas Eternas:</em> forzar batallas eternas está prohibido</small></div><div class="chat battle-history"><strong>Mr. 007's team:</strong> <em style="color:#445566;display:block;">Abomasnow / Sandslash-Alola / Landorus-Therian / Latios / Beartic / Aurorus</em></div><div class="chat battle-history"><strong>jan suchiru's team:</strong> <em style="color:#445566;display:block;">Jirachi / Magearna / Skarmory / Empoleon / Aggron / Klefki</em></div><div class="chat chatmessage-mr007"><strong style="color:hsl(199,88%,46.194086829193964%)"><small>☆</small><span class="username" data-name="Mr. 007">Mr. 007</span>:</strong> <em>gl hf</em></div><div class="chat message-error">Reloj de batalla ENCENDIDO. El jugador inactivo será descalificado (solicitado por Mr. 007).</div><div class="chat message-error">jan suchiru tiene 135 segundos restantes.</div><div class="spacer battle-history"><br></div><div class="battle-history">Battle started between Mr. 007 and jan suchiru!<br></div><div class="spacer battle-history"><br></div><div class="battle-history">Go! <strong>Abomasnow</strong>!<br></div><div class="spacer battle-history"><br></div><div class="battle-history">jan suchiru sent out <strong>Klefki</strong>!<br></div><div class="battle-history"><small>[Abomasnow's Snow Warning]</small><br><small>It started to hail!</small><br></div><div class="spacer battle-history"><br></div><h2 class="battle-history">Turn 1</h2><div class="spacer battle-history"><br></div><div class="battle-history"><small>Abomasnow's Abomasite is reacting to the Key Stone!</small><br>Abomasnow has Mega Evolved into Mega Abomasnow!<br></div><div class="spacer battle-history"><br></div><div class="battle-history">The opposing Klefki used <strong>Reflect</strong>!<br></div><div class="battle-history"><small>Reflect made the opposing team stronger against physical moves!</small><br></div><div class="spacer battle-history"><br></div><div class="battle-history">Abomasnow used <strong>Hidden Power</strong>!<br></div><div class="battle-history"><small>It's super effective!</small><br></div><div class="battle-history"><small>(The opposing Klefki lost <abbr title="−146/318">45.9%</abbr> of its health!)</small><br></div><div class="spacer battle-history"><br></div><div class="battle-history"><small>The hail is crashing down.</small><br></div><div class="battle-history"><small>The opposing Klefki is buffeted by the hail!</small><br></div><div class="spacer battle-history"><br></div><h2 class="battle-history">Turn 2</h2><div class="spacer battle-history"><br></div><div class="battle-history">The opposing Klefki used <strong>Light Screen</strong>!<br></div><div class="battle-history"><small>Light Screen made the opposing team stronger against special moves!</small><br></div><div class="spacer battle-history"><br></div><div class="battle-history">Abomasnow used <strong>Hidden Power</strong>!<br></div><div class="battle-history"><small>It's super effective!</small><br></div><div class="battle-history"><small>(The opposing Klefki lost <abbr title="−71/318">22.3%</abbr> of its health!)</small><br></div><div class="spacer battle-history"><br></div><div class="battle-history"><small>The hail is crashing down.</small><br></div><div class="battle-history"><small>The opposing Klefki is buffeted by the hail!</small><br></div><div class="spacer battle-history"><br></div><h2 class="battle-history">Turn 3</h2><div class="chat message-error">jan suchiru tiene 135 segundos restantes.</div><div class="chat message-error">jan suchiru tiene 120 segundos restantes.</div><div class="chat message-error">jan suchiru tiene 105 segundos restantes.</div><div class="spacer battle-history"><br></div><div class="battle-history">jan suchiru withdrew Klefki!<br></div><div class="battle-history">jan suchiru sent out <strong>Aggron</strong>!<br></div><div class="spacer battle-history"><br></div><div class="battle-history">Abomasnow used <strong>Hidden Power</strong>!<br></div><div class="battle-history"><small>A critical hit!</small><br></div><div class="battle-history"><small>(The opposing Aggron lost <abbr title="−129/282">45.7%</abbr> of its health!)</small><br></div><div class="spacer battle-history"><br></div><div class="battle-history"><small>The hail is crashing down.</small><br></div><div class="battle-history"><small>The opposing Aggron is buffeted by the hail!</small><br></div><div class="spacer battle-history"><br></div><h2 class="battle-history">Turn 4</h2><div class="chat message-error">jan suchiru tiene 135 segundos restantes.</div><div class="spacer battle-history"><br></div><div class="battle-history"><small>The opposing Aggron's Aggronite is reacting to the Key Stone!</small><br>The opposing Aggron has Mega Evolved into Mega Aggron!<br></div><div class="spacer battle-history"><br></div><div class="battle-history">The opposing Aggron used <strong>Rock Slide</strong>!<br></div><div class="battle-history"><small>It's super effective!</small><br></div><div class="battle-history"><small>A critical hit!</small><br></div><div class="battle-history"><small>(Abomasnow lost <abbr title="−300/383">78.3%</abbr> of its health!)</small><br></div><div class="spacer battle-history"><br></div><div class="battle-history">Abomasnow flinched and couldn't move!<br></div><div class="spacer battle-history"><br></div><div class="battle-history"><small>The hail is crashing down.</small><br></div><div class="battle-history"><small>The opposing Aggron is buffeted by the hail!</small><br></div><div class="spacer battle-history"><br></div><h2 class="battle-history">Turn 5</h2><div class="chat message-error">jan suchiru tiene 135 segundos restantes.</div><div class="spacer battle-history"><br></div><div class="battle-history">The opposing Aggron used <strong>Heavy Slam</strong>!<br></div><div class="battle-history"><small>It's super effective!</small><br></div><div class="battle-history"><small>(Abomasnow lost <abbr title="−83/383">21.7%</abbr> of its health!)</small><br></div><div class="spacer battle-history"><br></div><div class="battle-history">Abomasnow fainted!<br></div><div class="spacer battle-history"><br></div><div class="battle-history"><small>The hail stopped.</small><br></div><div class="chat message-error">Mr. 007 tiene 135 segundos restantes.</div><div class="spacer battle-history"><br></div><div class="battle-history">Go! Landorus (<strong>Landorus-Therian</strong>)!<br></div><div class="battle-history"><small>[Landorus's Intimidate]</small><br></div><div class="battle-history"><small>The opposing Aggron's Attack fell!</small><br></div><div class="spacer battle-history"><br></div><h2 class="battle-history">Turn 6</h2><div class="spacer battle-history"><br></div><div class="battle-history">jan suchiru withdrew Aggron!<br></div><div class="battle-history">jan suchiru sent out <strong>Skarmory</strong>!<br></div><div class="spacer battle-history"><br></div><div class="battle-history">Landorus used <strong>Earthquake</strong>!<br></div><div class="battle-history"><small>It doesn't affect the opposing Skarmory...</small><br></div><div class="spacer battle-history"><br></div><h2 class="battle-history">Turn 7</h2><div class="chat message-error">jan suchiru tiene 135 segundos restantes.</div><div class="spacer battle-history"><br></div><div class="battle-history">Landorus, come back!<br></div><div class="battle-history">Go! Sandslash (<strong>Sandslash-Alola</strong>)!<br></div><div class="spacer battle-history"><br></div><div class="battle-history">The opposing Skarmory used <strong>Toxic</strong>!<br></div><div class="battle-history"><small>It doesn't affect Sandslash...</small><br></div><div class="spacer battle-history"><br></div><h2 class="battle-history">Turn 8</h2><div class="spacer battle-history"><br></div><div class="battle-history">Sandslash used <strong>Icicle Crash</strong>!<br></div><div class="battle-history"><small>(The opposing Skarmory lost <abbr title="−33/334">9.9%</abbr> of its health!)</small><br></div><div class="spacer battle-history"><br></div><div class="battle-history">The opposing Skarmory used <strong>Stealth Rock</strong>!<br></div><div class="battle-history"><small>Pointed stones float in the air around your team!</small><br></div><div class="spacer battle-history"><br></div><div class="battle-history"><small>The opposing team's Reflect wore off!</small><br></div><div class="spacer battle-history"><br></div><h2 class="battle-history">Turn 9</h2><div class="chat message-error">jan suchiru tiene 135 segundos restantes.</div><div class="spacer battle-history"><br></div><div class="battle-history">Sandslash used <strong>Icicle Crash</strong>!<br></div><div class="battle-history"><small>(The opposing Skarmory lost <abbr title="−75/334">22.5%</abbr> of its health!)</small><br></div><div class="spacer battle-history"><br></div><div class="battle-history">The opposing Skarmory flinched and couldn't move!<br></div><div class="spacer battle-history"><br></div><div class="battle-history"><small>The opposing team's Light Screen wore off!</small><br></div><div class="spacer battle-history"><br></div><h2 class="battle-history">Turn 10</h2><div class="spacer battle-history"><br></div><div class="battle-history">Sandslash used <strong>Substitute</strong>!<br></div><div class="battle-history"><small>Sandslash put in a substitute!</small><br></div><div class="battle-history"><small>(Sandslash lost <abbr title="−72/291">24.7%</abbr> of its health!)</small><br></div><div class="spacer battle-history"><br></div><div class="battle-history">The opposing Skarmory used <strong>Brave Bird</strong>!<br></div><div class="battle-history"><small>It's not very effective...</small><br></div><div class="battle-history"><small>The substitute took damage for Sandslash!</small><br></div><div class="battle-history"><small>The opposing Skarmory is damaged by the recoil!</small><br></div><div class="spacer battle-history"><br></div><h2 class="battle-history">Turn 11</h2><div class="spacer battle-history"><br></div><div class="battle-history">jan suchiru withdrew Skarmory!<br></div><div class="battle-history">jan suchiru sent out <strong>Klefki</strong>!<br></div><div class="spacer battle-history"><br></div><div class="battle-history">Sandslash used <strong>Icicle Crash</strong>!<br></div><div class="battle-history"><small>The opposing Klefki avoided the attack!</small><br></div><div class="spacer battle-history"><br></div><h2 class="battle-history">Turn 12</h2><div class="spacer battle-history"><br></div><div class="battle-history">The opposing Klefki used <strong>Reflect</strong>!<br></div><div class="battle-history"><small>Reflect made the opposing team stronger against physical moves!</small><br></div><div class="spacer battle-history"><br></div><div class="battle-history">Sandslash used <strong>Earthquake</strong>!<br></div><div class="battle-history"><small>It's super effective!</small><br></div><div class="battle-history"><small>(The opposing Klefki lost <abbr title="−63/318">19.8%</abbr> of its health!)</small><br></div><div class="spacer battle-history"><br></div><div class="battle-history">The opposing Klefki fainted!<br></div><div class="chat message-error">jan suchiru tiene 135 segundos restantes.</div><div class="spacer battle-history"><br></div><div class="battle-history">jan suchiru sent out <strong>Jirachi</strong>!<br></div><div class="spacer battle-history"><br></div><h2 class="battle-history">Turn 13</h2><div class="spacer battle-history"><br></div><div class="battle-history">Sandslash, come back!<br></div><div class="battle-history">Go! <strong>Latios</strong>!<br></div><div class="battle-history"><small>Pointed stones dug into Latios!</small><br></div><div class="spacer battle-history"><br></div><div class="battle-history">The opposing Jirachi used <strong>Fire Punch</strong>!<br></div><div class="battle-history"><small>It's not very effective...</small><br></div><div class="battle-history"><small>(Latios lost <abbr title="−50/301">16.6%</abbr> of its health!)</small><br></div><div class="spacer battle-history"><br></div><h2 class="battle-history">Turn 14</h2><div class="spacer battle-history"><br></div><div class="battle-history">jan suchiru withdrew Jirachi!<br></div><div class="battle-history">jan suchiru sent out <strong>Empoleon</strong>!<br></div><div class="spacer battle-history"><br></div><div class="battle-history">Latios used <strong>Surf</strong>!<br></div><div class="battle-history"><small>It's not very effective...</small><br></div><div class="battle-history"><small>(The opposing Empoleon lost <abbr title="−39/372">10.5%</abbr> of its health!)</small><br></div><div class="spacer battle-history"><br></div><div class="battle-history"><small>The opposing Empoleon restored a little HP using its Leftovers!</small><br></div><div class="spacer battle-history"><br></div><h2 class="battle-history">Turn 15</h2><div class="spacer battle-history"><br></div><div class="battle-history">Latios used <strong>Surf</strong>!<br></div><div class="battle-history"><small>It's not very effective...</small><br></div><div class="battle-history"><small>(The opposing Empoleon lost <abbr title="−41/372">11.0%</abbr> of its health!)</small><br></div><div class="spacer battle-history"><br></div><div class="battle-history">The opposing Empoleon used <strong>Knock Off</strong>!<br></div><div class="battle-history"><small>It's super effective!</small><br></div><div class="battle-history"><small>(Latios lost <abbr title="−142/301">47.2%</abbr> of its health!)</small><br></div><div class="battle-history"><small>The opposing Empoleon knocked off Latios's Choice Scarf!</small><br></div><div class="spacer battle-history"><br></div><div class="battle-history"><small>The opposing Empoleon restored a little HP using its Leftovers!</small><br></div><div class="spacer battle-history"><br></div><h2 class="battle-history">Turn 16</h2><div class="spacer battle-history"><br></div><div class="battle-history">Latios used <strong>Psyshock</strong>!<br></div><div class="battle-history"><small>It's not very effective...</small><br></div><div class="battle-history"><small>(The opposing Empoleon lost <abbr title="−75/372">20.2%</abbr> of its health!)</small><br></div><div class="spacer battle-history"><br></div><div class="battle-history">The opposing Empoleon used <strong>Ice Beam</strong>!<br></div><div class="battle-history"><small>It's super effective!</small><br></div><div class="battle-history"><small>(Latios lost <abbr title="−72/301">23.9%</abbr> of its health!)</small><br></div><div class="spacer battle-history"><br></div><div class="battle-history">Latios fainted!<br></div><div class="spacer battle-history"><br></div><div class="battle-history"><small>The opposing Empoleon restored a little HP using its Leftovers!</small><br></div><div class="chat message-error">Mr. 007 tiene 135 segundos restantes.</div><div class="spacer battle-history"><br></div><div class="battle-history">Go! Sandslash (<strong>Sandslash-Alola</strong>)!<br></div><div class="battle-history"><small>Pointed stones dug into Sandslash!</small><br></div><div class="spacer battle-history"><br></div><h2 class="battle-history">Turn 17</h2><div class="chat message-error">jan suchiru tiene 135 segundos restantes.</div><div class="spacer battle-history"><br></div><div class="battle-history">Sandslash used <strong>Earthquake</strong>!<br></div><div class="battle-history"><small>It's super effective!</small><br></div><div class="battle-history"><small>(The opposing Empoleon lost <abbr title="−110/372">29.6%</abbr> of its health!)</small><br></div><div class="spacer battle-history"><br></div><div class="battle-history">The opposing Empoleon used <strong>Surf</strong>!<br></div><div class="battle-history"><small>A critical hit!</small><br></div><div class="battle-history"><small>(Sandslash lost <abbr title="−183/291">62.9%</abbr> of its health!)</small><br></div><div class="spacer battle-history"><br></div><div class="battle-history">Sandslash fainted!<br></div><div class="spacer battle-history"><br></div><div class="battle-history"><small>The opposing Empoleon restored a little HP using its Leftovers!</small><br></div><div class="chat message-error">Mr. 007 tiene 135 segundos restantes.</div><div class="spacer battle-history"><br></div><div class="battle-history">Go! <strong>Beartic</strong>!<br></div><div class="battle-history"><small>Pointed stones dug into Beartic!</small><br></div><div class="spacer battle-history"><br></div><h2 class="battle-history">Turn 18</h2><div class="chat message-error">jan suchiru tiene 135 segundos restantes.</div><div class="spacer battle-history"><br></div><div class="battle-history">jan suchiru withdrew Empoleon!<br></div><div class="battle-history">jan suchiru sent out <strong>Skarmory</strong>!<br></div><div class="spacer battle-history"><br></div><div class="battle-history">Beartic used <strong>Superpower</strong>!<br></div><div class="battle-history"><small>A critical hit!</small><br></div><div class="battle-history"><small>(The opposing Skarmory lost <abbr title="−152/334">45.5%</abbr> of its health!)</small><br></div><div class="battle-history"><small>Beartic was hurt by the Rocky Helmet!</small><br></div><div class="battle-history"><small>Beartic's Attack fell!</small><br></div><div class="battle-history"><small>Beartic's Defense fell!</small><br></div><div class="battle-history"><small>Beartic lost some of its HP!</small><br></div><div class="spacer battle-history"><br></div><h2 class="battle-history">Turn 19</h2><div class="spacer battle-history"><br></div><div class="battle-history">Beartic used <strong>Superpower</strong>!<br></div><div class="battle-history"><small>(The opposing Skarmory lost <abbr title="−37/334">11.1%</abbr> of its health!)</small><br></div><div class="battle-history"><small>Beartic was hurt by the Rocky Helmet!</small><br></div><div class="battle-history"><small>Beartic's Attack fell!</small><br></div><div class="battle-history"><small>Beartic's Defense fell!</small><br></div><div class="battle-history"><small>Beartic lost some of its HP!</small><br></div><div class="spacer battle-history"><br></div><div class="battle-history">The opposing Skarmory used <strong>Roost</strong>!<br></div><div class="battle-history"><small>The opposing Skarmory restored its HP.</small><br></div><div class="spacer battle-history"><br></div><div class="battle-history"><small>The opposing team's Reflect wore off!</small><br></div><div class="spacer battle-history"><br></div><h2 class="battle-history">Turn 20</h2><div class="spacer battle-history"><br></div><div class="battle-history">Beartic used <strong>Superpower</strong>!<br></div><div class="battle-history"><small>(The opposing Skarmory lost <abbr title="−57/334">17.1%</abbr> of its health!)</small><br></div><div class="battle-history"><small>Beartic was hurt by the Rocky Helmet!</small><br></div><div class="battle-history"><small>Beartic's Attack fell!</small><br></div><div class="battle-history"><small>Beartic's Defense fell!</small><br></div><div class="battle-history"><small>Beartic lost some of its HP!</small><br></div><div class="spacer battle-history"><br></div><div class="battle-history">Beartic fainted!<br></div><div class="battle-history">The opposing Skarmory used <strong>Roost</strong>!<br></div><div class="battle-history"><small>The opposing Skarmory restored its HP.</small><br></div><div class="chat message-error">Mr. 007 tiene 135 segundos restantes.</div><div class="spacer battle-history"><br></div><div class="battle-history">Go! Landorus (<strong>Landorus-Therian</strong>)!<br></div><div class="battle-history"><small>Pointed stones dug into Landorus!</small><br></div><div class="battle-history"><small>[Landorus's Intimidate]</small><br></div><div class="battle-history"><small>The opposing Skarmory's Attack fell!</small><br></div><div class="spacer battle-history"><br></div><h2 class="battle-history">Turn 21</h2><div class="spacer battle-history"><br></div><div class="battle-history">Landorus used <strong>Stealth Rock</strong>!<br></div><div class="battle-history"><small>Pointed stones float in the air around the opposing team!</small><br></div><div class="spacer battle-history"><br></div><div class="battle-history">The opposing Skarmory used <strong>Toxic</strong>!<br></div><div class="battle-history"><small>Landorus was badly poisoned!</small><br></div><div class="spacer battle-history"><br></div><div class="battle-history"><small>Landorus was hurt by poison!</small><br></div><div class="spacer battle-history"><br></div><h2 class="battle-history">Turn 22</h2><div class="spacer battle-history"><br></div><div class="battle-history">Landorus used <strong>Hidden Power</strong>!<br></div><div class="battle-history"><small>It's super effective!</small><br></div><div class="battle-history"><small>(The opposing Skarmory lost <abbr title="−134/334">40.1%</abbr> of its health!)</small><br></div><div class="spacer battle-history"><br></div><div class="battle-history">The opposing Skarmory used <strong>Roost</strong>!<br></div><div class="battle-history"><small>The opposing Skarmory restored its HP.</small><br></div><div class="spacer battle-history"><br></div><div class="battle-history"><small>Landorus was hurt by poison!</small><br></div><div class="spacer battle-history"><br></div><h2 class="battle-history">Turn 23</h2><div class="chat message-error">jan suchiru tiene 135 segundos restantes.</div><div class="spacer battle-history"><br></div><div class="battle-history">Landorus used <strong>Hidden Power</strong>!<br></div><div class="battle-history"><small>It's super effective!</small><br></div><div class="battle-history"><small>(The opposing Skarmory lost <abbr title="−126/334">37.7%</abbr> of its health!)</small><br></div><div class="spacer battle-history"><br></div><div class="battle-history">The opposing Skarmory used <strong>Roost</strong>!<br></div><div class="battle-history"><small>The opposing Skarmory restored its HP.</small><br></div><div class="spacer battle-history"><br></div><div class="battle-history"><small>Landorus was hurt by poison!</small><br></div><div class="spacer battle-history"><br></div><h2 class="battle-history">Turn 24</h2><div class="spacer battle-history"><br></div><div class="battle-history">Landorus used <strong>Hidden Power</strong>!<br></div><div class="battle-history"><small>It's super effective!</small><br></div><div class="battle-history"><small>(The opposing Skarmory lost <abbr title="−144/334">43.1%</abbr> of its health!)</small><br></div><div class="spacer battle-history"><br></div><div class="battle-history">The opposing Skarmory used <strong>Roost</strong>!<br></div><div class="battle-history"><small>The opposing Skarmory restored its HP.</small><br></div><div class="spacer battle-history"><br></div><div class="battle-history"><small>Landorus was hurt by poison!</small><br></div><div class="spacer battle-history"><br></div><h2 class="battle-history">Turn 25</h2><div class="spacer battle-history"><br></div><div class="battle-history">Landorus used <strong>Hidden Power</strong>!<br></div><div class="battle-history"><small>It's super effective!</small><br></div><div class="battle-history"><small>(The opposing Skarmory lost <abbr title="−124/334">37.1%</abbr> of its health!)</small><br></div><div class="spacer battle-history"><br></div><div class="battle-history">The opposing Skarmory used <strong>Roost</strong>!<br></div><div class="battle-history"><small>The opposing Skarmory restored its HP.</small><br></div><div class="spacer battle-history"><br></div><div class="battle-history"><small>Landorus was hurt by poison!</small><br></div><div class="spacer battle-history"><br></div><div class="battle-history">Landorus fainted!<br></div><div class="chat message-error">Mr. 007 tiene 135 segundos restantes.</div><div class="spacer battle-history"><br></div><div class="battle-history">Go! <strong>Aurorus</strong>!<br></div><div class="battle-history"><small>Pointed stones dug into Aurorus!</small><br></div><div class="battle-history"><small>[Aurorus's Snow Warning]</small><br><small>It started to hail!</small><br></div><div class="spacer battle-history"><br></div><h2 class="battle-history">Turn 26</h2><div class="chat message-error">jan suchiru tiene 135 segundos restantes.</div><div class="spacer battle-history"><br></div><div class="battle-history">The opposing Skarmory used <strong>Toxic</strong>!<br></div><div class="battle-history"><small>Aurorus was badly poisoned!</small><br></div><div class="spacer battle-history"><br></div><div class="battle-history">Aurorus used <strong>Blizzard</strong>!<br></div><div class="battle-history"><small>(The opposing Skarmory lost <abbr title="−238/334">71.3%</abbr> of its health!)</small><br></div><div class="spacer battle-history"><br></div><div class="battle-history"><small>The hail is crashing down.</small><br></div><div class="battle-history"><small>The opposing Skarmory is buffeted by the hail!</small><br></div><div class="battle-history"><small>Aurorus was hurt by poison!</small><br></div><div class="spacer battle-history"><br></div><h2 class="battle-history">Turn 27</h2><div class="chat message-error">jan suchiru tiene 135 segundos restantes.</div><div class="spacer battle-history"><br></div><div class="battle-history">The opposing Skarmory used <strong>Roost</strong>!<br></div><div class="battle-history"><small>The opposing Skarmory restored its HP.</small><br></div><div class="spacer battle-history"><br></div><div class="battle-history">Aurorus used <strong>Blizzard</strong>!<br></div><div class="battle-history"><small>It's not very effective...</small><br></div><div class="battle-history"><small>(The opposing Skarmory lost <abbr title="−114/334">34.1%</abbr> of its health!)</small><br></div><div class="battle-history"><small>The opposing Skarmory was frozen solid!</small><br></div><div class="spacer battle-history"><br></div><div class="battle-history"><small>The hail is crashing down.</small><br></div><div class="battle-history"><small>The opposing Skarmory is buffeted by the hail!</small><br></div><div class="battle-history"><small>Aurorus was hurt by poison!</small><br></div><div class="spacer battle-history"><br></div><h2 class="battle-history">Turn 28</h2><div class="chat message-error">jan suchiru tiene 135 segundos restantes.</div><div class="spacer battle-history"><br></div><div class="battle-history">The opposing Skarmory is frozen solid!<br></div><div class="spacer battle-history"><br></div><div class="battle-history">Aurorus used <strong>Freeze-Dry</strong>!<br></div><div class="battle-history"><small>(The opposing Skarmory lost <abbr title="−109/334">32.6%</abbr> of its health!)</small><br></div><div class="spacer battle-history"><br></div><div class="battle-history">The opposing Skarmory fainted!<br></div><div class="spacer battle-history"><br></div><div class="battle-history"><small>The hail is crashing down.</small><br></div><div class="battle-history"><small>Aurorus was hurt by poison!</small><br></div><div class="chat message-error">jan suchiru tiene 135 segundos restantes.</div><div class="spacer battle-history"><br></div><div class="battle-history">jan suchiru sent out <strong>Jirachi</strong>!<br></div><div class="battle-history"><small>Pointed stones dug into the opposing Jirachi!</small><br></div><div class="spacer battle-history"><br></div><h2 class="battle-history">Turn 29</h2><div class="spacer battle-history"><br></div><div class="battle-history">The opposing Jirachi used <strong>Iron Head</strong>!<br></div><div class="battle-history"><small>It's super effective!</small><br></div><div class="battle-history"><small>(Aurorus lost <abbr title="−170/450">37.8%</abbr> of its health!)</small><br></div><div class="spacer battle-history"><br></div><div class="battle-history">Aurorus fainted!<br></div><div class="spacer battle-history"><br></div><div class="battle-history"><strong>jan suchiru</strong> won the battle!<br></div><div class="chat">jan suchiru ha ganado 8 PokeDolares.</div><div class="chat">Puntaje de Mr. 007: 1177 → <strong>1156</strong><br>(-21 por perder)</div><div class="chat">Puntaje de jan suchiru: 1208 → <strong>1230</strong><br>(+22 por ganar)</div><div class="chat chatmessage-mr007"><strong style="color:hsl(199,88%,46.194086829193964%)"><small>☆</small><span class="username" data-name="Mr. 007">Mr. 007</span>:</strong> <em>gg</em></div></div><div class="inner-preempt"></div></div></div>
</div>
<script>
let daily = Math.floor(Date.now()/1000/60/60/24);document.write('<script src="https://play.pokemonshowdown.com/js/replay-embed.js?version'+daily+'"></'+'script>');
</script>
