<!DOCTYPE html>
<meta charset="utf-8" />
<!-- version 1 -->
<title>OU replay: Cloed07 vs. La Tesorito</title>
<style>
html,body {font-family:Verdana, sans-serif;font-size:10pt;margin:0;padding:0;}body{padding:12px 0;} .battle-log {font-family:Verdana, sans-serif;font-size:10pt;} .battle-log-inline {border:1px solid #AAAAAA;background:#EEF2F5;color:black;max-width:640px;margin:0 auto 80px;padding-bottom:5px;} .battle-log .inner {padding:4px 8px 0px 8px;} .battle-log .inner-preempt {padding:0 8px 4px 8px;} .battle-log .inner-after {margin-top:0.5em;} .battle-log h2 {margin:0.5em -8px;padding:4px 8px;border:1px solid #AAAAAA;background:#E0E7EA;border-left:0;border-right:0;font-family:Verdana, sans-serif;font-size:13pt;} .battle-log .chat {vertical-align:middle;padding:3px 0 3px 0;font-size:8pt;} .battle-log .chat strong {color:#40576A;} .battle-log .chat em {padding:1px 4px 1px 3px;color:#000000;font-style:normal;} .chat.mine {background:rgba(0,0,0,0.05);margin-left:-8px;margin-right:-8px;padding-left:8px;padding-right:8px;} .spoiler {color:#BBBBBB;background:#BBBBBB;padding:0px 3px;} .spoiler:hover, .spoiler:active, .spoiler-shown {color:#000000;background:#E2E2E2;padding:0px 3px;} .spoiler a {color:#BBBBBB;} .spoiler:hover a, .spoiler:active a, .spoiler-shown a {color:#2288CC;} .chat code, .chat .spoiler:hover code, .chat .spoiler:active code, .chat .spoiler-shown code {border:1px solid #C0C0C0;background:#EEEEEE;color:black;padding:0 2px;} .chat .spoiler code {border:1px solid #CCCCCC;background:#CCCCCC;color:#CCCCCC;} .battle-log .rated {padding:3px 4px;} .battle-log .rated strong {color:white;background:#89A;padding:1px 4px;border-radius:4px;} .spacer {margin-top:0.5em;} .message-announce {background:#6688AA;color:white;padding:1px 4px 2px;} .message-announce a, .broadcast-green a, .broadcast-blue a, .broadcast-red a {color:#DDEEFF;} .broadcast-green {background-color:#559955;color:white;padding:2px 4px;} .broadcast-blue {background-color:#6688AA;color:white;padding:2px 4px;} .infobox {border:1px solid #6688AA;padding:2px 4px;} .infobox-limited {max-height:200px;overflow:auto;overflow-x:hidden;} .broadcast-red {background-color:#AA5544;color:white;padding:2px 4px;} .message-learn-canlearn {font-weight:bold;color:#228822;text-decoration:underline;} .message-learn-cannotlearn {font-weight:bold;color:#CC2222;text-decoration:underline;} .message-effect-weak {font-weight:bold;color:#CC2222;} .message-effect-resist {font-weight:bold;color:#6688AA;} .message-effect-immune {font-weight:bold;color:#666666;} .message-learn-list {margin-top:0;margin-bottom:0;} .message-throttle-notice, .message-error {color:#992222;} .message-overflow, .chat small.message-overflow {font-size:0pt;} .message-overflow::before {font-size:9pt;content:'...';} .subtle {color:#3A4A66;}
</style>
<div class="wrapper replay-wrapper" style="max-width:1180px;margin:0 auto">
<input type="hidden" name="replayid" value="destiny-ou-572488" />
<div class="battle"></div><div class="battle-log"></div><div class="replay-controls"></div><div class="replay-controls-2"></div>
<h1 style="font-weight:normal;text-align:center"><strong>OU</strong><br /><a href="http://pokemonshowdown.com/users/cloed07" class="subtle" target="_blank">Cloed07</a> vs. <a href="http://pokemonshowdown.com/users/latesorito" class="subtle" target="_blank">La Tesorito</a></h1>
<script type="text/plain" class="battle-log-data">|player|p1|Cloed07|1013
|teamsize|p1|6
|player|p2|La Tesorito|266
|teamsize|p2|6
|teamsize|p1|6
|teamsize|p2|6
|gametype|singles
|gen|7
|tier|OU
|rated
|seed|8151,5111,595,27345
|rule|Cláusula-Mod de Dormir: solo puedes dormir a uno de tus oponentes a la vez.
|rule|Cláusula de Especie: Hasta un Pokémon de cada especie
|rule|Cláusula de Golpe Fulminante: los movimientos fulminantes (OHKO) estan prohibidos
|rule|Cláusula de Veleta: la habilidad Veleta está prohibida
|rule|Cláusula de Movimientos Evasivos: los movimientos de Evasión están prohibidos.
|rule|Cláusula de Batallas Eternas: forzar batallas eternas está prohibido
|clearpoke
|poke|p1|Charizard, M|item
|poke|p1|Tapu Bulu|item
|poke|p1|Empoleon, M|item
|poke|p1|Galvantula, F, shiny|item
|poke|p1|Regirock, shiny|item
|poke|p1|Xatu, M|item
|poke|p2|Umbreon, F|item
|poke|p2|Talonflame, F|item
|poke|p2|Clefable, M|item
|poke|p2|Milotic, M|item
|poke|p2|Sceptile, F|item
|poke|p2|Excadrill, M|item
|teampreview|undefined
|choice|*team 423156|*
|inactive|Reloj de batalla ENCENDIDO. El jugador inactivo será descalificado (solicitado por Cloed07).
|choice|*|*team 523416
|choice|team 4, 2, 3, 1, 5, 6|team 5, 2, 3, 4, 1, 6
|
|start
|switch|p1a: Galvantula|Galvantula, F, shiny|281\/281
|switch|p2a: Sceptile|Sceptile, F|281\/281
|turn|1
|choice|*move 2|*
|choice|*|*move 4 mega
|choice|move stickyweb|move dragonpulse mega
|
|-mega|p2a: Sceptile|Sceptile|Sceptilite
|detailschange|p2a: Sceptile|Sceptile-Mega, F
|move|p2a: Sceptile|Dragon Pulse|p1a: Galvantula
|-enditem|p1a: Galvantula|Focus Sash
|-damage|p1a: Galvantula|1\/281
|move|p1a: Galvantula|Sticky Web|p2a: Sceptile
|-sidestart|p2: La Tesorito|move: Sticky Web
|
|upkeep
|turn|2
|choice|*move 3|*
|choice|*|*move 4
|choice|move bugbuzz|move dragonpulse
|
|move|p2a: Sceptile|Dragon Pulse|p1a: Galvantula
|-damage|p1a: Galvantula|0 fnt
|faint|p1a: Galvantula
|
|upkeep
|choice|*switch 2|*
|choice|switch 2|
|
|switch|p1a: Tapu Bulu|Tapu Bulu|343\/343
|-fieldstart|move: Grassy Terrain|[from] ability: Grassy Surge|[of] p1a: Tapu Bulu
|turn|3
|choice|*move 3|*
|choice|*|*move 3
|choice|move toxic|move hiddenpower
|
|move|p2a: Sceptile|Hidden Power|p1a: Tapu Bulu
|-supereffective|p1a: Tapu Bulu
|-damage|p1a: Tapu Bulu|177\/343
|move|p1a: Tapu Bulu|Toxic|p2a: Sceptile
|-status|p2a: Sceptile|tox
|
|-heal|p1a: Tapu Bulu|198\/343|[from] Grassy Terrain
|-damage|p2a: Sceptile|264\/281 tox|[from] psn
|upkeep
|turn|4
|choice|*|*move 3
|choice|*move 2|*
|choice|move protect|move hiddenpower
|
|move|p1a: Tapu Bulu|Protect|p1a: Tapu Bulu
|-singleturn|p1a: Tapu Bulu|Protect
|move|p2a: Sceptile|Hidden Power|p1a: Tapu Bulu
|-activate|p1a: Tapu Bulu|move: Protect
|
|-heal|p2a: Sceptile|281\/281 tox|[from] Grassy Terrain
|-heal|p1a: Tapu Bulu|219\/343|[from] Grassy Terrain
|-damage|p2a: Sceptile|247\/281 tox|[from] psn
|upkeep
|turn|5
|choice|*|*move 3
|choice|*move 4|*
|choice|move hornleech|move hiddenpower
|
|move|p2a: Sceptile|Hidden Power|p1a: Tapu Bulu
|-supereffective|p1a: Tapu Bulu
|-damage|p1a: Tapu Bulu|51\/343
|move|p1a: Tapu Bulu|Horn Leech|p2a: Sceptile
|-resisted|p2a: Sceptile
|-damage|p2a: Sceptile|194\/281 tox
|-heal|p1a: Tapu Bulu|78\/343|[from] drain|[of] p2a: Sceptile
|
|-heal|p2a: Sceptile|211\/281 tox|[from] Grassy Terrain
|-heal|p1a: Tapu Bulu|99\/343|[from] Grassy Terrain
|-damage|p2a: Sceptile|160\/281 tox|[from] psn
|upkeep
|turn|6
|choice|*|*move 3
|choice|*move 2|*
|choice|move protect|move hiddenpower
|
|move|p1a: Tapu Bulu|Protect|p1a: Tapu Bulu
|-singleturn|p1a: Tapu Bulu|Protect
|move|p2a: Sceptile|Hidden Power|p1a: Tapu Bulu
|-activate|p1a: Tapu Bulu|move: Protect
|
|-heal|p2a: Sceptile|177\/281 tox|[from] Grassy Terrain
|-heal|p1a: Tapu Bulu|120\/343|[from] Grassy Terrain
|-damage|p2a: Sceptile|109\/281 tox|[from] psn
|upkeep
|turn|7
|choice|*|*move 3
|choice|*switch 6|*
|choice|switch 6|move hiddenpower
|
|switch|p1a: Xatu|Xatu, M|334\/334
|move|p2a: Sceptile|Hidden Power|p1a: Xatu
|-damage|p1a: Xatu|255\/334
|
|-heal|p2a: Sceptile|126\/281 tox|[from] Grassy Terrain
|-heal|p1a: Xatu|275\/334|[from] item: Leftovers
|-fieldend|move: Grassy Terrain
|-damage|p2a: Sceptile|41\/281 tox|[from] psn
|upkeep
|turn|8
|choice|*|*move 4
|choice|*move 1|*
|choice|move wish|move dragonpulse
|
|move|p2a: Sceptile|Dragon Pulse|p1a: Xatu
|-crit|p1a: Xatu
|-damage|p1a: Xatu|16\/334
|move|p1a: Xatu|Wish|p1a: Xatu
|
|-heal|p1a: Xatu|36\/334|[from] item: Leftovers
|-damage|p2a: Sceptile|0 fnt|[from] psn
|upkeep
|faint|p2a: Sceptile
|inactive|La Tesorito tiene 135 segundos restantes.
|choice|*|*switch 4
|choice||switch 4
|
|switch|p2a: Milotic|Milotic, M|365\/365
|-activate|p2a: Milotic|move: Sticky Web
|-unboost|p2a: Milotic|spe|1
|-ability|p2a: Milotic|Competitive|boost
|-boost|p2a: Milotic|spa|2
|turn|9
|choice|*|*move 2
|choice|*move 3|*
|choice|move protect|move icebeam
|
|move|p1a: Xatu|Protect|p1a: Xatu
|-singleturn|p1a: Xatu|Protect
|move|p2a: Milotic|Ice Beam|p1a: Xatu
|-activate|p1a: Xatu|move: Protect
|
|-heal|p1a: Xatu|203\/334|[from] move: Wish|[wisher] Xatu
|-heal|p1a: Xatu|223\/334|[from] item: Leftovers
|upkeep
|turn|10
|choice|*|*move 2
|choice|*move 2|*
|choice|move uturn|move icebeam
|
|move|p1a: Xatu|U-turn|p2a: Milotic
|-damage|p2a: Milotic|336\/365
|choice|*switch 3|*
|choice|switch 3|
|
|switch|p1a: Empoleon|Empoleon, M|372\/372|[from]move: U-turn
|move|p2a: Milotic|Ice Beam|p1a: Empoleon
|-resisted|p1a: Empoleon
|-damage|p1a: Empoleon|329\/372
|
|upkeep
|turn|11
|choice|*|*move 4
|choice|*move 4|*
|choice|move icebeam|move dragontail
|
|move|p1a: Empoleon|Ice Beam|p2a: Milotic
|-resisted|p2a: Milotic
|-damage|p2a: Milotic|305\/365
|-status|p2a: Milotic|frz
|-curestatus|p2a: Milotic|frz|[msg]
|move|p2a: Milotic|Dragon Tail|p1a: Empoleon|[miss]
|-miss|p2a: Milotic|p1a: Empoleon
|
|upkeep
|turn|12
|choice|*move 4|*
|choice|*|*switch 6
|choice|move icebeam|switch 6
|
|switch|p2a: Excadrill|Excadrill, M|361\/361
|-activate|p2a: Excadrill|move: Sticky Web
|-unboost|p2a: Excadrill|spe|1
|-ability|p2a: Excadrill|Mold Breaker
|move|p1a: Empoleon|Ice Beam|p2a: Excadrill
|-damage|p2a: Excadrill|217\/361
|
|upkeep
|turn|13
|choice|*move 3|*
|choice|*|*move 4
|choice|move aquajet|move brickbreak
|
|move|p1a: Empoleon|Aqua Jet|p2a: Excadrill
|-supereffective|p2a: Excadrill
|-damage|p2a: Excadrill|97\/361
|move|p2a: Excadrill|Brick Break|p1a: Empoleon
|-supereffective|p1a: Empoleon
|-damage|p1a: Empoleon|125\/372
|
|upkeep
|turn|14
|choice|*|*move 4
|choice|*move 3|*
|choice|move aquajet|move brickbreak
|
|move|p1a: Empoleon|Aqua Jet|p2a: Excadrill
|-supereffective|p2a: Excadrill
|-damage|p2a: Excadrill|0 fnt
|faint|p2a: Excadrill
|
|upkeep
|choice|*|*switch 2
|choice||switch 2
|
|switch|p2a: Talonflame|Talonflame, F|297\/297
|turn|15
|choice|*|*move 1
|choice|*switch 5|*
|choice|switch 5|move flareblitz
|
|switch|p1a: Regirock|Regirock, shiny|364\/364
|move|p2a: Talonflame|Flare Blitz|p1a: Regirock
|-resisted|p1a: Regirock
|-damage|p1a: Regirock|302\/364
|-damage|p2a: Talonflame|277\/297|[from] recoil
|
|upkeep
|turn|16
|choice|*move 1|*
|choice|*|*switch 5
|choice|move stealthrock|switch 5
|
|switch|p2a: Umbreon|Umbreon, F|394\/394
|-activate|p2a: Umbreon|move: Sticky Web
|-unboost|p2a: Umbreon|spe|1
|move|p1a: Regirock|Stealth Rock|p2a: Umbreon
|-sidestart|p2: La Tesorito|move: Stealth Rock
|
|upkeep
|turn|17
|choice|*|*move 3
|choice|*move 3|*
|choice|move stoneedge|move toxic
|
|move|p1a: Regirock|Stone Edge|p2a: Umbreon
|-damage|p2a: Umbreon|256\/394
|move|p2a: Umbreon|Toxic|p1a: Regirock
|-status|p1a: Regirock|tox
|
|-heal|p2a: Umbreon|280\/394|[from] item: Leftovers
|-damage|p1a: Regirock|280\/364 tox|[from] psn
|upkeep
|turn|18
|choice|*|*move 4
|choice|*move 3|*
|choice|move stoneedge|move wish
|
|move|p1a: Regirock|Stone Edge|p2a: Umbreon|[miss]
|-miss|p1a: Regirock|p2a: Umbreon
|move|p2a: Umbreon|Wish|p2a: Umbreon
|
|-heal|p2a: Umbreon|304\/394|[from] item: Leftovers
|-damage|p1a: Regirock|236\/364 tox|[from] psn
|upkeep
|turn|19
|choice|*|*move 1
|choice|*move 3|*
|choice|move stoneedge|move darkpulse
|
|move|p1a: Regirock|Stone Edge|p2a: Umbreon
|-damage|p2a: Umbreon|159\/394
|move|p2a: Umbreon|Dark Pulse|p1a: Regirock
|-damage|p1a: Regirock|175\/364 tox
|
|-heal|p2a: Umbreon|356\/394|[from] move: Wish|[wisher] Umbreon
|-heal|p2a: Umbreon|380\/394|[from] item: Leftovers
|-damage|p1a: Regirock|109\/364 tox|[from] psn
|upkeep
|turn|20
|choice|*|*move 1
|choice|*move 4|*
|choice|move explosion|move darkpulse
|
|move|p1a: Regirock|Explosion|p2a: Umbreon
|-enditem|p1a: Regirock|Normal Gem|[from] gem|[move] Explosion
|-damage|p2a: Umbreon|74\/394
|faint|p1a: Regirock
|move|p2a: Umbreon|Dark Pulse|p1: Regirock|[notarget]
|-notarget
|
|-heal|p2a: Umbreon|98\/394|[from] item: Leftovers
|upkeep
|choice|*switch 5|*
|choice|switch 5|
|
|switch|p1a: Empoleon|Empoleon, M|125\/372
|turn|21
|choice|*|*move 2
|choice|*move 3|*
|choice|move aquajet|move protect
|
|move|p2a: Umbreon|Protect|p2a: Umbreon
|-singleturn|p2a: Umbreon|Protect
|move|p1a: Empoleon|Aqua Jet|p2a: Umbreon
|-activate|p2a: Umbreon|move: Protect
|
|-heal|p2a: Umbreon|122\/394|[from] item: Leftovers
|upkeep
|turn|22
|choice|*|*move 4
|choice|*move 2|*
|choice|move flashcannon|move wish
|
|move|p1a: Empoleon|Flash Cannon|p2a: Umbreon
|-damage|p2a: Umbreon|28\/394
|move|p2a: Umbreon|Wish|p2a: Umbreon
|
|-heal|p2a: Umbreon|52\/394|[from] item: Leftovers
|upkeep
|turn|23
|choice|*|*move 2
|choice|*move 3|*
|choice|move aquajet|move protect
|
|move|p2a: Umbreon|Protect|p2a: Umbreon
|-singleturn|p2a: Umbreon|Protect
|move|p1a: Empoleon|Aqua Jet|p2a: Umbreon
|-activate|p2a: Umbreon|move: Protect
|
|-heal|p2a: Umbreon|249\/394|[from] move: Wish|[wisher] Umbreon
|-heal|p2a: Umbreon|273\/394|[from] item: Leftovers
|upkeep
|turn|24
|choice|*|*move 4
|choice|*move 2|*
|choice|move flashcannon|move wish
|
|move|p1a: Empoleon|Flash Cannon|p2a: Umbreon
|-damage|p2a: Umbreon|176\/394
|move|p2a: Umbreon|Wish|p2a: Umbreon
|
|-heal|p2a: Umbreon|200\/394|[from] item: Leftovers
|upkeep
|turn|25
|choice|*|*move 1
|choice|*move 2|*
|choice|move flashcannon|move darkpulse
|
|move|p1a: Empoleon|Flash Cannon|p2a: Umbreon
|-damage|p2a: Umbreon|106\/394
|move|p2a: Umbreon|Dark Pulse|p1a: Empoleon
|-damage|p1a: Empoleon|65\/372
|
|-heal|p2a: Umbreon|303\/394|[from] move: Wish|[wisher] Umbreon
|-heal|p2a: Umbreon|327\/394|[from] item: Leftovers
|upkeep
|turn|26
|choice|*|*move 1
|choice|*move 2|*
|choice|move flashcannon|move darkpulse
|
|move|p1a: Empoleon|Flash Cannon|p2a: Umbreon
|-damage|p2a: Umbreon|236\/394
|move|p2a: Umbreon|Dark Pulse|p1a: Empoleon
|-damage|p1a: Empoleon|0 fnt
|faint|p1a: Empoleon
|
|-heal|p2a: Umbreon|260\/394|[from] item: Leftovers
|upkeep
|choice|*switch 3|*
|choice|switch 3|
|
|switch|p1a: Xatu|Xatu, M|223\/334
|turn|27
|choice|*|*move 1
|choice|*move 2|*
|choice|move uturn|move darkpulse
|
|move|p1a: Xatu|U-turn|p2a: Umbreon
|-supereffective|p2a: Umbreon
|-damage|p2a: Umbreon|210\/394
|choice|*switch 6|*
|choice|switch 6|
|
|switch|p1a: Tapu Bulu|Tapu Bulu|120\/343|[from]move: U-turn
|-fieldstart|move: Grassy Terrain|[from] ability: Grassy Surge|[of] p1a: Tapu Bulu
|move|p2a: Umbreon|Dark Pulse|p1a: Tapu Bulu
|-resisted|p1a: Tapu Bulu
|-crit|p1a: Tapu Bulu
|-damage|p1a: Tapu Bulu|72\/343
|
|-heal|p1a: Tapu Bulu|93\/343|[from] Grassy Terrain
|-heal|p2a: Umbreon|234\/394|[from] item: Leftovers
|-heal|p2a: Umbreon|258\/394|[from] Grassy Terrain
|upkeep
|turn|28
|choice|*|*move 2
|choice|*move 4|*
|choice|move hornleech|move protect
|
|move|p2a: Umbreon|Protect|p2a: Umbreon
|-singleturn|p2a: Umbreon|Protect
|move|p1a: Tapu Bulu|Horn Leech|p2a: Umbreon
|-activate|p2a: Umbreon|move: Protect
|
|-heal|p1a: Tapu Bulu|114\/343|[from] Grassy Terrain
|-heal|p2a: Umbreon|282\/394|[from] item: Leftovers
|-heal|p2a: Umbreon|306\/394|[from] Grassy Terrain
|upkeep
|turn|29
|choice|*move 4|*
|choice|*|*move 3
|choice|move hornleech|move toxic
|
|move|p1a: Tapu Bulu|Horn Leech|p2a: Umbreon
|-damage|p2a: Umbreon|155\/394
|-heal|p1a: Tapu Bulu|190\/343|[from] drain|[of] p2a: Umbreon
|move|p2a: Umbreon|Toxic|p1a: Tapu Bulu
|-status|p1a: Tapu Bulu|tox
|
|-heal|p1a: Tapu Bulu|211\/343 tox|[from] Grassy Terrain
|-heal|p2a: Umbreon|179\/394|[from] item: Leftovers
|-heal|p2a: Umbreon|203\/394|[from] Grassy Terrain
|-damage|p1a: Tapu Bulu|190\/343 tox|[from] psn
|upkeep
|turn|30
|choice|*|*move 2
|choice|*move 1|*
|choice|move leechseed|move protect
|
|move|p2a: Umbreon|Protect|p2a: Umbreon
|-singleturn|p2a: Umbreon|Protect
|move|p1a: Tapu Bulu|Leech Seed|p2a: Umbreon
|-activate|p2a: Umbreon|move: Protect
|
|-heal|p1a: Tapu Bulu|211\/343 tox|[from] Grassy Terrain
|-heal|p2a: Umbreon|227\/394|[from] item: Leftovers
|-heal|p2a: Umbreon|251\/394|[from] Grassy Terrain
|-damage|p1a: Tapu Bulu|169\/343 tox|[from] psn
|upkeep
|turn|31
|choice|*|*move 4
|choice|*move 1|*
|choice|move leechseed|move wish
|
|move|p1a: Tapu Bulu|Leech Seed|p2a: Umbreon|[miss]
|-miss|p1a: Tapu Bulu|p2a: Umbreon
|move|p2a: Umbreon|Wish|p2a: Umbreon
|
|-heal|p1a: Tapu Bulu|190\/343 tox|[from] Grassy Terrain
|-heal|p2a: Umbreon|275\/394|[from] item: Leftovers
|-heal|p2a: Umbreon|299\/394|[from] Grassy Terrain
|-fieldend|move: Grassy Terrain
|-damage|p1a: Tapu Bulu|127\/343 tox|[from] psn
|upkeep
|turn|32
|choice|*|*move 2
|choice|*switch 6|*
|choice|switch 6|move protect
|
|switch|p1a: Xatu|Xatu, M|223\/334
|move|p2a: Umbreon|Protect|p2a: Umbreon
|-fail|p2a: Umbreon
|
|-heal|p2a: Umbreon|394\/394|[from] move: Wish|[wisher] Umbreon
|-heal|p1a: Xatu|243\/334|[from] item: Leftovers
|upkeep
|turn|33
|choice|*|*move 3
|choice|*move 1|*
|choice|move wish|move toxic
|
|move|p1a: Xatu|Wish|p1a: Xatu
|move|p2a: Umbreon|Toxic|p1a: Xatu
|move|p1a: Xatu|Toxic|p2a: Umbreon|[from]Magic Bounce
|-status|p2a: Umbreon|tox
|-activate|p2a: Umbreon|ability: Synchronize
|-status|p1a: Xatu|tox
|
|-heal|p1a: Xatu|263\/334 tox|[from] item: Leftovers
|-damage|p1a: Xatu|243\/334 tox|[from] psn
|-damage|p2a: Umbreon|370\/394 tox|[from] psn
|upkeep
|turn|34
|choice|*|*move 1
|choice|*switch 6|*
|choice|switch 6|move darkpulse
|
|switch|p1a: Tapu Bulu|Tapu Bulu|127\/343 tox
|-fieldstart|move: Grassy Terrain|[from] ability: Grassy Surge|[of] p1a: Tapu Bulu
|move|p2a: Umbreon|Dark Pulse|p1a: Tapu Bulu
|-resisted|p1a: Tapu Bulu
|-damage|p1a: Tapu Bulu|95\/343 tox
|
|-heal|p1a: Tapu Bulu|262\/343 tox|[from] move: Wish|[wisher] Xatu
|-heal|p1a: Tapu Bulu|283\/343 tox|[from] Grassy Terrain
|-heal|p2a: Umbreon|394\/394 tox|[from] item: Leftovers
|-damage|p1a: Tapu Bulu|262\/343 tox|[from] psn
|-damage|p2a: Umbreon|346\/394 tox|[from] psn
|upkeep
|turn|35
|inactive|Cloed07 tiene 135 segundos restantes.
|inactive|La Tesorito tiene 135 segundos restantes.
|choice|*move 1|*
|choice|*|*switch 5
|choice|move leechseed|switch 5
|
|switch|p2a: Talonflame|Talonflame, F|277\/297
|-damage|p2a: Talonflame|129\/297|[from] Stealth Rock
|move|p1a: Tapu Bulu|Leech Seed|p2a: Talonflame
|-start|p2a: Talonflame|move: Leech Seed
|
|-heal|p1a: Tapu Bulu|283\/343 tox|[from] Grassy Terrain
|-damage|p2a: Talonflame|92\/297|[from] Leech Seed|[of] p1a: Tapu Bulu
|-heal|p1a: Tapu Bulu|320\/343 tox|[silent]
|-damage|p1a: Tapu Bulu|278\/343 tox|[from] psn
|upkeep
|turn|36
|choice|*move 2|*
|inactive|La Tesorito tiene 135 segundos restantes.
|inactive|La Tesorito tiene 120 segundos restantes.
|choice|*|*move 2
|choice|move protect|move bravebird
|
|move|p1a: Tapu Bulu|Protect|p1a: Tapu Bulu
|-singleturn|p1a: Tapu Bulu|Protect
|move|p2a: Talonflame|Brave Bird|p1a: Tapu Bulu
|-activate|p1a: Tapu Bulu|move: Protect
|
|-heal|p1a: Tapu Bulu|299\/343 tox|[from] Grassy Terrain
|-damage|p2a: Talonflame|55\/297|[from] Leech Seed|[of] p1a: Tapu Bulu
|-heal|p1a: Tapu Bulu|336\/343 tox|[silent]
|-damage|p1a: Tapu Bulu|273\/343 tox|[from] psn
|upkeep
|turn|37
|choice|*|*move 2
|choice|*move 3|*
|choice|move toxic|move bravebird
|
|move|p2a: Talonflame|Brave Bird|p1a: Tapu Bulu
|-supereffective|p1a: Tapu Bulu
|-damage|p1a: Tapu Bulu|0 fnt
|-damage|p2a: Talonflame|6\/297|[from] item: Rocky Helmet|[of] p1a: Tapu Bulu
|-damage|p2a: Talonflame|0 fnt|[from] recoil
|faint|p1a: Tapu Bulu
|faint|p2a: Talonflame
|
|upkeep
|choice|*switch 6|*
|choice|*|*switch 3
|choice|switch 6|switch 3
|
|switch|p2a: Clefable|Clefable, M|360\/360
|switch|p1a: Xatu|Xatu, M|243\/334 tox
|-activate|p2a: Clefable|move: Sticky Web
|-unboost|p2a: Clefable|spe|1
|turn|38
|choice|*move 1|*
|choice|*|*move 3
|choice|move wish|move thunderbolt
|
|move|p1a: Xatu|Wish|p1a: Xatu
|move|p2a: Clefable|Thunderbolt|p1a: Xatu
|-supereffective|p1a: Xatu
|-damage|p1a: Xatu|77\/334 tox
|
|-heal|p1a: Xatu|97\/334 tox|[from] item: Leftovers
|-fieldend|move: Grassy Terrain
|-damage|p1a: Xatu|77\/334 tox|[from] psn
|upkeep
|turn|39
|choice|*move 2|*
|choice|*|*move 3
|choice|move uturn|move thunderbolt
|
|move|p1a: Xatu|U-turn|p2a: Clefable
|-resisted|p2a: Clefable
|-crit|p2a: Clefable
|-damage|p2a: Clefable|335\/360
|choice|*switch 4|*
|choice|switch 4|
|
|switch|p1a: Charizard|Charizard, M|297\/297|[from]move: U-turn
|move|p2a: Clefable|Thunderbolt|p1a: Charizard
|-supereffective|p1a: Charizard
|-damage|p1a: Charizard|103\/297
|
|-heal|p1a: Charizard|270\/297|[from] move: Wish|[wisher] Xatu
|upkeep
|turn|40
|choice|*|*move 3
|choice|*move 3 mega|*
|choice|move dragonclaw mega|move thunderbolt
|
|-mega|p1a: Charizard|Charizard|Charizardite X
|detailschange|p1a: Charizard|Charizard-Mega-X, M
|move|p1a: Charizard|Dragon Claw|p2a: Clefable
|-immune|p2a: Clefable|[msg]
|move|p2a: Clefable|Thunderbolt|p1a: Charizard
|-resisted|p1a: Charizard
|-damage|p1a: Charizard|216\/297
|
|upkeep
|turn|41
|choice|*move 2|*
|choice|*|*move 4
|choice|move flareblitz|move moonblast
|
|move|p1a: Charizard|Flare Blitz|p2a: Clefable
|-damage|p2a: Clefable|40\/360
|-damage|p1a: Charizard|119\/297|[from] recoil
|move|p2a: Clefable|Moonblast|p1a: Charizard
|-damage|p1a: Charizard|0 fnt
|faint|p1a: Charizard
|
|upkeep
|choice|*switch 4|*
|choice|switch 4|
|
|switch|p1a: Xatu|Xatu, M|77\/334 tox
|turn|42
|choice|*move 4|*
|choice|*|*move 3
|choice|move airslash|move thunderbolt
|
|move|p1a: Xatu|Air Slash|p2a: Clefable
|-crit|p2a: Clefable
|-damage|p2a: Clefable|0 fnt
|faint|p2a: Clefable
|
|-heal|p1a: Xatu|97\/334 tox|[from] item: Leftovers
|-damage|p1a: Xatu|77\/334 tox|[from] psn
|upkeep
|choice|*|*switch 5
|choice||switch 5
|
|switch|p2a: Umbreon|Umbreon, F|346\/394 tox
|-activate|p2a: Umbreon|move: Sticky Web
|-unboost|p2a: Umbreon|spe|1
|-damage|p2a: Umbreon|297\/394 tox|[from] Stealth Rock
|turn|43
|choice|*|*move 1
|choice|*move 1|*
|choice|move wish|move darkpulse
|
|move|p1a: Xatu|Wish|p1a: Xatu
|move|p2a: Umbreon|Dark Pulse|p1a: Xatu
|-supereffective|p1a: Xatu
|-damage|p1a: Xatu|0 fnt
|faint|p1a: Xatu
|
|win|La Tesorito
La Tesorito ha ganado 6.75 PokeDolares.
|raw|Puntaje de Cloed07: 1234 &rarr; <strong>1194<\/strong><br \/>(-40 por perder)
|raw|Puntaje de La Tesorito: 1000 &rarr; <strong>1072<\/strong><br \/>(+72 por ganar)
</script>
</div>
<div class="battle-log battle-log-inline"><div class="inner"><div class="battle-options"></div><div class="inner"><div class=""><small>Format:</small> <br><strong>OU</strong></div><div class="rated"><strong>Rated battle</strong></div><div class=""><small><em>Cláusula-Mod de Dormir:</em> solo puedes dormir a uno de tus oponentes a la vez.</small></div><div class=""><small><em>Cláusula de Especie:</em> Hasta un Pokémon de cada especie</small></div><div class=""><small><em>Cláusula de Golpe Fulminante:</em> los movimientos fulminantes (OHKO) estan prohibidos</small></div><div class=""><small><em>Cláusula de Veleta:</em> la habilidad Veleta está prohibida</small></div><div class=""><small><em>Cláusula de Movimientos Evasivos:</em> los movimientos de Evasión están prohibidos.</small></div><div class=""><small><em>Cláusula de Batallas Eternas:</em> forzar batallas eternas está prohibido</small></div><div class="chat battle-history"><strong>Cloed07's team:</strong> <em style="color:#445566;display:block;">Charizard / Tapu Bulu / Empoleon / Galvantula / Regirock / Xatu</em></div><div class="chat battle-history"><strong>La Tesorito's team:</strong> <em style="color:#445566;display:block;">Umbreon / Talonflame / Clefable / Milotic / Sceptile / Excadrill</em></div><div class="chat message-error">Reloj de batalla ENCENDIDO. El jugador inactivo será descalificado (solicitado por Cloed07).</div><div class="spacer battle-history"><br></div><div class="battle-history">Battle started between Cloed07 and La Tesorito!<br></div><div class="spacer battle-history"><br></div><div class="battle-history">Go! <strong>Galvantula</strong>!<br></div><div class="spacer battle-history"><br></div><div class="battle-history">La Tesorito sent out <strong>Sceptile</strong>!<br></div><div class="spacer battle-history"><br></div><h2 class="battle-history">Turn 1</h2><div class="spacer battle-history"><br></div><div class="battle-history"><small>The opposing Sceptile's Sceptilite is reacting to the Key Stone!</small><br>The opposing Sceptile has Mega Evolved into Mega Sceptile!<br></div><div class="spacer battle-history"><br></div><div class="battle-history">The opposing Sceptile used <strong>Dragon Pulse</strong>!<br></div><div class="battle-history"><small>Galvantula hung on using its Focus Sash!</small><br></div><div class="battle-history"><small>(Galvantula lost <abbr title="−280/281">99.6%</abbr> of its health!)</small><br></div><div class="spacer battle-history"><br></div><div class="battle-history">Galvantula used <strong>Sticky Web</strong>!<br></div><div class="battle-history"><small>A sticky web spreads out on the ground around the opposing team!</small><br></div><div class="spacer battle-history"><br></div><h2 class="battle-history">Turn 2</h2><div class="spacer battle-history"><br></div><div class="battle-history">The opposing Sceptile used <strong>Dragon Pulse</strong>!<br></div><div class="battle-history"><small>(Galvantula lost <abbr title="−1/281">0.4%</abbr> of its health!)</small><br></div><div class="spacer battle-history"><br></div><div class="battle-history">Galvantula fainted!<br></div><div class="spacer battle-history"><br></div><div class="battle-history">Go! <strong>Tapu Bulu</strong>!<br></div><div class="battle-history"><small>[Tapu Bulu's Grassy Surge]</small><br><small>Grass grew to cover the battlefield!</small><br></div><div class="spacer battle-history"><br></div><h2 class="battle-history">Turn 3</h2><div class="spacer battle-history"><br></div><div class="battle-history">The opposing Sceptile used <strong>Hidden Power</strong>!<br></div><div class="battle-history"><small>It's super effective!</small><br></div><div class="battle-history"><small>(Tapu Bulu lost <abbr title="−166/343">48.4%</abbr> of its health!)</small><br></div><div class="spacer battle-history"><br></div><div class="battle-history">Tapu Bulu used <strong>Toxic</strong>!<br></div><div class="battle-history"><small>The opposing Sceptile was badly poisoned!</small><br></div><div class="spacer battle-history"><br></div><div class="battle-history"><small>Tapu Bulu restored HP using its Grassy Terrain!</small><br></div><div class="battle-history"><small>The opposing Sceptile was hurt by poison!</small><br></div><div class="spacer battle-history"><br></div><h2 class="battle-history">Turn 4</h2><div class="spacer battle-history"><br></div><div class="battle-history">Tapu Bulu used <strong>Protect</strong>!<br></div><div class="battle-history"><small>Tapu Bulu protected itself!</small><br></div><div class="spacer battle-history"><br></div><div class="battle-history">The opposing Sceptile used <strong>Hidden Power</strong>!<br></div><div class="battle-history"><small>Tapu Bulu protected itself!</small><br></div><div class="spacer battle-history"><br></div><div class="battle-history"><small>The opposing Sceptile restored HP using its Grassy Terrain!</small><br></div><div class="battle-history"><small>Tapu Bulu restored HP using its Grassy Terrain!</small><br></div><div class="battle-history"><small>The opposing Sceptile was hurt by poison!</small><br></div><div class="spacer battle-history"><br></div><h2 class="battle-history">Turn 5</h2><div class="spacer battle-history"><br></div><div class="battle-history">The opposing Sceptile used <strong>Hidden Power</strong>!<br></div><div class="battle-history"><small>It's super effective!</small><br></div><div class="battle-history"><small>(Tapu Bulu lost <abbr title="−168/343">49.0%</abbr> of its health!)</small><br></div><div class="spacer battle-history"><br></div><div class="battle-history">Tapu Bulu used <strong>Horn Leech</strong>!<br></div><div class="battle-history"><small>It's not very effective...</small><br></div><div class="battle-history"><small>(The opposing Sceptile lost <abbr title="−53/281">18.9%</abbr> of its health!)</small><br></div><div class="battle-history"><small>The opposing Sceptile had its energy drained!</small><br></div><div class="spacer battle-history"><br></div><div class="battle-history"><small>The opposing Sceptile restored HP using its Grassy Terrain!</small><br></div><div class="battle-history"><small>Tapu Bulu restored HP using its Grassy Terrain!</small><br></div><div class="battle-history"><small>The opposing Sceptile was hurt by poison!</small><br></div><div class="spacer battle-history"><br></div><h2 class="battle-history">Turn 6</h2><div class="spacer battle-history"><br></div><div class="battle-history">Tapu Bulu used <strong>Protect</strong>!<br></div><div class="battle-history"><small>Tapu Bulu protected itself!</small><br></div><div class="spacer battle-history"><br></div><div class="battle-history">The opposing Sceptile used <strong>Hidden Power</strong>!<br></div><div class="battle-history"><small>Tapu Bulu protected itself!</small><br></div><div class="spacer battle-history"><br></div><div class="battle-history"><small>The opposing Sceptile restored HP using its Grassy Terrain!</small><br></div><div class="battle-history"><small>Tapu Bulu restored HP using its Grassy Terrain!</small><br></div><div class="battle-history"><small>The opposing Sceptile was hurt by poison!</small><br></div><div class="spacer battle-history"><br></div><h2 class="battle-history">Turn 7</h2><div class="spacer battle-history"><br></div><div class="battle-history">Tapu Bulu, come back!<br></div><div class="battle-history">Go! <strong>Xatu</strong>!<br></div><div class="spacer battle-history"><br></div><div class="battle-history">The opposing Sceptile used <strong>Hidden Power</strong>!<br></div><div class="battle-history"><small>(Xatu lost <abbr title="−79/334">23.7%</abbr> of its health!)</small><br></div><div class="spacer battle-history"><br></div><div class="battle-history"><small>The opposing Sceptile restored HP using its Grassy Terrain!</small><br></div><div class="battle-history"><small>Xatu restored a little HP using its Leftovers!</small><br></div><div class="battle-history"><small>The grass disappeared from the battlefield.</small><br></div><div class="battle-history"><small>The opposing Sceptile was hurt by poison!</small><br></div><div class="spacer battle-history"><br></div><h2 class="battle-history">Turn 8</h2><div class="spacer battle-history"><br></div><div class="battle-history">The opposing Sceptile used <strong>Dragon Pulse</strong>!<br></div><div class="battle-history"><small>A critical hit!</small><br></div><div class="battle-history"><small>(Xatu lost <abbr title="−259/334">77.5%</abbr> of its health!)</small><br></div><div class="spacer battle-history"><br></div><div class="battle-history">Xatu used <strong>Wish</strong>!<br></div><div class="spacer battle-history"><br></div><div class="battle-history"><small>Xatu restored a little HP using its Leftovers!</small><br></div><div class="battle-history"><small>The opposing Sceptile was hurt by poison!</small><br></div><div class="spacer battle-history"><br></div><div class="battle-history">The opposing Sceptile fainted!<br></div><div class="chat message-error">La Tesorito tiene 135 segundos restantes.</div><div class="spacer battle-history"><br></div><div class="battle-history">La Tesorito sent out <strong>Milotic</strong>!<br></div><div class="battle-history"><small>The opposing Milotic was caught in a sticky web!</small><br></div><div class="battle-history"><small>The opposing Milotic's Speed fell!</small><br></div><div class="battle-history"><small>[The opposing Milotic's Competitive]</small><br></div><div class="battle-history"><small>The opposing Milotic's Special Attack rose sharply!</small><br></div><div class="spacer battle-history"><br></div><h2 class="battle-history">Turn 9</h2><div class="spacer battle-history"><br></div><div class="battle-history">Xatu used <strong>Protect</strong>!<br></div><div class="battle-history"><small>Xatu protected itself!</small><br></div><div class="spacer battle-history"><br></div><div class="battle-history">The opposing Milotic used <strong>Ice Beam</strong>!<br></div><div class="battle-history"><small>Xatu protected itself!</small><br></div><div class="spacer battle-history"><br></div><div class="battle-history"><small>Xatu's wish came true!</small><br></div><div class="battle-history"><small>Xatu restored a little HP using its Leftovers!</small><br></div><div class="spacer battle-history"><br></div><h2 class="battle-history">Turn 10</h2><div class="spacer battle-history"><br></div><div class="battle-history">Xatu used <strong>U-turn</strong>!<br></div><div class="battle-history"><small>(The opposing Milotic lost <abbr title="−29/365">7.9%</abbr> of its health!)</small><br></div><div class="spacer battle-history"><br></div><div class="battle-history">Xatu went back to Cloed07!<br></div><div class="battle-history">Go! <strong>Empoleon</strong>!<br></div><div class="spacer battle-history"><br></div><div class="battle-history">The opposing Milotic used <strong>Ice Beam</strong>!<br></div><div class="battle-history"><small>It's not very effective...</small><br></div><div class="battle-history"><small>(Empoleon lost <abbr title="−43/372">11.6%</abbr> of its health!)</small><br></div><div class="spacer battle-history"><br></div><h2 class="battle-history">Turn 11</h2><div class="spacer battle-history"><br></div><div class="battle-history">Empoleon used <strong>Ice Beam</strong>!<br></div><div class="battle-history"><small>It's not very effective...</small><br></div><div class="battle-history"><small>(The opposing Milotic lost <abbr title="−31/365">8.5%</abbr> of its health!)</small><br></div><div class="battle-history"><small>The opposing Milotic was frozen solid!</small><br></div><div class="battle-history"><small>The opposing Milotic thawed out!</small><br></div><div class="spacer battle-history"><br></div><div class="battle-history">The opposing Milotic used <strong>Dragon Tail</strong>!<br></div><div class="battle-history"><small>Empoleon avoided the attack!</small><br></div><div class="spacer battle-history"><br></div><h2 class="battle-history">Turn 12</h2><div class="spacer battle-history"><br></div><div class="battle-history">La Tesorito withdrew Milotic!<br></div><div class="battle-history">La Tesorito sent out <strong>Excadrill</strong>!<br></div><div class="battle-history"><small>The opposing Excadrill was caught in a sticky web!</small><br></div><div class="battle-history"><small>The opposing Excadrill's Speed fell!</small><br></div><div class="battle-history"><small>[The opposing Excadrill's Mold Breaker]</small><br><small>The opposing Excadrill breaks the mold!</small><br></div><div class="spacer battle-history"><br></div><div class="battle-history">Empoleon used <strong>Ice Beam</strong>!<br></div><div class="battle-history"><small>(The opposing Excadrill lost <abbr title="−144/361">39.9%</abbr> of its health!)</small><br></div><div class="spacer battle-history"><br></div><h2 class="battle-history">Turn 13</h2><div class="spacer battle-history"><br></div><div class="battle-history">Empoleon used <strong>Aqua Jet</strong>!<br></div><div class="battle-history"><small>It's super effective!</small><br></div><div class="battle-history"><small>(The opposing Excadrill lost <abbr title="−120/361">33.2%</abbr> of its health!)</small><br></div><div class="spacer battle-history"><br></div><div class="battle-history">The opposing Excadrill used <strong>Brick Break</strong>!<br></div><div class="battle-history"><small>It's super effective!</small><br></div><div class="battle-history"><small>(Empoleon lost <abbr title="−204/372">54.8%</abbr> of its health!)</small><br></div><div class="spacer battle-history"><br></div><h2 class="battle-history">Turn 14</h2><div class="spacer battle-history"><br></div><div class="battle-history">Empoleon used <strong>Aqua Jet</strong>!<br></div><div class="battle-history"><small>It's super effective!</small><br></div><div class="battle-history"><small>(The opposing Excadrill lost <abbr title="−97/361">26.9%</abbr> of its health!)</small><br></div><div class="spacer battle-history"><br></div><div class="battle-history">The opposing Excadrill fainted!<br></div><div class="spacer battle-history"><br></div><div class="battle-history">La Tesorito sent out <strong>Talonflame</strong>!<br></div><div class="spacer battle-history"><br></div><h2 class="battle-history">Turn 15</h2><div class="spacer battle-history"><br></div><div class="battle-history">Empoleon, come back!<br></div><div class="battle-history">Go! <strong>Regirock</strong>!<br></div><div class="spacer battle-history"><br></div><div class="battle-history">The opposing Talonflame used <strong>Flare Blitz</strong>!<br></div><div class="battle-history"><small>It's not very effective...</small><br></div><div class="battle-history"><small>(Regirock lost <abbr title="−62/364">17.0%</abbr> of its health!)</small><br></div><div class="battle-history"><small>The opposing Talonflame is damaged by the recoil!</small><br></div><div class="spacer battle-history"><br></div><h2 class="battle-history">Turn 16</h2><div class="spacer battle-history"><br></div><div class="battle-history">La Tesorito withdrew Talonflame!<br></div><div class="battle-history">La Tesorito sent out <strong>Umbreon</strong>!<br></div><div class="battle-history"><small>The opposing Umbreon was caught in a sticky web!</small><br></div><div class="battle-history"><small>The opposing Umbreon's Speed fell!</small><br></div><div class="spacer battle-history"><br></div><div class="battle-history">Regirock used <strong>Stealth Rock</strong>!<br></div><div class="battle-history"><small>Pointed stones float in the air around the opposing team!</small><br></div><div class="spacer battle-history"><br></div><h2 class="battle-history">Turn 17</h2><div class="spacer battle-history"><br></div><div class="battle-history">Regirock used <strong>Stone Edge</strong>!<br></div><div class="battle-history"><small>(The opposing Umbreon lost <abbr title="−138/394">35.0%</abbr> of its health!)</small><br></div><div class="spacer battle-history"><br></div><div class="battle-history">The opposing Umbreon used <strong>Toxic</strong>!<br></div><div class="battle-history"><small>Regirock was badly poisoned!</small><br></div><div class="spacer battle-history"><br></div><div class="battle-history"><small>The opposing Umbreon restored a little HP using its Leftovers!</small><br></div><div class="battle-history"><small>Regirock was hurt by poison!</small><br></div><div class="spacer battle-history"><br></div><h2 class="battle-history">Turn 18</h2><div class="spacer battle-history"><br></div><div class="battle-history">Regirock used <strong>Stone Edge</strong>!<br></div><div class="battle-history"><small>The opposing Umbreon avoided the attack!</small><br></div><div class="spacer battle-history"><br></div><div class="battle-history">The opposing Umbreon used <strong>Wish</strong>!<br></div><div class="spacer battle-history"><br></div><div class="battle-history"><small>The opposing Umbreon restored a little HP using its Leftovers!</small><br></div><div class="battle-history"><small>Regirock was hurt by poison!</small><br></div><div class="spacer battle-history"><br></div><h2 class="battle-history">Turn 19</h2><div class="spacer battle-history"><br></div><div class="battle-history">Regirock used <strong>Stone Edge</strong>!<br></div><div class="battle-history"><small>(The opposing Umbreon lost <abbr title="−145/394">36.8%</abbr> of its health!)</small><br></div><div class="spacer battle-history"><br></div><div class="battle-history">The opposing Umbreon used <strong>Dark Pulse</strong>!<br></div><div class="battle-history"><small>(Regirock lost <abbr title="−61/364">16.8%</abbr> of its health!)</small><br></div><div class="spacer battle-history"><br></div><div class="battle-history"><small>Umbreon's wish came true!</small><br></div><div class="battle-history"><small>The opposing Umbreon restored a little HP using its Leftovers!</small><br></div><div class="battle-history"><small>Regirock was hurt by poison!</small><br></div><div class="spacer battle-history"><br></div><h2 class="battle-history">Turn 20</h2><div class="spacer battle-history"><br></div><div class="battle-history">Regirock used <strong>Explosion</strong>!<br></div><div class="battle-history"><small>The Normal Gem strengthened Regirock's power!</small><br></div><div class="battle-history"><small>(The opposing Umbreon lost <abbr title="−306/394">77.7%</abbr> of its health!)</small><br></div><div class="spacer battle-history"><br></div><div class="battle-history">Regirock fainted!<br></div><div class="battle-history">The opposing Umbreon used <strong>Dark Pulse</strong>!<br></div><div class="battle-history"><small>But there was no target...</small><br></div><div class="spacer battle-history"><br></div><div class="battle-history"><small>The opposing Umbreon restored a little HP using its Leftovers!</small><br></div><div class="spacer battle-history"><br></div><div class="battle-history">Go! <strong>Empoleon</strong>!<br></div><div class="spacer battle-history"><br></div><h2 class="battle-history">Turn 21</h2><div class="spacer battle-history"><br></div><div class="battle-history">The opposing Umbreon used <strong>Protect</strong>!<br></div><div class="battle-history"><small>The opposing Umbreon protected itself!</small><br></div><div class="spacer battle-history"><br></div><div class="battle-history">Empoleon used <strong>Aqua Jet</strong>!<br></div><div class="battle-history"><small>The opposing Umbreon protected itself!</small><br></div><div class="spacer battle-history"><br></div><div class="battle-history"><small>The opposing Umbreon restored a little HP using its Leftovers!</small><br></div><div class="spacer battle-history"><br></div><h2 class="battle-history">Turn 22</h2><div class="spacer battle-history"><br></div><div class="battle-history">Empoleon used <strong>Flash Cannon</strong>!<br></div><div class="battle-history"><small>(The opposing Umbreon lost <abbr title="−94/394">23.9%</abbr> of its health!)</small><br></div><div class="spacer battle-history"><br></div><div class="battle-history">The opposing Umbreon used <strong>Wish</strong>!<br></div><div class="spacer battle-history"><br></div><div class="battle-history"><small>The opposing Umbreon restored a little HP using its Leftovers!</small><br></div><div class="spacer battle-history"><br></div><h2 class="battle-history">Turn 23</h2><div class="spacer battle-history"><br></div><div class="battle-history">The opposing Umbreon used <strong>Protect</strong>!<br></div><div class="battle-history"><small>The opposing Umbreon protected itself!</small><br></div><div class="spacer battle-history"><br></div><div class="battle-history">Empoleon used <strong>Aqua Jet</strong>!<br></div><div class="battle-history"><small>The opposing Umbreon protected itself!</small><br></div><div class="spacer battle-history"><br></div><div class="battle-history"><small>Umbreon's wish came true!</small><br></div><div class="battle-history"><small>The opposing Umbreon restored a little HP using its Leftovers!</small><br></div><div class="spacer battle-history"><br></div><h2 class="battle-history">Turn 24</h2><div class="spacer battle-history"><br></div><div class="battle-history">Empoleon used <strong>Flash Cannon</strong>!<br></div><div class="battle-history"><small>(The opposing Umbreon lost <abbr title="−97/394">24.6%</abbr> of its health!)</small><br></div><div class="spacer battle-history"><br></div><div class="battle-history">The opposing Umbreon used <strong>Wish</strong>!<br></div><div class="spacer battle-history"><br></div><div class="battle-history"><small>The opposing Umbreon restored a little HP using its Leftovers!</small><br></div><div class="spacer battle-history"><br></div><h2 class="battle-history">Turn 25</h2><div class="spacer battle-history"><br></div><div class="battle-history">Empoleon used <strong>Flash Cannon</strong>!<br></div><div class="battle-history"><small>(The opposing Umbreon lost <abbr title="−94/394">23.9%</abbr> of its health!)</small><br></div><div class="spacer battle-history"><br></div><div class="battle-history">The opposing Umbreon used <strong>Dark Pulse</strong>!<br></div><div class="battle-history"><small>(Empoleon lost <abbr title="−60/372">16.1%</abbr> of its health!)</small><br></div><div class="spacer battle-history"><br></div><div class="battle-history"><small>Umbreon's wish came true!</small><br></div><div class="battle-history"><small>The opposing Umbreon restored a little HP using its Leftovers!</small><br></div><div class="spacer battle-history"><br></div><h2 class="battle-history">Turn 26</h2><div class="spacer battle-history"><br></div><div class="battle-history">Empoleon used <strong>Flash Cannon</strong>!<br></div><div class="battle-history"><small>(The opposing Umbreon lost <abbr title="−91/394">23.1%</abbr> of its health!)</small><br></div><div class="spacer battle-history"><br></div><div class="battle-history">The opposing Umbreon used <strong>Dark Pulse</strong>!<br></div><div class="battle-history"><small>(Empoleon lost <abbr title="−65/372">17.5%</abbr> of its health!)</small><br></div><div class="spacer battle-history"><br></div><div class="battle-history">Empoleon fainted!<br></div><div class="spacer battle-history"><br></div><div class="battle-history"><small>The opposing Umbreon restored a little HP using its Leftovers!</small><br></div><div class="spacer battle-history"><br></div><div class="battle-history">Go! <strong>Xatu</strong>!<br></div><div class="spacer battle-history"><br></div><h2 class="battle-history">Turn 27</h2><div class="spacer battle-history"><br></div><div class="battle-history">Xatu used <strong>U-turn</strong>!<br></div><div class="battle-history"><small>It's super effective!</small><br></div><div class="battle-history"><small>(The opposing Umbreon lost <abbr title="−50/394">12.7%</abbr> of its health!)</small><br></div><div class="spacer battle-history"><br></div><div class="battle-history">Xatu went back to Cloed07!<br></div><div class="battle-history">Go! <strong>Tapu Bulu</strong>!<br></div><div class="battle-history"><small>[Tapu Bulu's Grassy Surge]</small><br><small>Grass grew to cover the battlefield!</small><br></div><div class="spacer battle-history"><br></div><div class="battle-history">The opposing Umbreon used <strong>Dark Pulse</strong>!<br></div><div class="battle-history"><small>It's not very effective...</small><br></div><div class="battle-history"><small>A critical hit!</small><br></div><div class="battle-history"><small>(Tapu Bulu lost <abbr title="−48/343">14.0%</abbr> of its health!)</small><br></div><div class="spacer battle-history"><br></div><div class="battle-history"><small>Tapu Bulu restored HP using its Grassy Terrain!</small><br></div><div class="battle-history"><small>The opposing Umbreon restored a little HP using its Leftovers!</small><br></div><div class="battle-history"><small>The opposing Umbreon restored HP using its Grassy Terrain!</small><br></div><div class="spacer battle-history"><br></div><h2 class="battle-history">Turn 28</h2><div class="spacer battle-history"><br></div><div class="battle-history">The opposing Umbreon used <strong>Protect</strong>!<br></div><div class="battle-history"><small>The opposing Umbreon protected itself!</small><br></div><div class="spacer battle-history"><br></div><div class="battle-history">Tapu Bulu used <strong>Horn Leech</strong>!<br></div><div class="battle-history"><small>The opposing Umbreon protected itself!</small><br></div><div class="spacer battle-history"><br></div><div class="battle-history"><small>Tapu Bulu restored HP using its Grassy Terrain!</small><br></div><div class="battle-history"><small>The opposing Umbreon restored a little HP using its Leftovers!</small><br></div><div class="battle-history"><small>The opposing Umbreon restored HP using its Grassy Terrain!</small><br></div><div class="spacer battle-history"><br></div><h2 class="battle-history">Turn 29</h2><div class="spacer battle-history"><br></div><div class="battle-history">Tapu Bulu used <strong>Horn Leech</strong>!<br></div><div class="battle-history"><small>(The opposing Umbreon lost <abbr title="−151/394">38.3%</abbr> of its health!)</small><br></div><div class="battle-history"><small>The opposing Umbreon had its energy drained!</small><br></div><div class="spacer battle-history"><br></div><div class="battle-history">The opposing Umbreon used <strong>Toxic</strong>!<br></div><div class="battle-history"><small>Tapu Bulu was badly poisoned!</small><br></div><div class="spacer battle-history"><br></div><div class="battle-history"><small>Tapu Bulu restored HP using its Grassy Terrain!</small><br></div><div class="battle-history"><small>The opposing Umbreon restored a little HP using its Leftovers!</small><br></div><div class="battle-history"><small>The opposing Umbreon restored HP using its Grassy Terrain!</small><br></div><div class="battle-history"><small>Tapu Bulu was hurt by poison!</small><br></div><div class="spacer battle-history"><br></div><h2 class="battle-history">Turn 30</h2><div class="spacer battle-history"><br></div><div class="battle-history">The opposing Umbreon used <strong>Protect</strong>!<br></div><div class="battle-history"><small>The opposing Umbreon protected itself!</small><br></div><div class="spacer battle-history"><br></div><div class="battle-history">Tapu Bulu used <strong>Leech Seed</strong>!<br></div><div class="battle-history"><small>The opposing Umbreon protected itself!</small><br></div><div class="spacer battle-history"><br></div><div class="battle-history"><small>Tapu Bulu restored HP using its Grassy Terrain!</small><br></div><div class="battle-history"><small>The opposing Umbreon restored a little HP using its Leftovers!</small><br></div><div class="battle-history"><small>The opposing Umbreon restored HP using its Grassy Terrain!</small><br></div><div class="battle-history"><small>Tapu Bulu was hurt by poison!</small><br></div><div class="spacer battle-history"><br></div><h2 class="battle-history">Turn 31</h2><div class="spacer battle-history"><br></div><div class="battle-history">Tapu Bulu used <strong>Leech Seed</strong>!<br></div><div class="battle-history"><small>The opposing Umbreon avoided the attack!</small><br></div><div class="spacer battle-history"><br></div><div class="battle-history">The opposing Umbreon used <strong>Wish</strong>!<br></div><div class="spacer battle-history"><br></div><div class="battle-history"><small>Tapu Bulu restored HP using its Grassy Terrain!</small><br></div><div class="battle-history"><small>The opposing Umbreon restored a little HP using its Leftovers!</small><br></div><div class="battle-history"><small>The opposing Umbreon restored HP using its Grassy Terrain!</small><br></div><div class="battle-history"><small>The grass disappeared from the battlefield.</small><br></div><div class="battle-history"><small>Tapu Bulu was hurt by poison!</small><br></div><div class="spacer battle-history"><br></div><h2 class="battle-history">Turn 32</h2><div class="spacer battle-history"><br></div><div class="battle-history">Tapu Bulu, come back!<br></div><div class="battle-history">Go! <strong>Xatu</strong>!<br></div><div class="spacer battle-history"><br></div><div class="battle-history">The opposing Umbreon used <strong>Protect</strong>!<br></div><div class="battle-history"><small>But it failed!</small><br></div><div class="spacer battle-history"><br></div><div class="battle-history"><small>Umbreon's wish came true!</small><br></div><div class="battle-history"><small>Xatu restored a little HP using its Leftovers!</small><br></div><div class="spacer battle-history"><br></div><h2 class="battle-history">Turn 33</h2><div class="spacer battle-history"><br></div><div class="battle-history">Xatu used <strong>Wish</strong>!<br></div><div class="spacer battle-history"><br></div><div class="battle-history">The opposing Umbreon used <strong>Toxic</strong>!<br></div><div class="spacer battle-history"><br></div><div class="battle-history"><small>[Xatu's Magic Bounce]</small><br>Xatu bounced the Toxic back!<br></div><div class="battle-history"><small>The opposing Umbreon was badly poisoned!</small><br></div><div class="battle-history"><small>[The opposing Umbreon's Synchronize]</small><br></div><div class="battle-history"><small>Xatu was badly poisoned!</small><br></div><div class="spacer battle-history"><br></div><div class="battle-history"><small>Xatu restored a little HP using its Leftovers!</small><br></div><div class="battle-history"><small>Xatu was hurt by poison!</small><br></div><div class="battle-history"><small>The opposing Umbreon was hurt by poison!</small><br></div><div class="spacer battle-history"><br></div><h2 class="battle-history">Turn 34</h2><div class="spacer battle-history"><br></div><div class="battle-history">Xatu, come back!<br></div><div class="battle-history">Go! <strong>Tapu Bulu</strong>!<br></div><div class="battle-history"><small>[Tapu Bulu's Grassy Surge]</small><br><small>Grass grew to cover the battlefield!</small><br></div><div class="spacer battle-history"><br></div><div class="battle-history">The opposing Umbreon used <strong>Dark Pulse</strong>!<br></div><div class="battle-history"><small>It's not very effective...</small><br></div><div class="battle-history"><small>(Tapu Bulu lost <abbr title="−32/343">9.3%</abbr> of its health!)</small><br></div><div class="spacer battle-history"><br></div><div class="battle-history"><small>Xatu's wish came true!</small><br></div><div class="battle-history"><small>Tapu Bulu restored HP using its Grassy Terrain!</small><br></div><div class="battle-history"><small>The opposing Umbreon restored a little HP using its Leftovers!</small><br></div><div class="battle-history"><small>Tapu Bulu was hurt by poison!</small><br></div><div class="battle-history"><small>The opposing Umbreon was hurt by poison!</small><br></div><div class="spacer battle-history"><br></div><h2 class="battle-history">Turn 35</h2><div class="chat message-error">Cloed07 tiene 135 segundos restantes.</div><div class="chat message-error">La Tesorito tiene 135 segundos restantes.</div><div class="spacer battle-history"><br></div><div class="battle-history">La Tesorito withdrew Umbreon!<br></div><div class="battle-history">La Tesorito sent out <strong>Talonflame</strong>!<br></div><div class="battle-history"><small>Pointed stones dug into the opposing Talonflame!</small><br></div><div class="spacer battle-history"><br></div><div class="battle-history">Tapu Bulu used <strong>Leech Seed</strong>!<br></div><div class="battle-history"><small>The opposing Talonflame was seeded!</small><br></div><div class="spacer battle-history"><br></div><div class="battle-history"><small>Tapu Bulu restored HP using its Grassy Terrain!</small><br></div><div class="battle-history"><small>The opposing Talonflame's health is sapped by Leech Seed!</small><br></div><div class="battle-history"><small>Tapu Bulu was hurt by poison!</small><br></div><div class="spacer battle-history"><br></div><h2 class="battle-history">Turn 36</h2><div class="chat message-error">La Tesorito tiene 135 segundos restantes.</div><div class="chat message-error">La Tesorito tiene 120 segundos restantes.</div><div class="spacer battle-history"><br></div><div class="battle-history">Tapu Bulu used <strong>Protect</strong>!<br></div><div class="battle-history"><small>Tapu Bulu protected itself!</small><br></div><div class="spacer battle-history"><br></div><div class="battle-history">The opposing Talonflame used <strong>Brave Bird</strong>!<br></div><div class="battle-history"><small>Tapu Bulu protected itself!</small><br></div><div class="spacer battle-history"><br></div><div class="battle-history"><small>Tapu Bulu restored HP using its Grassy Terrain!</small><br></div><div class="battle-history"><small>The opposing Talonflame's health is sapped by Leech Seed!</small><br></div><div class="battle-history"><small>Tapu Bulu was hurt by poison!</small><br></div><div class="spacer battle-history"><br></div><h2 class="battle-history">Turn 37</h2><div class="spacer battle-history"><br></div><div class="battle-history">The opposing Talonflame used <strong>Brave Bird</strong>!<br></div><div class="battle-history"><small>It's super effective!</small><br></div><div class="battle-history"><small>(Tapu Bulu lost <abbr title="−273/343">79.6%</abbr> of its health!)</small><br></div><div class="battle-history"><small>The opposing Talonflame was hurt by the Rocky Helmet!</small><br></div><div class="battle-history"><small>The opposing Talonflame is damaged by the recoil!</small><br></div><div class="spacer battle-history"><br></div><div class="battle-history">Tapu Bulu fainted!<br></div><div class="battle-history">The opposing Talonflame fainted!<br></div><div class="spacer battle-history"><br></div><div class="battle-history">La Tesorito sent out <strong>Clefable</strong>!<br></div><div class="spacer battle-history"><br></div><div class="battle-history">Go! <strong>Xatu</strong>!<br></div><div class="battle-history"><small>The opposing Clefable was caught in a sticky web!</small><br></div><div class="battle-history"><small>The opposing Clefable's Speed fell!</small><br></div><div class="spacer battle-history"><br></div><h2 class="battle-history">Turn 38</h2><div class="spacer battle-history"><br></div><div class="battle-history">Xatu used <strong>Wish</strong>!<br></div><div class="spacer battle-history"><br></div><div class="battle-history">The opposing Clefable used <strong>Thunderbolt</strong>!<br></div><div class="battle-history"><small>It's super effective!</small><br></div><div class="battle-history"><small>(Xatu lost <abbr title="−166/334">49.7%</abbr> of its health!)</small><br></div><div class="spacer battle-history"><br></div><div class="battle-history"><small>Xatu restored a little HP using its Leftovers!</small><br></div><div class="battle-history"><small>The grass disappeared from the battlefield.</small><br></div><div class="battle-history"><small>Xatu was hurt by poison!</small><br></div><div class="spacer battle-history"><br></div><h2 class="battle-history">Turn 39</h2><div class="spacer battle-history"><br></div><div class="battle-history">Xatu used <strong>U-turn</strong>!<br></div><div class="battle-history"><small>It's not very effective...</small><br></div><div class="battle-history"><small>A critical hit!</small><br></div><div class="battle-history"><small>(The opposing Clefable lost <abbr title="−25/360">6.9%</abbr> of its health!)</small><br></div><div class="spacer battle-history"><br></div><div class="battle-history">Xatu went back to Cloed07!<br></div><div class="battle-history">Go! <strong>Charizard</strong>!<br></div><div class="spacer battle-history"><br></div><div class="battle-history">The opposing Clefable used <strong>Thunderbolt</strong>!<br></div><div class="battle-history"><small>It's super effective!</small><br></div><div class="battle-history"><small>(Charizard lost <abbr title="−194/297">65.3%</abbr> of its health!)</small><br></div><div class="spacer battle-history"><br></div><div class="battle-history"><small>Xatu's wish came true!</small><br></div><div class="spacer battle-history"><br></div><h2 class="battle-history">Turn 40</h2><div class="spacer battle-history"><br></div><div class="battle-history"><small>Charizard's Charizardite X is reacting to the Key Stone!</small><br>Charizard has Mega Evolved into Mega Charizard!<br></div><div class="spacer battle-history"><br></div><div class="battle-history">Charizard used <strong>Dragon Claw</strong>!<br></div><div class="battle-history"><small>It doesn't affect the opposing Clefable...</small><br></div><div class="spacer battle-history"><br></div><div class="battle-history">The opposing Clefable used <strong>Thunderbolt</strong>!<br></div><div class="battle-history"><small>It's not very effective...</small><br></div><div class="battle-history"><small>(Charizard lost <abbr title="−54/297">18.2%</abbr> of its health!)</small><br></div><div class="spacer battle-history"><br></div><h2 class="battle-history">Turn 41</h2><div class="spacer battle-history"><br></div><div class="battle-history">Charizard used <strong>Flare Blitz</strong>!<br></div><div class="battle-history"><small>(The opposing Clefable lost <abbr title="−295/360">81.9%</abbr> of its health!)</small><br></div><div class="battle-history"><small>Charizard is damaged by the recoil!</small><br></div><div class="spacer battle-history"><br></div><div class="battle-history">The opposing Clefable used <strong>Moonblast</strong>!<br></div><div class="battle-history"><small>(Charizard lost <abbr title="−119/297">40.1%</abbr> of its health!)</small><br></div><div class="spacer battle-history"><br></div><div class="battle-history">Charizard fainted!<br></div><div class="spacer battle-history"><br></div><div class="battle-history">Go! <strong>Xatu</strong>!<br></div><div class="spacer battle-history"><br></div><h2 class="battle-history">Turn 42</h2><div class="spacer battle-history"><br></div><div class="battle-history">Xatu used <strong>Air Slash</strong>!<br></div><div class="battle-history"><small>A critical hit!</small><br></div><div class="battle-history"><small>(The opposing Clefable lost <abbr title="−40/360">11.1%</abbr> of its health!)</small><br></div><div class="spacer battle-history"><br></div><div class="battle-history">The opposing Clefable fainted!<br></div><div class="spacer battle-history"><br></div><div class="battle-history"><small>Xatu restored a little HP using its Leftovers!</small><br></div><div class="battle-history"><small>Xatu was hurt by poison!</small><br></div><div class="spacer battle-history"><br></div><div class="battle-history">La Tesorito sent out <strong>Umbreon</strong>!<br></div><div class="battle-history"><small>The opposing Umbreon was caught in a sticky web!</small><br></div><div class="battle-history"><small>The opposing Umbreon's Speed fell!</small><br></div><div class="battle-history"><small>Pointed stones dug into the opposing Umbreon!</small><br></div><div class="spacer battle-history"><br></div><h2 class="battle-history">Turn 43</h2><div class="spacer battle-history"><br></div><div class="battle-history">Xatu used <strong>Wish</strong>!<br></div><div class="spacer battle-history"><br></div><div class="battle-history">The opposing Umbreon used <strong>Dark Pulse</strong>!<br></div><div class="battle-history"><small>It's super effective!</small><br></div><div class="battle-history"><small>(Xatu lost <abbr title="−77/334">23.1%</abbr> of its health!)</small><br></div><div class="spacer battle-history"><br></div><div class="battle-history">Xatu fainted!<br></div><div class="spacer battle-history"><br></div><div class="battle-history"><strong>La Tesorito</strong> won the battle!<br></div><div class="chat">La Tesorito ha ganado 6.75 PokeDolares.</div><div class="chat">Puntaje de Cloed07: 1234 → <strong>1194</strong><br>(-40 por perder)</div><div class="chat">Puntaje de La Tesorito: 1000 → <strong>1072</strong><br>(+72 por ganar)</div></div><div class="inner-preempt"></div></div></div>
</div>
<script>
let daily = Math.floor(Date.now()/1000/60/60/24);document.write('<script src="https://play.pokemonshowdown.com/js/replay-embed.js?version'+daily+'"></'+'script>');
</script>
