<!DOCTYPE html>
<meta charset="utf-8" />
<!-- version 1 -->
<title>OU replay: Flamita vs. luisotte</title>
<style>
html,body {font-family:Verdana, sans-serif;font-size:10pt;margin:0;padding:0;}body{padding:12px 0;} .battle-log {font-family:Verdana, sans-serif;font-size:10pt;} .battle-log-inline {border:1px solid #AAAAAA;background:#EEF2F5;color:black;max-width:640px;margin:0 auto 80px;padding-bottom:5px;} .battle-log .inner {padding:4px 8px 0px 8px;} .battle-log .inner-preempt {padding:0 8px 4px 8px;} .battle-log .inner-after {margin-top:0.5em;} .battle-log h2 {margin:0.5em -8px;padding:4px 8px;border:1px solid #AAAAAA;background:#E0E7EA;border-left:0;border-right:0;font-family:Verdana, sans-serif;font-size:13pt;} .battle-log .chat {vertical-align:middle;padding:3px 0 3px 0;font-size:8pt;} .battle-log .chat strong {color:#40576A;} .battle-log .chat em {padding:1px 4px 1px 3px;color:#000000;font-style:normal;} .chat.mine {background:rgba(0,0,0,0.05);margin-left:-8px;margin-right:-8px;padding-left:8px;padding-right:8px;} .spoiler {color:#BBBBBB;background:#BBBBBB;padding:0px 3px;} .spoiler:hover, .spoiler:active, .spoiler-shown {color:#000000;background:#E2E2E2;padding:0px 3px;} .spoiler a {color:#BBBBBB;} .spoiler:hover a, .spoiler:active a, .spoiler-shown a {color:#2288CC;} .chat code, .chat .spoiler:hover code, .chat .spoiler:active code, .chat .spoiler-shown code {border:1px solid #C0C0C0;background:#EEEEEE;color:black;padding:0 2px;} .chat .spoiler code {border:1px solid #CCCCCC;background:#CCCCCC;color:#CCCCCC;} .battle-log .rated {padding:3px 4px;} .battle-log .rated strong {color:white;background:#89A;padding:1px 4px;border-radius:4px;} .spacer {margin-top:0.5em;} .message-announce {background:#6688AA;color:white;padding:1px 4px 2px;} .message-announce a, .broadcast-green a, .broadcast-blue a, .broadcast-red a {color:#DDEEFF;} .broadcast-green {background-color:#559955;color:white;padding:2px 4px;} .broadcast-blue {background-color:#6688AA;color:white;padding:2px 4px;} .infobox {border:1px solid #6688AA;padding:2px 4px;} .infobox-limited {max-height:200px;overflow:auto;overflow-x:hidden;} .broadcast-red {background-color:#AA5544;color:white;padding:2px 4px;} .message-learn-canlearn {font-weight:bold;color:#228822;text-decoration:underline;} .message-learn-cannotlearn {font-weight:bold;color:#CC2222;text-decoration:underline;} .message-effect-weak {font-weight:bold;color:#CC2222;} .message-effect-resist {font-weight:bold;color:#6688AA;} .message-effect-immune {font-weight:bold;color:#666666;} .message-learn-list {margin-top:0;margin-bottom:0;} .message-throttle-notice, .message-error {color:#992222;} .message-overflow, .chat small.message-overflow {font-size:0pt;} .message-overflow::before {font-size:9pt;content:'...';} .subtle {color:#3A4A66;}
</style>
<div class="wrapper replay-wrapper" style="max-width:1180px;margin:0 auto">
<input type="hidden" name="replayid" value="destiny-ou-544166" />
<div class="battle"></div><div class="battle-log"></div><div class="replay-controls"></div><div class="replay-controls-2"></div>
<h1 style="font-weight:normal;text-align:center"><strong>OU</strong><br /><a href="http://pokemonshowdown.com/users/flamita" class="subtle" target="_blank">Flamita</a> vs. <a href="http://pokemonshowdown.com/users/luisotte" class="subtle" target="_blank">luisotte</a></h1>
<script type="text/plain" class="battle-log-data">|player|p1|Flamita|flamita-25.gif?f0eff3e8
|teamsize|p1|6
|player|p2|luisotte|luisotte-17.gif?0243f1a2
|teamsize|p2|6
|teamsize|p1|6
|teamsize|p2|6
|gametype|singles
|gen|7
|tier|OU
|seed|59458,12907,28005,44099
|rule|Cláusula-Mod de Dormir: solo puedes dormir a uno de tus oponentes a la vez.
|rule|Cláusula de Especie: Hasta un Pokémon de cada especie
|rule|Cláusula de Golpe Fulminante: los movimientos fulminantes (OHKO) estan prohibidos
|rule|Cláusula de Veleta: la habilidad Veleta está prohibida
|rule|Cláusula de Movimientos Evasivos: los movimientos de Evasión están prohibidos.
|rule|Cláusula de Batallas Eternas: forzar batallas eternas está prohibido
|clearpoke
|poke|p1|Ditto|item
|poke|p1|Tapu Lele|item
|poke|p1|Victini|item
|poke|p1|Chansey, F|item
|poke|p1|Landorus-Therian, M|item
|poke|p1|Diancie|item
|poke|p2|Serperior, F|item
|poke|p2|Zygarde|item
|poke|p2|Mawile, M|item
|poke|p2|Magearna|item
|poke|p2|Landorus-Therian, M|item
|poke|p2|Suicune|item
|teampreview|undefined
|choice|*|*team 523416
|choice|*team 623451|*
|choice|team 6, 2, 3, 4, 5, 1|team 5, 2, 3, 4, 1, 6
|
|start
|switch|p1a: Diancie|Diancie|241\/241
|switch|p2a: Landorus|Landorus-Therian, M|319\/319
|-ability|p2a: Landorus|Intimidate|boost
|-fail|p1a: Diancie|unboost|[from] ability: Clear Body|[of] p1a: Diancie
|turn|1
|choice|*|*switch 4
|choice|*move 4 mega|*
|choice|*|*move 3
|choice|move magnetrise mega|move earthquake
|
|-mega|p1a: Diancie|Diancie|Diancite
|detailschange|p1a: Diancie|Diancie-Mega
|move|p1a: Diancie|Magnet Rise|p1a: Diancie
|-start|p1a: Diancie|Magnet Rise
|move|p2a: Landorus|Earthquake|p1a: Diancie
|-immune|p1a: Diancie|[msg]
|
|upkeep
|turn|2
|choice|*|*switch 4
|choice|*move 3|*
|choice|move hiddenpower|switch 4
|
|switch|p2a: Magearna|Magearna|363\/363
|move|p1a: Diancie|Hidden Power|p2a: Magearna
|-supereffective|p2a: Magearna
|-damage|p2a: Magearna|287\/363
|
|upkeep
|turn|3
|choice|*switch 3|*
|choice|*|*move 4
|choice|switch 3|move voltswitch
|
|switch|p1a: Victini|Victini|341\/341
|move|p2a: Magearna|Volt Switch|p1a: Victini
|-damage|p1a: Victini|274\/341
|choice|*|*switch 4
|choice||switch 4
|
|switch|p2a: Landorus|Landorus-Therian, M|319\/319|[from]move: Volt Switch
|-ability|p2a: Landorus|Intimidate|boost
|-unboost|p1a: Victini|atk|1
|
|upkeep
|turn|4
|choice|*|*move 4
|choice|*move 3|*
|choice|move uturn|move swordsdance
|
|move|p1a: Victini|U-turn|p2a: Landorus
|-resisted|p2a: Landorus
|-damage|p2a: Landorus|296\/319
|choice|*switch 5|*
|choice|switch 5|
|
|switch|p1a: Landorus|Landorus-Therian, M|319\/319|[from]move: U-turn
|-ability|p1a: Landorus|Intimidate|boost
|-unboost|p2a: Landorus|atk|1
|move|p2a: Landorus|Swords Dance|p2a: Landorus
|-boost|p2a: Landorus|atk|2
|
|upkeep
|turn|5
|choice|*move 1|*
|choice|*|*move 1 zmove
|choice|move stealthrock|move fly zmove
|
|move|p1a: Landorus|Stealth Rock|p2a: Landorus
|-sidestart|p2: luisotte|move: Stealth Rock
|-zpower|p2a: Landorus
|move|p2a: Landorus|Supersonic Skystrike|p1a: Landorus|[zeffect]
|-damage|p1a: Landorus|0 fnt
|faint|p1a: Landorus
|
|upkeep
|choice|*switch 3|*
|choice|switch 3|
|
|switch|p1a: Diancie|Diancie-Mega|241\/241
|turn|6
|choice|*|*switch 4
|choice|*move 1|*
|choice|move moonblast|switch 4
|
|switch|p2a: Magearna|Magearna|287\/363
|-damage|p2a: Magearna|265\/363|[from] Stealth Rock
|move|p1a: Diancie|Moonblast|p2a: Magearna
|-resisted|p2a: Magearna
|-damage|p2a: Magearna|225\/363
|
|upkeep
|turn|7
|choice|*switch 5|*
|choice|*|*move 4
|choice|switch 5|move voltswitch
|
|switch|p1a: Victini|Victini|274\/341
|move|p2a: Magearna|Volt Switch|p1a: Victini
|-damage|p1a: Victini|204\/341
|choice|*|*switch 6
|choice||switch 6
|
|switch|p2a: Suicune|Suicune|403\/403|[from]move: Volt Switch
|-damage|p2a: Suicune|353\/403|[from] Stealth Rock
|-ability|p2a: Suicune|Pressure
|
|-heal|p2a: Suicune|378\/403|[from] item: Leftovers
|upkeep
|turn|8
|choice|*|*move 4
|choice|*move 3|*
|choice|move uturn|move substitute
|
|move|p1a: Victini|U-turn|p2a: Suicune
|-crit|p2a: Suicune
|-damage|p2a: Suicune|289\/403
|choice|*switch 2|*
|choice|switch 2|
|
|switch|p1a: Tapu Lele|Tapu Lele|281\/281|[from]move: U-turn
|-fieldstart|move: Psychic Terrain|[from] ability: Psychic Surge|[of] p1a: Tapu Lele
|move|p2a: Suicune|Substitute|p2a: Suicune
|-start|p2a: Suicune|Substitute
|-damage|p2a: Suicune|189\/403
|
|-heal|p2a: Suicune|214\/403|[from] item: Leftovers
|upkeep
|turn|9
|choice|*move 4|*
|choice|*move 2|*
|choice|*|*move 2
|choice|move moonblast|move protect
|
|move|p2a: Suicune|Protect|p2a: Suicune
|-singleturn|p2a: Suicune|Protect
|move|p1a: Tapu Lele|Moonblast|p2a: Suicune
|-activate|p2a: Suicune|move: Protect
|
|-heal|p2a: Suicune|239\/403|[from] item: Leftovers
|upkeep
|turn|10
|choice|*move 2|*
|choice|*|*move 3
|choice|move moonblast|move calmmind
|
|move|p1a: Tapu Lele|Moonblast|p2a: Suicune
|-end|p2a: Suicune|Substitute
|move|p2a: Suicune|Calm Mind|p2a: Suicune
|-boost|p2a: Suicune|spa|1
|-boost|p2a: Suicune|spd|1
|
|-heal|p2a: Suicune|264\/403|[from] item: Leftovers
|upkeep
|turn|11
|choice|*|*move 2
|choice|*move 1|*
|choice|move psyshock|move protect
|
|move|p2a: Suicune|Protect|p2a: Suicune
|-singleturn|p2a: Suicune|Protect
|move|p1a: Tapu Lele|Psyshock|p2a: Suicune
|-activate|p2a: Suicune|move: Protect
|
|-heal|p2a: Suicune|289\/403|[from] item: Leftovers
|upkeep
|turn|12
|choice|*move 1|*
|choice|*|*switch 6
|choice|move psyshock|switch 6
|
|switch|p2a: Magearna|Magearna|225\/363
|-damage|p2a: Magearna|203\/363|[from] Stealth Rock
|move|p1a: Tapu Lele|Psyshock|p2a: Magearna
|-resisted|p2a: Magearna
|-damage|p2a: Magearna|94\/363
|
|-fieldend|move: Psychic Terrain
|upkeep
|turn|13
|choice|*move 1|*
|choice|*|*move 2
|choice|move psyshock|move flashcannon
|
|move|p1a: Tapu Lele|Psyshock|p2a: Magearna
|-resisted|p2a: Magearna
|-damage|p2a: Magearna|22\/363
|move|p2a: Magearna|Flash Cannon|p1a: Tapu Lele
|-supereffective|p1a: Tapu Lele
|-damage|p1a: Tapu Lele|69\/281
|
|upkeep
|turn|14
|choice|*move 2|*
|choice|*|*move 2
|choice|move moonblast|move flashcannon
|
|move|p1a: Tapu Lele|Moonblast|p2a: Magearna
|-resisted|p2a: Magearna
|-damage|p2a: Magearna|0 fnt
|faint|p2a: Magearna
|
|upkeep
|choice|*|*switch 5
|choice||switch 5
|
|switch|p2a: Serperior|Serperior, F|341\/341
|-damage|p2a: Serperior|299\/341|[from] Stealth Rock
|turn|15
|choice|*switch 2|*
|choice|*|*move 1
|choice|switch 2|move leafstorm
|
|switch|p1a: Victini|Victini|204\/341
|move|p2a: Serperior|Leaf Storm|p1a: Victini
|-resisted|p1a: Victini
|-damage|p1a: Victini|138\/341
|-boost|p2a: Serperior|spa|2
|
|-heal|p2a: Serperior|320\/341|[from] item: Leftovers
|upkeep
|turn|16
|choice|*move 3|*
|choice|*|*switch 4
|choice|move uturn|switch 4
|
|switch|p2a: Landorus|Landorus-Therian, M|296\/319
|-damage|p2a: Landorus|257\/319|[from] Stealth Rock
|-ability|p2a: Landorus|Intimidate|boost
|-unboost|p1a: Victini|atk|1
|move|p1a: Victini|U-turn|p2a: Landorus
|-resisted|p2a: Landorus
|-damage|p2a: Landorus|233\/319
|choice|*switch 5|*
|choice|switch 5|
|
|switch|p1a: Diancie|Diancie-Mega|241\/241|[from]move: U-turn
|
|upkeep
|turn|17
|choice|*move 4|*
|choice|*|*switch 4
|choice|move magnetrise|switch 4
|
|switch|p2a: Serperior|Serperior, F|320\/341
|-damage|p2a: Serperior|278\/341|[from] Stealth Rock
|move|p1a: Diancie|Magnet Rise|p1a: Diancie
|-start|p1a: Diancie|Magnet Rise
|
|-heal|p2a: Serperior|299\/341|[from] item: Leftovers
|upkeep
|turn|18
|choice|*|*move 3
|choice|*switch 5|*
|choice|switch 5|move substitute
|
|switch|p1a: Victini|Victini|138\/341
|move|p2a: Serperior|Substitute|p2a: Serperior
|-start|p2a: Serperior|Substitute
|-damage|p2a: Serperior|214\/341
|
|-heal|p2a: Serperior|235\/341|[from] item: Leftovers
|upkeep
|turn|19
|choice|*move 3|*
|choice|*|*move 1
|choice|move uturn|move leafstorm
|
|move|p1a: Victini|U-turn|p2a: Serperior
|-supereffective|p2a: Serperior
|-end|p2a: Serperior|Substitute
|choice|*switch 4|*
|choice|switch 4|
|
|switch|p1a: Chansey|Chansey, F|703\/703|[from]move: U-turn
|move|p2a: Serperior|Leaf Storm|p1a: Chansey
|-damage|p1a: Chansey|627\/703
|-boost|p2a: Serperior|spa|2
|
|-heal|p2a: Serperior|256\/341|[from] item: Leftovers
|upkeep
|turn|20
|choice|*move 1|*
|choice|*|*move 3
|choice|move seismictoss|move substitute
|
|move|p2a: Serperior|Substitute|p2a: Serperior
|-start|p2a: Serperior|Substitute
|-damage|p2a: Serperior|171\/341
|move|p1a: Chansey|Seismic Toss|p2a: Serperior
|-end|p2a: Serperior|Substitute
|
|-heal|p2a: Serperior|192\/341|[from] item: Leftovers
|upkeep
|turn|21
|choice|*|*move 4
|choice|*move 1|*
|choice|move seismictoss|move leechseed
|
|move|p2a: Serperior|Leech Seed|p1a: Chansey|[miss]
|-miss|p2a: Serperior|p1a: Chansey
|move|p1a: Chansey|Seismic Toss|p2a: Serperior
|-damage|p2a: Serperior|92\/341
|
|-heal|p2a: Serperior|113\/341|[from] item: Leftovers
|upkeep
|turn|22
|choice|*|*switch 3
|choice|*move 1|*
|choice|move seismictoss|switch 3
|
|switch|p2a: Mawile|Mawile, M|252\/252
|-damage|p2a: Mawile|237\/252|[from] Stealth Rock
|-ability|p2a: Mawile|Intimidate|boost
|-unboost|p1a: Chansey|atk|1
|move|p1a: Chansey|Seismic Toss|p2a: Mawile
|-damage|p2a: Mawile|137\/252
|
|upkeep
|turn|23
|choice|*switch 6|*
|choice|*|*move 4 mega
|choice|*switch 6|*
|choice|switch 6|move knockoff mega
|
|switch|p1a: Ditto|Ditto|300\/300
|-transform|p1a: Ditto|p2a: Mawile|[from] ability: Imposter
|-ability|p1a: Ditto|Intimidate|boost
|-unboost|p2a: Mawile|atk|1
|-mega|p2a: Mawile|Mawile|Mawilite
|detailschange|p2a: Mawile|Mawile-Mega, M
|move|p2a: Mawile|Knock Off|p1a: Ditto
|-resisted|p1a: Ditto
|-damage|p1a: Ditto|219\/300
|-enditem|p1a: Ditto|Choice Scarf|[from] move: Knock Off|[of] p2a: Mawile
|
|upkeep
|turn|24
|choice|*switch 5|*
|choice|*|*move 1
|choice|switch 5|move playrough
|
|switch|p1a: Diancie|Diancie-Mega|241\/241
|move|p2a: Mawile|Play Rough|p1a: Diancie
|-damage|p1a: Diancie|61\/241
|
|upkeep
|turn|25
|choice|*switch 2|*
|choice|*|*switch 4
|choice|switch 2|switch 4
|
|switch|p1a: Tapu Lele|Tapu Lele|69\/281
|-fieldstart|move: Psychic Terrain|[from] ability: Psychic Surge|[of] p1a: Tapu Lele
|switch|p2a: Landorus|Landorus-Therian, M|233\/319
|-damage|p2a: Landorus|194\/319|[from] Stealth Rock
|-ability|p2a: Landorus|Intimidate|boost
|-unboost|p1a: Tapu Lele|atk|1
|
|upkeep
|turn|26
|choice|*|*move 3
|choice|*move 2|*
|choice|move moonblast|move earthquake
|
|move|p1a: Tapu Lele|Moonblast|p2a: Landorus
|-damage|p2a: Landorus|0 fnt
|faint|p2a: Landorus
|
|upkeep
|choice|*|*switch 3
|choice||switch 3
|
|switch|p2a: Serperior|Serperior, F|113\/341
|-damage|p2a: Serperior|71\/341|[from] Stealth Rock
|turn|27
|choice|*|*move 1
|choice|*switch 5|*
|choice|switch 5|move leafstorm
|
|switch|p1a: Ditto|Ditto|219\/300
|-transform|p1a: Ditto|p2a: Serperior|[from] ability: Imposter
|move|p2a: Serperior|Leaf Storm|p1a: Ditto
|-resisted|p1a: Ditto
|-damage|p1a: Ditto|147\/300
|-boost|p2a: Serperior|spa|2
|
|-heal|p2a: Serperior|92\/341|[from] item: Leftovers
|upkeep
|turn|28
|choice|*move 1|*
|choice|*|*move 3
|choice|move leafstorm|move substitute
|
|move|p1a: Ditto|Leaf Storm|p2a: Serperior
|-resisted|p2a: Serperior
|-damage|p2a: Serperior|25\/341
|-boost|p1a: Ditto|spa|2
|move|p2a: Serperior|Substitute|p2a: Serperior
|-fail|p2a: Serperior|move: Substitute|[weak]
|
|-heal|p2a: Serperior|46\/341|[from] item: Leftovers
|upkeep
|turn|29
|choice|*|*move 2
|choice|*move 1|*
|choice|move leafstorm|move glare
|
|move|p2a: Serperior|Glare|p1a: Ditto
|-status|p1a: Ditto|par
|move|p1a: Ditto|Leaf Storm|p2a: Serperior
|-resisted|p2a: Serperior
|-damage|p2a: Serperior|0 fnt
|-boost|p1a: Ditto|spa|2
|faint|p2a: Serperior
|
|-fieldend|move: Psychic Terrain
|upkeep
|choice|*|*switch 2
|choice||switch 2
|
|switch|p2a: Zygarde|Zygarde|404\/404
|-damage|p2a: Zygarde|379\/404|[from] Stealth Rock
|-ability|p2a: Zygarde|Aura Break
|turn|30
|choice|*|*move 4
|choice|*move 2|*
|choice|move glare|move substitute
|
|move|p2a: Zygarde|Substitute|p2a: Zygarde
|-start|p2a: Zygarde|Substitute
|-damage|p2a: Zygarde|278\/404
|move|p1a: Ditto|Glare|p2a: Zygarde
|-fail|p2a: Zygarde
|
|upkeep
|turn|31
|choice|*move 1|*
|choice|*|*move 1
|choice|move leafstorm|move thousandarrows
|
|move|p2a: Zygarde|Thousand Arrows|p1a: Ditto
|-resisted|p1a: Ditto
|-damage|p1a: Ditto|78\/300 par
|move|p1a: Ditto|Leaf Storm|p2a: Zygarde
|-end|p2a: Zygarde|Substitute
|-boost|p1a: Ditto|spa|2
|
|upkeep
|turn|32
|choice|*|*move 4
|choice|*move 1|*
|choice|move leafstorm|move substitute
|
|move|p2a: Zygarde|Substitute|p2a: Zygarde
|-start|p2a: Zygarde|Substitute
|-damage|p2a: Zygarde|177\/404
|move|p1a: Ditto|Leaf Storm|p2a: Zygarde
|-crit|p2a: Zygarde
|-end|p2a: Zygarde|Substitute
|
|upkeep
|turn|33
|choice|*|*move 4
|choice|*switch 5|*
|choice|switch 5|move substitute
|
|switch|p1a: Tapu Lele|Tapu Lele|69\/281
|-fieldstart|move: Psychic Terrain|[from] ability: Psychic Surge|[of] p1a: Tapu Lele
|move|p2a: Zygarde|Substitute|p2a: Zygarde
|-start|p2a: Zygarde|Substitute
|-damage|p2a: Zygarde|76\/404
|-enditem|p2a: Zygarde|Iapapa Berry|[eat]
|-heal|p2a: Zygarde|278\/404|[from] item: Iapapa Berry
|
|upkeep
|turn|34
|choice|*move 2|*
|choice|*move 2|*
|choice|*|*move 2
|choice|move moonblast|move glare
|
|move|p1a: Tapu Lele|Moonblast|p2a: Zygarde
|-supereffective|p2a: Zygarde
|-end|p2a: Zygarde|Substitute
|move|p2a: Zygarde|Glare|p1a: Tapu Lele
|-status|p1a: Tapu Lele|par
|
|upkeep
|turn|35
|choice|*|*move 4
|choice|*move 2|*
|choice|move moonblast|move substitute
|
|move|p2a: Zygarde|Substitute|p2a: Zygarde
|-start|p2a: Zygarde|Substitute
|-damage|p2a: Zygarde|177\/404
|move|p1a: Tapu Lele|Moonblast|p2a: Zygarde
|-supereffective|p2a: Zygarde
|-end|p2a: Zygarde|Substitute
|
|upkeep
|turn|36
|choice|*|*move 4
|choice|*move 2|*
|choice|move moonblast|move substitute
|
|move|p2a: Zygarde|Substitute|p2a: Zygarde
|-start|p2a: Zygarde|Substitute
|-damage|p2a: Zygarde|76\/404
|cant|p1a: Tapu Lele|par
|
|upkeep
|turn|37
|choice|*|*move 1
|choice|*move 2|*
|choice|move moonblast|move thousandarrows
|
|move|p2a: Zygarde|Thousand Arrows|p1a: Tapu Lele
|-damage|p1a: Tapu Lele|0 fnt
|faint|p1a: Tapu Lele
|
|-fieldend|move: Psychic Terrain
|upkeep
|choice|*switch 4|*
|choice|switch 4|
|
|switch|p1a: Victini|Victini|138\/341
|turn|38
|choice|*move 3|*
|choice|*|*move 1
|choice|move uturn|move thousandarrows
|
|move|p1a: Victini|U-turn|p2a: Zygarde
|-activate|p2a: Zygarde|move: Substitute|[damage]
|choice|*switch 6|*
|choice|switch 6|
|
|switch|p1a: Chansey|Chansey, F|627\/703|[from]move: U-turn
|move|p2a: Zygarde|Thousand Arrows|p1a: Chansey
|-damage|p1a: Chansey|453\/703
|
|upkeep
|turn|39
|choice|*move 1|*
|choice|*|*move 2
|choice|move seismictoss|move glare
|
|move|p2a: Zygarde|Glare|p1a: Chansey
|-status|p1a: Chansey|par
|cant|p1a: Chansey|par
|
|upkeep
|turn|40
|choice|*move 1|*
|choice|*|*move 1
|choice|move seismictoss|move thousandarrows
|
|move|p2a: Zygarde|Thousand Arrows|p1a: Chansey
|-damage|p1a: Chansey|291\/703 par
|move|p1a: Chansey|Seismic Toss|p2a: Zygarde
|-end|p2a: Zygarde|Substitute
|
|upkeep
|turn|41
|choice|*move 2|*
|choice|*|*move 3
|choice|move softboiled|move coil
|
|move|p2a: Zygarde|Coil|p2a: Zygarde
|-boost|p2a: Zygarde|atk|1
|-boost|p2a: Zygarde|def|1
|-boost|p2a: Zygarde|accuracy|1
|move|p1a: Chansey|Soft-Boiled|p1a: Chansey
|-heal|p1a: Chansey|643\/703 par
|
|upkeep
|turn|42
|choice|*|*move 1
|choice|*move 1|*
|choice|move seismictoss|move thousandarrows
|
|move|p2a: Zygarde|Thousand Arrows|p1a: Chansey
|-damage|p1a: Chansey|400\/703 par
|move|p1a: Chansey|Seismic Toss|p2a: Zygarde
|-damage|p2a: Zygarde|0 fnt
|faint|p2a: Zygarde
|
|upkeep
|choice|*|*switch 6
|choice||switch 6
|
|switch|p2a: Suicune|Suicune|289\/403
|-damage|p2a: Suicune|239\/403|[from] Stealth Rock
|-ability|p2a: Suicune|Pressure
|turn|43
|choice|*|*move 4
|choice|*move 1|*
|choice|move seismictoss|move substitute
|
|move|p2a: Suicune|Substitute|p2a: Suicune
|-start|p2a: Suicune|Substitute
|-damage|p2a: Suicune|139\/403
|move|p1a: Chansey|Seismic Toss|p2a: Suicune
|-end|p2a: Suicune|Substitute
|
|-heal|p2a: Suicune|164\/403|[from] item: Leftovers
|upkeep
|turn|44
|choice|*|*move 4
|choice|*switch 6|*
|choice|switch 6|move substitute
|
|-curestatus|p1a: Chansey|par|[from] ability: Natural Cure
|switch|p1a: Victini|Victini|138\/341
|move|p2a: Suicune|Substitute|p2a: Suicune
|-start|p2a: Suicune|Substitute
|-damage|p2a: Suicune|64\/403
|
|-heal|p2a: Suicune|89\/403|[from] item: Leftovers
|upkeep
|turn|45
|choice|*|*move 2
|choice|*move 2|*
|choice|move boltstrike|move protect
|
|move|p2a: Suicune|Protect|p2a: Suicune
|-singleturn|p2a: Suicune|Protect
|move|p1a: Victini|Bolt Strike|p2a: Suicune
|-activate|p2a: Suicune|move: Protect
|
|-heal|p2a: Suicune|114\/403|[from] item: Leftovers
|upkeep
|turn|46
|choice|*move 2|*
|choice|*|*move 1
|choice|move boltstrike|move scald
|
|move|p1a: Victini|Bolt Strike|p2a: Suicune
|-supereffective|p2a: Suicune
|-end|p2a: Suicune|Substitute
|move|p2a: Suicune|Scald|p1a: Victini
|-supereffective|p1a: Victini
|-damage|p1a: Victini|0 fnt
|faint|p1a: Victini
|
|-heal|p2a: Suicune|139\/403|[from] item: Leftovers
|upkeep
|choice|*switch 2|*
|choice|switch 2|
|
|switch|p1a: Diancie|Diancie-Mega|61\/241
|turn|47
|choice|*|*move 2
|choice|*move 1|*
|choice|move moonblast|move protect
|
|move|p2a: Suicune|Protect|p2a: Suicune
|-singleturn|p2a: Suicune|Protect
|move|p1a: Diancie|Moonblast|p2a: Suicune
|-activate|p2a: Suicune|move: Protect
|
|-heal|p2a: Suicune|164\/403|[from] item: Leftovers
|upkeep
|turn|48
|choice|*|*move 1
|choice|*move 1|*
|choice|move moonblast|move scald
|
|move|p1a: Diancie|Moonblast|p2a: Suicune
|-damage|p2a: Suicune|0 fnt
|faint|p2a: Suicune
|
|upkeep
|choice|*|*switch 4
|choice||switch 4
|
|switch|p2a: Mawile|Mawile-Mega, M|137\/252
|-damage|p2a: Mawile|122\/252|[from] Stealth Rock
|turn|49
|choice|*switch 5|*
|choice|*switch 5|*
|choice|*|*move 2
|choice|switch 5|move suckerpunch
|
|switch|p1a: Ditto|Ditto|78\/300 par
|-transform|p1a: Ditto|p2a: Mawile|[from] ability: Imposter
|move|p2a: Mawile|Sucker Punch|p1a: Ditto|[still]
|-fail|p2a: Mawile
|
|upkeep
|turn|50
|choice|*move 4|*
|choice|*move 1|*
|choice|*|*move 1
|choice|move playrough|move playrough
|
|move|p2a: Mawile|Play Rough|p1a: Ditto|[miss]
|-miss|p2a: Mawile|p1a: Ditto
|move|p1a: Ditto|Play Rough|p2a: Mawile
|-resisted|p2a: Mawile
|-damage|p2a: Mawile|8\/252
|
|upkeep
|turn|51
|c|☆luisotte|yisus
|choice|*move 4|*
|choice|*|*move 1
|choice|move knockoff|move playrough
|
|move|p2a: Mawile|Play Rough|p1a: Ditto
|-resisted|p1a: Ditto
|-damage|p1a: Ditto|0 fnt
|faint|p1a: Ditto
|
|upkeep
|choice|*switch 6|*
|choice|switch 6|
|
|switch|p1a: Chansey|Chansey, F|400\/703
|turn|52
|choice|*|*move 1
|choice|*move 4|*
|choice|move healingwish|move playrough
|
|move|p2a: Mawile|Play Rough|p1a: Chansey
|-damage|p1a: Chansey|28\/703
|move|p1a: Chansey|Healing Wish|p1a: Chansey
|faint|p1a: Chansey
|
|upkeep
|choice|*switch 5|*
|choice|switch 5|
|
|switch|p1a: Diancie|Diancie-Mega|61\/241
|-heal|p1a: Diancie|241\/241|[from] move: Healing Wish
|turn|53
|c|☆Flamita|gg
|choice|*move 3|*
|choice|*|*move 1
|choice|move hiddenpower|move playrough
|
|move|p1a: Diancie|Hidden Power|p2a: Mawile
|-supereffective|p2a: Mawile
|-damage|p2a: Mawile|0 fnt
|faint|p2a: Mawile
|
|win|Flamita
</script>
</div>
<div class="battle-log battle-log-inline"><div class="inner"><div class="battle-options"></div><div class="inner"><div class=""><small>Format:</small> <br><strong>OU</strong></div><div class=""><small><em>Cláusula-Mod de Dormir:</em> solo puedes dormir a uno de tus oponentes a la vez.</small></div><div class=""><small><em>Cláusula de Especie:</em> Hasta un Pokémon de cada especie</small></div><div class=""><small><em>Cláusula de Golpe Fulminante:</em> los movimientos fulminantes (OHKO) estan prohibidos</small></div><div class=""><small><em>Cláusula de Veleta:</em> la habilidad Veleta está prohibida</small></div><div class=""><small><em>Cláusula de Movimientos Evasivos:</em> los movimientos de Evasión están prohibidos.</small></div><div class=""><small><em>Cláusula de Batallas Eternas:</em> forzar batallas eternas está prohibido</small></div><div class="chat battle-history"><strong>Flamita's team:</strong> <em style="color:#445566;display:block;">Ditto / Tapu Lele / Victini / Chansey / Landorus-Therian / Diancie</em></div><div class="chat battle-history"><strong>luisotte's team:</strong> <em style="color:#445566;display:block;">Serperior / Zygarde / Mawile / Magearna / Landorus-Therian / Suicune</em></div><div class="spacer battle-history"><br></div><div class="battle-history">Battle started between Flamita and luisotte!<br></div><div class="spacer battle-history"><br></div><div class="battle-history">Go! <strong>Diancie</strong>!<br></div><div class="spacer battle-history"><br></div><div class="battle-history">luisotte sent out Landorus (<strong>Landorus-Therian</strong>)!<br></div><div class="battle-history"><small>[The opposing Landorus's Intimidate]</small><br></div><div class="battle-history"><small>[Diancie's Clear Body]</small><br><small>Diancie's stats were not lowered!</small><br></div><div class="spacer battle-history"><br></div><h2 class="battle-history">Turn 1</h2><div class="spacer battle-history"><br></div><div class="battle-history"><small>Diancie's Diancite is reacting to the Key Stone!</small><br>Diancie has Mega Evolved into Mega Diancie!<br></div><div class="spacer battle-history"><br></div><div class="battle-history">Diancie used <strong>Magnet Rise</strong>!<br></div><div class="battle-history"><small>Diancie levitated with electromagnetism!</small><br></div><div class="spacer battle-history"><br></div><div class="battle-history">The opposing Landorus used <strong>Earthquake</strong>!<br></div><div class="battle-history"><small>It doesn't affect Diancie...</small><br></div><div class="spacer battle-history"><br></div><h2 class="battle-history">Turn 2</h2><div class="spacer battle-history"><br></div><div class="battle-history">luisotte withdrew Landorus!<br></div><div class="battle-history">luisotte sent out <strong>Magearna</strong>!<br></div><div class="spacer battle-history"><br></div><div class="battle-history">Diancie used <strong>Hidden Power</strong>!<br></div><div class="battle-history"><small>It's super effective!</small><br></div><div class="battle-history"><small>(The opposing Magearna lost <abbr title="−76/363">20.9%</abbr> of its health!)</small><br></div><div class="spacer battle-history"><br></div><h2 class="battle-history">Turn 3</h2><div class="spacer battle-history"><br></div><div class="battle-history">Diancie, come back!<br></div><div class="battle-history">Go! <strong>Victini</strong>!<br></div><div class="spacer battle-history"><br></div><div class="battle-history">The opposing Magearna used <strong>Volt Switch</strong>!<br></div><div class="battle-history"><small>(Victini lost <abbr title="−67/341">19.6%</abbr> of its health!)</small><br></div><div class="spacer battle-history"><br></div><div class="battle-history">The opposing Magearna went back to luisotte!<br></div><div class="battle-history">luisotte sent out Landorus (<strong>Landorus-Therian</strong>)!<br></div><div class="battle-history"><small>[The opposing Landorus's Intimidate]</small><br></div><div class="battle-history"><small>Victini's Attack fell!</small><br></div><div class="spacer battle-history"><br></div><h2 class="battle-history">Turn 4</h2><div class="spacer battle-history"><br></div><div class="battle-history">Victini used <strong>U-turn</strong>!<br></div><div class="battle-history"><small>It's not very effective...</small><br></div><div class="battle-history"><small>(The opposing Landorus lost <abbr title="−23/319">7.2%</abbr> of its health!)</small><br></div><div class="spacer battle-history"><br></div><div class="battle-history">Victini went back to Flamita!<br></div><div class="battle-history">Go! Landorus (<strong>Landorus-Therian</strong>)!<br></div><div class="battle-history"><small>[Landorus's Intimidate]</small><br></div><div class="battle-history"><small>The opposing Landorus's Attack fell!</small><br></div><div class="spacer battle-history"><br></div><div class="battle-history">The opposing Landorus used <strong>Swords Dance</strong>!<br></div><div class="battle-history"><small>The opposing Landorus's Attack rose sharply!</small><br></div><div class="spacer battle-history"><br></div><h2 class="battle-history">Turn 5</h2><div class="spacer battle-history"><br></div><div class="battle-history">Landorus used <strong>Stealth Rock</strong>!<br></div><div class="battle-history"><small>Pointed stones float in the air around the opposing team!</small><br></div><div class="battle-history"><small>The opposing Landorus surrounded itself with its Z-Power!</small><br></div><div class="spacer battle-history"><br></div><div class="battle-history">The opposing Landorus used <strong>Supersonic Skystrike</strong>!<br></div><div class="battle-history"><small>(Landorus lost <abbr title="−319/319">100%</abbr> of its health!)</small><br></div><div class="spacer battle-history"><br></div><div class="battle-history">Landorus fainted!<br></div><div class="spacer battle-history"><br></div><div class="battle-history">Go! Diancie (<strong>Diancie-Mega</strong>)!<br></div><div class="spacer battle-history"><br></div><h2 class="battle-history">Turn 6</h2><div class="spacer battle-history"><br></div><div class="battle-history">luisotte withdrew Landorus!<br></div><div class="battle-history">luisotte sent out <strong>Magearna</strong>!<br></div><div class="battle-history"><small>Pointed stones dug into the opposing Magearna!</small><br></div><div class="spacer battle-history"><br></div><div class="battle-history">Diancie used <strong>Moonblast</strong>!<br></div><div class="battle-history"><small>It's not very effective...</small><br></div><div class="battle-history"><small>(The opposing Magearna lost <abbr title="−40/363">11.0%</abbr> of its health!)</small><br></div><div class="spacer battle-history"><br></div><h2 class="battle-history">Turn 7</h2><div class="spacer battle-history"><br></div><div class="battle-history">Diancie, come back!<br></div><div class="battle-history">Go! <strong>Victini</strong>!<br></div><div class="spacer battle-history"><br></div><div class="battle-history">The opposing Magearna used <strong>Volt Switch</strong>!<br></div><div class="battle-history"><small>(Victini lost <abbr title="−70/341">20.5%</abbr> of its health!)</small><br></div><div class="spacer battle-history"><br></div><div class="battle-history">The opposing Magearna went back to luisotte!<br></div><div class="battle-history">luisotte sent out <strong>Suicune</strong>!<br></div><div class="battle-history"><small>Pointed stones dug into the opposing Suicune!</small><br></div><div class="battle-history"><small>[The opposing Suicune's Pressure]</small><br><small>The opposing Suicune is exerting its pressure!</small><br></div><div class="spacer battle-history"><br></div><div class="battle-history"><small>The opposing Suicune restored a little HP using its Leftovers!</small><br></div><div class="spacer battle-history"><br></div><h2 class="battle-history">Turn 8</h2><div class="spacer battle-history"><br></div><div class="battle-history">Victini used <strong>U-turn</strong>!<br></div><div class="battle-history"><small>A critical hit!</small><br></div><div class="battle-history"><small>(The opposing Suicune lost <abbr title="−89/403">22.1%</abbr> of its health!)</small><br></div><div class="spacer battle-history"><br></div><div class="battle-history">Victini went back to Flamita!<br></div><div class="battle-history">Go! <strong>Tapu Lele</strong>!<br></div><div class="battle-history"><small>[Tapu Lele's Psychic Surge]</small><br><small>The battlefield got weird!</small><br></div><div class="spacer battle-history"><br></div><div class="battle-history">The opposing Suicune used <strong>Substitute</strong>!<br></div><div class="battle-history"><small>The opposing Suicune put in a substitute!</small><br></div><div class="battle-history"><small>(The opposing Suicune lost <abbr title="−100/403">24.8%</abbr> of its health!)</small><br></div><div class="spacer battle-history"><br></div><div class="battle-history"><small>The opposing Suicune restored a little HP using its Leftovers!</small><br></div><div class="spacer battle-history"><br></div><h2 class="battle-history">Turn 9</h2><div class="spacer battle-history"><br></div><div class="battle-history">The opposing Suicune used <strong>Protect</strong>!<br></div><div class="battle-history"><small>The opposing Suicune protected itself!</small><br></div><div class="spacer battle-history"><br></div><div class="battle-history">Tapu Lele used <strong>Moonblast</strong>!<br></div><div class="battle-history"><small>The opposing Suicune protected itself!</small><br></div><div class="spacer battle-history"><br></div><div class="battle-history"><small>The opposing Suicune restored a little HP using its Leftovers!</small><br></div><div class="spacer battle-history"><br></div><h2 class="battle-history">Turn 10</h2><div class="spacer battle-history"><br></div><div class="battle-history">Tapu Lele used <strong>Moonblast</strong>!<br></div><div class="battle-history"><small>The opposing Suicune's substitute faded!</small><br></div><div class="spacer battle-history"><br></div><div class="battle-history">The opposing Suicune used <strong>Calm Mind</strong>!<br></div><div class="battle-history"><small>The opposing Suicune's Special Attack rose!</small><br></div><div class="battle-history"><small>The opposing Suicune's Special Defense rose!</small><br></div><div class="spacer battle-history"><br></div><div class="battle-history"><small>The opposing Suicune restored a little HP using its Leftovers!</small><br></div><div class="spacer battle-history"><br></div><h2 class="battle-history">Turn 11</h2><div class="spacer battle-history"><br></div><div class="battle-history">The opposing Suicune used <strong>Protect</strong>!<br></div><div class="battle-history"><small>The opposing Suicune protected itself!</small><br></div><div class="spacer battle-history"><br></div><div class="battle-history">Tapu Lele used <strong>Psyshock</strong>!<br></div><div class="battle-history"><small>The opposing Suicune protected itself!</small><br></div><div class="spacer battle-history"><br></div><div class="battle-history"><small>The opposing Suicune restored a little HP using its Leftovers!</small><br></div><div class="spacer battle-history"><br></div><h2 class="battle-history">Turn 12</h2><div class="spacer battle-history"><br></div><div class="battle-history">luisotte withdrew Suicune!<br></div><div class="battle-history">luisotte sent out <strong>Magearna</strong>!<br></div><div class="battle-history"><small>Pointed stones dug into the opposing Magearna!</small><br></div><div class="spacer battle-history"><br></div><div class="battle-history">Tapu Lele used <strong>Psyshock</strong>!<br></div><div class="battle-history"><small>It's not very effective...</small><br></div><div class="battle-history"><small>(The opposing Magearna lost <abbr title="−109/363">30.0%</abbr> of its health!)</small><br></div><div class="spacer battle-history"><br></div><div class="battle-history"><small>The weirdness disappeared from the battlefield!</small><br></div><div class="spacer battle-history"><br></div><h2 class="battle-history">Turn 13</h2><div class="spacer battle-history"><br></div><div class="battle-history">Tapu Lele used <strong>Psyshock</strong>!<br></div><div class="battle-history"><small>It's not very effective...</small><br></div><div class="battle-history"><small>(The opposing Magearna lost <abbr title="−72/363">19.8%</abbr> of its health!)</small><br></div><div class="spacer battle-history"><br></div><div class="battle-history">The opposing Magearna used <strong>Flash Cannon</strong>!<br></div><div class="battle-history"><small>It's super effective!</small><br></div><div class="battle-history"><small>(Tapu Lele lost <abbr title="−212/281">75.4%</abbr> of its health!)</small><br></div><div class="spacer battle-history"><br></div><h2 class="battle-history">Turn 14</h2><div class="spacer battle-history"><br></div><div class="battle-history">Tapu Lele used <strong>Moonblast</strong>!<br></div><div class="battle-history"><small>It's not very effective...</small><br></div><div class="battle-history"><small>(The opposing Magearna lost <abbr title="−22/363">6.1%</abbr> of its health!)</small><br></div><div class="spacer battle-history"><br></div><div class="battle-history">The opposing Magearna fainted!<br></div><div class="spacer battle-history"><br></div><div class="battle-history">luisotte sent out <strong>Serperior</strong>!<br></div><div class="battle-history"><small>Pointed stones dug into the opposing Serperior!</small><br></div><div class="spacer battle-history"><br></div><h2 class="battle-history">Turn 15</h2><div class="spacer battle-history"><br></div><div class="battle-history">Tapu Lele, come back!<br></div><div class="battle-history">Go! <strong>Victini</strong>!<br></div><div class="spacer battle-history"><br></div><div class="battle-history">The opposing Serperior used <strong>Leaf Storm</strong>!<br></div><div class="battle-history"><small>It's not very effective...</small><br></div><div class="battle-history"><small>(Victini lost <abbr title="−66/341">19.4%</abbr> of its health!)</small><br></div><div class="battle-history"><small>The opposing Serperior's Special Attack rose sharply!</small><br></div><div class="spacer battle-history"><br></div><div class="battle-history"><small>The opposing Serperior restored a little HP using its Leftovers!</small><br></div><div class="spacer battle-history"><br></div><h2 class="battle-history">Turn 16</h2><div class="spacer battle-history"><br></div><div class="battle-history">luisotte withdrew Serperior!<br></div><div class="battle-history">luisotte sent out Landorus (<strong>Landorus-Therian</strong>)!<br></div><div class="battle-history"><small>Pointed stones dug into the opposing Landorus!</small><br></div><div class="battle-history"><small>[The opposing Landorus's Intimidate]</small><br></div><div class="battle-history"><small>Victini's Attack fell!</small><br></div><div class="spacer battle-history"><br></div><div class="battle-history">Victini used <strong>U-turn</strong>!<br></div><div class="battle-history"><small>It's not very effective...</small><br></div><div class="battle-history"><small>(The opposing Landorus lost <abbr title="−24/319">7.5%</abbr> of its health!)</small><br></div><div class="spacer battle-history"><br></div><div class="battle-history">Victini went back to Flamita!<br></div><div class="battle-history">Go! Diancie (<strong>Diancie-Mega</strong>)!<br></div><div class="spacer battle-history"><br></div><h2 class="battle-history">Turn 17</h2><div class="spacer battle-history"><br></div><div class="battle-history">luisotte withdrew Landorus!<br></div><div class="battle-history">luisotte sent out <strong>Serperior</strong>!<br></div><div class="battle-history"><small>Pointed stones dug into the opposing Serperior!</small><br></div><div class="spacer battle-history"><br></div><div class="battle-history">Diancie used <strong>Magnet Rise</strong>!<br></div><div class="battle-history"><small>Diancie levitated with electromagnetism!</small><br></div><div class="spacer battle-history"><br></div><div class="battle-history"><small>The opposing Serperior restored a little HP using its Leftovers!</small><br></div><div class="spacer battle-history"><br></div><h2 class="battle-history">Turn 18</h2><div class="spacer battle-history"><br></div><div class="battle-history">Diancie, come back!<br></div><div class="battle-history">Go! <strong>Victini</strong>!<br></div><div class="spacer battle-history"><br></div><div class="battle-history">The opposing Serperior used <strong>Substitute</strong>!<br></div><div class="battle-history"><small>The opposing Serperior put in a substitute!</small><br></div><div class="battle-history"><small>(The opposing Serperior lost <abbr title="−85/341">24.9%</abbr> of its health!)</small><br></div><div class="spacer battle-history"><br></div><div class="battle-history"><small>The opposing Serperior restored a little HP using its Leftovers!</small><br></div><div class="spacer battle-history"><br></div><h2 class="battle-history">Turn 19</h2><div class="spacer battle-history"><br></div><div class="battle-history">Victini used <strong>U-turn</strong>!<br></div><div class="battle-history"><small>It's super effective!</small><br></div><div class="battle-history"><small>The opposing Serperior's substitute faded!</small><br></div><div class="spacer battle-history"><br></div><div class="battle-history">Victini went back to Flamita!<br></div><div class="battle-history">Go! <strong>Chansey</strong>!<br></div><div class="spacer battle-history"><br></div><div class="battle-history">The opposing Serperior used <strong>Leaf Storm</strong>!<br></div><div class="battle-history"><small>(Chansey lost <abbr title="−76/703">10.8%</abbr> of its health!)</small><br></div><div class="battle-history"><small>The opposing Serperior's Special Attack rose sharply!</small><br></div><div class="spacer battle-history"><br></div><div class="battle-history"><small>The opposing Serperior restored a little HP using its Leftovers!</small><br></div><div class="spacer battle-history"><br></div><h2 class="battle-history">Turn 20</h2><div class="spacer battle-history"><br></div><div class="battle-history">The opposing Serperior used <strong>Substitute</strong>!<br></div><div class="battle-history"><small>The opposing Serperior put in a substitute!</small><br></div><div class="battle-history"><small>(The opposing Serperior lost <abbr title="−85/341">24.9%</abbr> of its health!)</small><br></div><div class="spacer battle-history"><br></div><div class="battle-history">Chansey used <strong>Seismic Toss</strong>!<br></div><div class="battle-history"><small>The opposing Serperior's substitute faded!</small><br></div><div class="spacer battle-history"><br></div><div class="battle-history"><small>The opposing Serperior restored a little HP using its Leftovers!</small><br></div><div class="spacer battle-history"><br></div><h2 class="battle-history">Turn 21</h2><div class="spacer battle-history"><br></div><div class="battle-history">The opposing Serperior used <strong>Leech Seed</strong>!<br></div><div class="battle-history"><small>Chansey avoided the attack!</small><br></div><div class="spacer battle-history"><br></div><div class="battle-history">Chansey used <strong>Seismic Toss</strong>!<br></div><div class="battle-history"><small>(The opposing Serperior lost <abbr title="−100/341">29.3%</abbr> of its health!)</small><br></div><div class="spacer battle-history"><br></div><div class="battle-history"><small>The opposing Serperior restored a little HP using its Leftovers!</small><br></div><div class="spacer battle-history"><br></div><h2 class="battle-history">Turn 22</h2><div class="spacer battle-history"><br></div><div class="battle-history">luisotte withdrew Serperior!<br></div><div class="battle-history">luisotte sent out <strong>Mawile</strong>!<br></div><div class="battle-history"><small>Pointed stones dug into the opposing Mawile!</small><br></div><div class="battle-history"><small>[The opposing Mawile's Intimidate]</small><br></div><div class="battle-history"><small>Chansey's Attack fell!</small><br></div><div class="spacer battle-history"><br></div><div class="battle-history">Chansey used <strong>Seismic Toss</strong>!<br></div><div class="battle-history"><small>(The opposing Mawile lost <abbr title="−100/252">39.7%</abbr> of its health!)</small><br></div><div class="spacer battle-history"><br></div><h2 class="battle-history">Turn 23</h2><div class="spacer battle-history"><br></div><div class="battle-history">Chansey, come back!<br></div><div class="battle-history">Go! <strong>Ditto</strong>!<br></div><div class="battle-history"><small>[Ditto's Imposter]</small><br>Ditto transformed into Mawile!<br></div><div class="battle-history"><small>[Ditto's Intimidate]</small><br></div><div class="battle-history"><small>The opposing Mawile's Attack fell!</small><br></div><div class="spacer battle-history"><br></div><div class="battle-history"><small>The opposing Mawile's Mawilite is reacting to the Key Stone!</small><br>The opposing Mawile has Mega Evolved into Mega Mawile!<br></div><div class="spacer battle-history"><br></div><div class="battle-history">The opposing Mawile used <strong>Knock Off</strong>!<br></div><div class="battle-history"><small>It's not very effective...</small><br></div><div class="battle-history"><small>(Ditto lost <abbr title="−81/300">27%</abbr> of its health!)</small><br></div><div class="battle-history"><small>The opposing Mawile knocked off Ditto's Choice Scarf!</small><br></div><div class="spacer battle-history"><br></div><h2 class="battle-history">Turn 24</h2><div class="spacer battle-history"><br></div><div class="battle-history">Ditto, come back!<br></div><div class="battle-history">Go! Diancie (<strong>Diancie-Mega</strong>)!<br></div><div class="spacer battle-history"><br></div><div class="battle-history">The opposing Mawile used <strong>Play Rough</strong>!<br></div><div class="battle-history"><small>(Diancie lost <abbr title="−180/241">74.7%</abbr> of its health!)</small><br></div><div class="spacer battle-history"><br></div><h2 class="battle-history">Turn 25</h2><div class="spacer battle-history"><br></div><div class="battle-history">Diancie, come back!<br></div><div class="battle-history">Go! <strong>Tapu Lele</strong>!<br></div><div class="battle-history"><small>[Tapu Lele's Psychic Surge]</small><br><small>The battlefield got weird!</small><br></div><div class="spacer battle-history"><br></div><div class="battle-history">luisotte withdrew Mawile!<br></div><div class="battle-history">luisotte sent out Landorus (<strong>Landorus-Therian</strong>)!<br></div><div class="battle-history"><small>Pointed stones dug into the opposing Landorus!</small><br></div><div class="battle-history"><small>[The opposing Landorus's Intimidate]</small><br></div><div class="battle-history"><small>Tapu Lele's Attack fell!</small><br></div><div class="spacer battle-history"><br></div><h2 class="battle-history">Turn 26</h2><div class="spacer battle-history"><br></div><div class="battle-history">Tapu Lele used <strong>Moonblast</strong>!<br></div><div class="battle-history"><small>(The opposing Landorus lost <abbr title="−194/319">60.8%</abbr> of its health!)</small><br></div><div class="spacer battle-history"><br></div><div class="battle-history">The opposing Landorus fainted!<br></div><div class="spacer battle-history"><br></div><div class="battle-history">luisotte sent out <strong>Serperior</strong>!<br></div><div class="battle-history"><small>Pointed stones dug into the opposing Serperior!</small><br></div><div class="spacer battle-history"><br></div><h2 class="battle-history">Turn 27</h2><div class="spacer battle-history"><br></div><div class="battle-history">Tapu Lele, come back!<br></div><div class="battle-history">Go! <strong>Ditto</strong>!<br></div><div class="battle-history"><small>[Ditto's Imposter]</small><br>Ditto transformed into Serperior!<br></div><div class="spacer battle-history"><br></div><div class="battle-history">The opposing Serperior used <strong>Leaf Storm</strong>!<br></div><div class="battle-history"><small>It's not very effective...</small><br></div><div class="battle-history"><small>(Ditto lost <abbr title="−72/300">24%</abbr> of its health!)</small><br></div><div class="battle-history"><small>The opposing Serperior's Special Attack rose sharply!</small><br></div><div class="spacer battle-history"><br></div><div class="battle-history"><small>The opposing Serperior restored a little HP using its Leftovers!</small><br></div><div class="spacer battle-history"><br></div><h2 class="battle-history">Turn 28</h2><div class="spacer battle-history"><br></div><div class="battle-history">Ditto used <strong>Leaf Storm</strong>!<br></div><div class="battle-history"><small>It's not very effective...</small><br></div><div class="battle-history"><small>(The opposing Serperior lost <abbr title="−67/341">19.6%</abbr> of its health!)</small><br></div><div class="battle-history"><small>Ditto's Special Attack rose sharply!</small><br></div><div class="spacer battle-history"><br></div><div class="battle-history">The opposing Serperior used <strong>Substitute</strong>!<br></div><div class="battle-history"><small>But it does not have enough HP left to make a substitute!</small><br></div><div class="spacer battle-history"><br></div><div class="battle-history"><small>The opposing Serperior restored a little HP using its Leftovers!</small><br></div><div class="spacer battle-history"><br></div><h2 class="battle-history">Turn 29</h2><div class="spacer battle-history"><br></div><div class="battle-history">The opposing Serperior used <strong>Glare</strong>!<br></div><div class="battle-history"><small>Ditto is paralyzed! It may be unable to move!</small><br></div><div class="spacer battle-history"><br></div><div class="battle-history">Ditto used <strong>Leaf Storm</strong>!<br></div><div class="battle-history"><small>It's not very effective...</small><br></div><div class="battle-history"><small>(The opposing Serperior lost <abbr title="−46/341">13.5%</abbr> of its health!)</small><br></div><div class="battle-history"><small>Ditto's Special Attack rose sharply!</small><br></div><div class="spacer battle-history"><br></div><div class="battle-history">The opposing Serperior fainted!<br></div><div class="spacer battle-history"><br></div><div class="battle-history"><small>The weirdness disappeared from the battlefield!</small><br></div><div class="spacer battle-history"><br></div><div class="battle-history">luisotte sent out <strong>Zygarde</strong>!<br></div><div class="battle-history"><small>Pointed stones dug into the opposing Zygarde!</small><br></div><div class="battle-history"><small>[The opposing Zygarde's Aura Break]</small><br><small>The opposing Zygarde reversed all other Pokémon's auras!</small><br></div><div class="spacer battle-history"><br></div><h2 class="battle-history">Turn 30</h2><div class="spacer battle-history"><br></div><div class="battle-history">The opposing Zygarde used <strong>Substitute</strong>!<br></div><div class="battle-history"><small>The opposing Zygarde put in a substitute!</small><br></div><div class="battle-history"><small>(The opposing Zygarde lost <abbr title="−101/404">25%</abbr> of its health!)</small><br></div><div class="spacer battle-history"><br></div><div class="battle-history">Ditto used <strong>Glare</strong>!<br></div><div class="battle-history"><small>But it failed!</small><br></div><div class="spacer battle-history"><br></div><h2 class="battle-history">Turn 31</h2><div class="spacer battle-history"><br></div><div class="battle-history">The opposing Zygarde used <strong>Thousand Arrows</strong>!<br></div><div class="battle-history"><small>It's not very effective...</small><br></div><div class="battle-history"><small>(Ditto lost <abbr title="−69/300">23%</abbr> of its health!)</small><br></div><div class="spacer battle-history"><br></div><div class="battle-history">Ditto used <strong>Leaf Storm</strong>!<br></div><div class="battle-history"><small>The opposing Zygarde's substitute faded!</small><br></div><div class="battle-history"><small>Ditto's Special Attack rose sharply!</small><br></div><div class="spacer battle-history"><br></div><h2 class="battle-history">Turn 32</h2><div class="spacer battle-history"><br></div><div class="battle-history">The opposing Zygarde used <strong>Substitute</strong>!<br></div><div class="battle-history"><small>The opposing Zygarde put in a substitute!</small><br></div><div class="battle-history"><small>(The opposing Zygarde lost <abbr title="−101/404">25%</abbr> of its health!)</small><br></div><div class="spacer battle-history"><br></div><div class="battle-history">Ditto used <strong>Leaf Storm</strong>!<br></div><div class="battle-history"><small>A critical hit!</small><br></div><div class="battle-history"><small>The opposing Zygarde's substitute faded!</small><br></div><div class="spacer battle-history"><br></div><h2 class="battle-history">Turn 33</h2><div class="spacer battle-history"><br></div><div class="battle-history">Ditto, come back!<br></div><div class="battle-history">Go! <strong>Tapu Lele</strong>!<br></div><div class="battle-history"><small>[Tapu Lele's Psychic Surge]</small><br><small>The battlefield got weird!</small><br></div><div class="spacer battle-history"><br></div><div class="battle-history">The opposing Zygarde used <strong>Substitute</strong>!<br></div><div class="battle-history"><small>The opposing Zygarde put in a substitute!</small><br></div><div class="battle-history"><small>(The opposing Zygarde lost <abbr title="−101/404">25%</abbr> of its health!)</small><br></div><div class="battle-history"><small>The opposing Zygarde ate its Iapapa Berry!</small><br></div><div class="battle-history"><small>The opposing Zygarde restored HP using its Iapapa Berry!</small><br></div><div class="spacer battle-history"><br></div><h2 class="battle-history">Turn 34</h2><div class="spacer battle-history"><br></div><div class="battle-history">Tapu Lele used <strong>Moonblast</strong>!<br></div><div class="battle-history"><small>It's super effective!</small><br></div><div class="battle-history"><small>The opposing Zygarde's substitute faded!</small><br></div><div class="spacer battle-history"><br></div><div class="battle-history">The opposing Zygarde used <strong>Glare</strong>!<br></div><div class="battle-history"><small>Tapu Lele is paralyzed! It may be unable to move!</small><br></div><div class="spacer battle-history"><br></div><h2 class="battle-history">Turn 35</h2><div class="spacer battle-history"><br></div><div class="battle-history">The opposing Zygarde used <strong>Substitute</strong>!<br></div><div class="battle-history"><small>The opposing Zygarde put in a substitute!</small><br></div><div class="battle-history"><small>(The opposing Zygarde lost <abbr title="−101/404">25%</abbr> of its health!)</small><br></div><div class="spacer battle-history"><br></div><div class="battle-history">Tapu Lele used <strong>Moonblast</strong>!<br></div><div class="battle-history"><small>It's super effective!</small><br></div><div class="battle-history"><small>The opposing Zygarde's substitute faded!</small><br></div><div class="spacer battle-history"><br></div><h2 class="battle-history">Turn 36</h2><div class="spacer battle-history"><br></div><div class="battle-history">The opposing Zygarde used <strong>Substitute</strong>!<br></div><div class="battle-history"><small>The opposing Zygarde put in a substitute!</small><br></div><div class="battle-history"><small>(The opposing Zygarde lost <abbr title="−101/404">25%</abbr> of its health!)</small><br></div><div class="spacer battle-history"><br></div><div class="battle-history">Tapu Lele is paralyzed! It can't move!<br></div><div class="spacer battle-history"><br></div><h2 class="battle-history">Turn 37</h2><div class="spacer battle-history"><br></div><div class="battle-history">The opposing Zygarde used <strong>Thousand Arrows</strong>!<br></div><div class="battle-history"><small>(Tapu Lele lost <abbr title="−69/281">24.6%</abbr> of its health!)</small><br></div><div class="spacer battle-history"><br></div><div class="battle-history">Tapu Lele fainted!<br></div><div class="spacer battle-history"><br></div><div class="battle-history"><small>The weirdness disappeared from the battlefield!</small><br></div><div class="spacer battle-history"><br></div><div class="battle-history">Go! <strong>Victini</strong>!<br></div><div class="spacer battle-history"><br></div><h2 class="battle-history">Turn 38</h2><div class="spacer battle-history"><br></div><div class="battle-history">Victini used <strong>U-turn</strong>!<br></div><div class="battle-history"><small>The substitute took damage for the opposing Zygarde!</small><br></div><div class="spacer battle-history"><br></div><div class="battle-history">Victini went back to Flamita!<br></div><div class="battle-history">Go! <strong>Chansey</strong>!<br></div><div class="spacer battle-history"><br></div><div class="battle-history">The opposing Zygarde used <strong>Thousand Arrows</strong>!<br></div><div class="battle-history"><small>(Chansey lost <abbr title="−174/703">24.8%</abbr> of its health!)</small><br></div><div class="spacer battle-history"><br></div><h2 class="battle-history">Turn 39</h2><div class="spacer battle-history"><br></div><div class="battle-history">The opposing Zygarde used <strong>Glare</strong>!<br></div><div class="battle-history"><small>Chansey is paralyzed! It may be unable to move!</small><br></div><div class="spacer battle-history"><br></div><div class="battle-history">Chansey is paralyzed! It can't move!<br></div><div class="spacer battle-history"><br></div><h2 class="battle-history">Turn 40</h2><div class="spacer battle-history"><br></div><div class="battle-history">The opposing Zygarde used <strong>Thousand Arrows</strong>!<br></div><div class="battle-history"><small>(Chansey lost <abbr title="−162/703">23.0%</abbr> of its health!)</small><br></div><div class="spacer battle-history"><br></div><div class="battle-history">Chansey used <strong>Seismic Toss</strong>!<br></div><div class="battle-history"><small>The opposing Zygarde's substitute faded!</small><br></div><div class="spacer battle-history"><br></div><h2 class="battle-history">Turn 41</h2><div class="spacer battle-history"><br></div><div class="battle-history">The opposing Zygarde used <strong>Coil</strong>!<br></div><div class="battle-history"><small>The opposing Zygarde's Attack rose!</small><br></div><div class="battle-history"><small>The opposing Zygarde's Defense rose!</small><br></div><div class="battle-history"><small>The opposing Zygarde's accuracy rose!</small><br></div><div class="spacer battle-history"><br></div><div class="battle-history">Chansey used <strong>Soft-Boiled</strong>!<br></div><div class="battle-history"><small>Chansey restored its HP.</small><br></div><div class="spacer battle-history"><br></div><h2 class="battle-history">Turn 42</h2><div class="spacer battle-history"><br></div><div class="battle-history">The opposing Zygarde used <strong>Thousand Arrows</strong>!<br></div><div class="battle-history"><small>(Chansey lost <abbr title="−243/703">34.6%</abbr> of its health!)</small><br></div><div class="spacer battle-history"><br></div><div class="battle-history">Chansey used <strong>Seismic Toss</strong>!<br></div><div class="battle-history"><small>(The opposing Zygarde lost <abbr title="−76/404">18.8%</abbr> of its health!)</small><br></div><div class="spacer battle-history"><br></div><div class="battle-history">The opposing Zygarde fainted!<br></div><div class="spacer battle-history"><br></div><div class="battle-history">luisotte sent out <strong>Suicune</strong>!<br></div><div class="battle-history"><small>Pointed stones dug into the opposing Suicune!</small><br></div><div class="battle-history"><small>[The opposing Suicune's Pressure]</small><br><small>The opposing Suicune is exerting its pressure!</small><br></div><div class="spacer battle-history"><br></div><h2 class="battle-history">Turn 43</h2><div class="spacer battle-history"><br></div><div class="battle-history">The opposing Suicune used <strong>Substitute</strong>!<br></div><div class="battle-history"><small>The opposing Suicune put in a substitute!</small><br></div><div class="battle-history"><small>(The opposing Suicune lost <abbr title="−100/403">24.8%</abbr> of its health!)</small><br></div><div class="spacer battle-history"><br></div><div class="battle-history">Chansey used <strong>Seismic Toss</strong>!<br></div><div class="battle-history"><small>The opposing Suicune's substitute faded!</small><br></div><div class="spacer battle-history"><br></div><div class="battle-history"><small>The opposing Suicune restored a little HP using its Leftovers!</small><br></div><div class="spacer battle-history"><br></div><h2 class="battle-history">Turn 44</h2><div class="spacer battle-history"><br></div><div class="battle-history"><small>(Chansey is cured by its Natural Cure!)</small><br></div><div class="battle-history">Chansey, come back!<br></div><div class="battle-history">Go! <strong>Victini</strong>!<br></div><div class="spacer battle-history"><br></div><div class="battle-history">The opposing Suicune used <strong>Substitute</strong>!<br></div><div class="battle-history"><small>The opposing Suicune put in a substitute!</small><br></div><div class="battle-history"><small>(The opposing Suicune lost <abbr title="−100/403">24.8%</abbr> of its health!)</small><br></div><div class="spacer battle-history"><br></div><div class="battle-history"><small>The opposing Suicune restored a little HP using its Leftovers!</small><br></div><div class="spacer battle-history"><br></div><h2 class="battle-history">Turn 45</h2><div class="spacer battle-history"><br></div><div class="battle-history">The opposing Suicune used <strong>Protect</strong>!<br></div><div class="battle-history"><small>The opposing Suicune protected itself!</small><br></div><div class="spacer battle-history"><br></div><div class="battle-history">Victini used <strong>Bolt Strike</strong>!<br></div><div class="battle-history"><small>The opposing Suicune protected itself!</small><br></div><div class="spacer battle-history"><br></div><div class="battle-history"><small>The opposing Suicune restored a little HP using its Leftovers!</small><br></div><div class="spacer battle-history"><br></div><h2 class="battle-history">Turn 46</h2><div class="spacer battle-history"><br></div><div class="battle-history">Victini used <strong>Bolt Strike</strong>!<br></div><div class="battle-history"><small>It's super effective!</small><br></div><div class="battle-history"><small>The opposing Suicune's substitute faded!</small><br></div><div class="spacer battle-history"><br></div><div class="battle-history">The opposing Suicune used <strong>Scald</strong>!<br></div><div class="battle-history"><small>It's super effective!</small><br></div><div class="battle-history"><small>(Victini lost <abbr title="−138/341">40.5%</abbr> of its health!)</small><br></div><div class="spacer battle-history"><br></div><div class="battle-history">Victini fainted!<br></div><div class="spacer battle-history"><br></div><div class="battle-history"><small>The opposing Suicune restored a little HP using its Leftovers!</small><br></div><div class="spacer battle-history"><br></div><div class="battle-history">Go! Diancie (<strong>Diancie-Mega</strong>)!<br></div><div class="spacer battle-history"><br></div><h2 class="battle-history">Turn 47</h2><div class="spacer battle-history"><br></div><div class="battle-history">The opposing Suicune used <strong>Protect</strong>!<br></div><div class="battle-history"><small>The opposing Suicune protected itself!</small><br></div><div class="spacer battle-history"><br></div><div class="battle-history">Diancie used <strong>Moonblast</strong>!<br></div><div class="battle-history"><small>The opposing Suicune protected itself!</small><br></div><div class="spacer battle-history"><br></div><div class="battle-history"><small>The opposing Suicune restored a little HP using its Leftovers!</small><br></div><div class="spacer battle-history"><br></div><h2 class="battle-history">Turn 48</h2><div class="spacer battle-history"><br></div><div class="battle-history">Diancie used <strong>Moonblast</strong>!<br></div><div class="battle-history"><small>(The opposing Suicune lost <abbr title="−164/403">40.7%</abbr> of its health!)</small><br></div><div class="spacer battle-history"><br></div><div class="battle-history">The opposing Suicune fainted!<br></div><div class="spacer battle-history"><br></div><div class="battle-history">luisotte sent out Mawile (<strong>Mawile-Mega</strong>)!<br></div><div class="battle-history"><small>Pointed stones dug into the opposing Mawile!</small><br></div><div class="spacer battle-history"><br></div><h2 class="battle-history">Turn 49</h2><div class="spacer battle-history"><br></div><div class="battle-history">Diancie, come back!<br></div><div class="battle-history">Go! <strong>Ditto</strong>!<br></div><div class="battle-history"><small>[Ditto's Imposter]</small><br>Ditto transformed into Mawile-Mega!<br></div><div class="spacer battle-history"><br></div><div class="battle-history">The opposing Mawile used <strong>Sucker Punch</strong>!<br></div><div class="battle-history"><small>But it failed!</small><br></div><div class="spacer battle-history"><br></div><h2 class="battle-history">Turn 50</h2><div class="spacer battle-history"><br></div><div class="battle-history">The opposing Mawile used <strong>Play Rough</strong>!<br></div><div class="battle-history"><small>Ditto avoided the attack!</small><br></div><div class="spacer battle-history"><br></div><div class="battle-history">Ditto used <strong>Play Rough</strong>!<br></div><div class="battle-history"><small>It's not very effective...</small><br></div><div class="battle-history"><small>(The opposing Mawile lost <abbr title="−114/252">45.2%</abbr> of its health!)</small><br></div><div class="spacer battle-history"><br></div><h2 class="battle-history">Turn 51</h2><div class="chat chatmessage-luisotte"><strong style="color:hsl(313,40%,46.17285196307341%)"><small>☆</small><span class="username" data-name="luisotte">luisotte</span>:</strong> <em>yisus</em></div><div class="spacer battle-history"><br></div><div class="battle-history">The opposing Mawile used <strong>Play Rough</strong>!<br></div><div class="battle-history"><small>It's not very effective...</small><br></div><div class="battle-history"><small>(Ditto lost <abbr title="−78/300">26%</abbr> of its health!)</small><br></div><div class="spacer battle-history"><br></div><div class="battle-history">Ditto fainted!<br></div><div class="spacer battle-history"><br></div><div class="battle-history">Go! <strong>Chansey</strong>!<br></div><div class="spacer battle-history"><br></div><h2 class="battle-history">Turn 52</h2><div class="spacer battle-history"><br></div><div class="battle-history">The opposing Mawile used <strong>Play Rough</strong>!<br></div><div class="battle-history"><small>(Chansey lost <abbr title="−372/703">52.9%</abbr> of its health!)</small><br></div><div class="spacer battle-history"><br></div><div class="battle-history">Chansey used <strong>Healing Wish</strong>!<br></div><div class="spacer battle-history"><br></div><div class="battle-history">Chansey fainted!<br></div><div class="spacer battle-history"><br></div><div class="battle-history">Go! Diancie (<strong>Diancie-Mega</strong>)!<br></div><div class="battle-history"><small>The healing wish came true for Diancie!</small><br></div><div class="spacer battle-history"><br></div><h2 class="battle-history">Turn 53</h2><div class="chat chatmessage-flamita"><strong style="color:hsl(259,69%,56.36692557934839%)"><small>☆</small><span class="username" data-name="Flamita">Flamita</span>:</strong> <em>gg</em></div><div class="spacer battle-history"><br></div><div class="battle-history">Diancie used <strong>Hidden Power</strong>!<br></div><div class="battle-history"><small>It's super effective!</small><br></div><div class="battle-history"><small>(The opposing Mawile lost <abbr title="−8/252">3.2%</abbr> of its health!)</small><br></div><div class="spacer battle-history"><br></div><div class="battle-history">The opposing Mawile fainted!<br></div><div class="spacer battle-history"><br></div><div class="battle-history"><strong>Flamita</strong> won the battle!<br></div></div><div class="inner-preempt"></div></div></div>
</div>
<script>
let daily = Math.floor(Date.now()/1000/60/60/24);document.write('<script src="https://play.pokemonshowdown.com/js/replay-embed.js?version'+daily+'"></'+'script>');
</script>
