<!DOCTYPE html>
<meta charset="utf-8" />
<!-- version 1 -->
<title>OU replay: Camila Cruz♥ vs. Hicronomatopeya</title>
<style>
html,body {font-family:Verdana, sans-serif;font-size:10pt;margin:0;padding:0;}body{padding:12px 0;} .battle-log {font-family:Verdana, sans-serif;font-size:10pt;} .battle-log-inline {border:1px solid #AAAAAA;background:#EEF2F5;color:black;max-width:640px;margin:0 auto 80px;padding-bottom:5px;} .battle-log .inner {padding:4px 8px 0px 8px;} .battle-log .inner-preempt {padding:0 8px 4px 8px;} .battle-log .inner-after {margin-top:0.5em;} .battle-log h2 {margin:0.5em -8px;padding:4px 8px;border:1px solid #AAAAAA;background:#E0E7EA;border-left:0;border-right:0;font-family:Verdana, sans-serif;font-size:13pt;} .battle-log .chat {vertical-align:middle;padding:3px 0 3px 0;font-size:8pt;} .battle-log .chat strong {color:#40576A;} .battle-log .chat em {padding:1px 4px 1px 3px;color:#000000;font-style:normal;} .chat.mine {background:rgba(0,0,0,0.05);margin-left:-8px;margin-right:-8px;padding-left:8px;padding-right:8px;} .spoiler {color:#BBBBBB;background:#BBBBBB;padding:0px 3px;} .spoiler:hover, .spoiler:active, .spoiler-shown {color:#000000;background:#E2E2E2;padding:0px 3px;} .spoiler a {color:#BBBBBB;} .spoiler:hover a, .spoiler:active a, .spoiler-shown a {color:#2288CC;} .chat code, .chat .spoiler:hover code, .chat .spoiler:active code, .chat .spoiler-shown code {border:1px solid #C0C0C0;background:#EEEEEE;color:black;padding:0 2px;} .chat .spoiler code {border:1px solid #CCCCCC;background:#CCCCCC;color:#CCCCCC;} .battle-log .rated {padding:3px 4px;} .battle-log .rated strong {color:white;background:#89A;padding:1px 4px;border-radius:4px;} .spacer {margin-top:0.5em;} .message-announce {background:#6688AA;color:white;padding:1px 4px 2px;} .message-announce a, .broadcast-green a, .broadcast-blue a, .broadcast-red a {color:#DDEEFF;} .broadcast-green {background-color:#559955;color:white;padding:2px 4px;} .broadcast-blue {background-color:#6688AA;color:white;padding:2px 4px;} .infobox {border:1px solid #6688AA;padding:2px 4px;} .infobox-limited {max-height:200px;overflow:auto;overflow-x:hidden;} .broadcast-red {background-color:#AA5544;color:white;padding:2px 4px;} .message-learn-canlearn {font-weight:bold;color:#228822;text-decoration:underline;} .message-learn-cannotlearn {font-weight:bold;color:#CC2222;text-decoration:underline;} .message-effect-weak {font-weight:bold;color:#CC2222;} .message-effect-resist {font-weight:bold;color:#6688AA;} .message-effect-immune {font-weight:bold;color:#666666;} .message-learn-list {margin-top:0;margin-bottom:0;} .message-throttle-notice, .message-error {color:#992222;} .message-overflow, .chat small.message-overflow {font-size:0pt;} .message-overflow::before {font-size:9pt;content:'...';} .subtle {color:#3A4A66;}
</style>
<div class="wrapper replay-wrapper" style="max-width:1180px;margin:0 auto">
<input type="hidden" name="replayid" value="destiny-ou-455367" />
<div class="battle"></div><div class="battle-log"></div><div class="replay-controls"></div><div class="replay-controls-2"></div>
<h1 style="font-weight:normal;text-align:center"><strong>OU</strong><br /><a href="http://pokemonshowdown.com/users/camilacruz" class="subtle" target="_blank">Camila Cruz♥</a> vs. <a href="http://pokemonshowdown.com/users/hicronomatopeya" class="subtle" target="_blank">Hicronomatopeya</a></h1>
<script type="text/plain" class="battle-log-data">|player|p1|Camila Cruz♥|camilacruz.gif?4b990297
|teamsize|p1|6
|player|p2|Hicronomatopeya|52
|teamsize|p2|6
|teamsize|p1|6
|teamsize|p2|6
|gametype|singles
|gen|7
|tier|OU
|seed|63015,6416,59355,33945
|rule|Cláusula-Mod de Dormir: solo puedes dormir a uno de tus oponentes a la vez.
|rule|Cláusula de Especie: Hasta un Pokémon de cada especie
|rule|Cláusula de Golpe Fulminante: los movimientos fulminantes (OHKO) estan prohibidos
|rule|Cláusula de Veleta: la habilidad Veleta está prohibida
|rule|Cláusula de Movimientos Evasivos: los movimientos de Evasión están prohibidos.
|rule|Cláusula de Batallas Eternas: forzar batallas eternas está prohibido
|clearpoke
|poke|p1|Scizor, M|item
|poke|p1|Zapdos|item
|poke|p1|Garchomp, F|item
|poke|p1|Tapu Bulu|item
|poke|p1|Hawlucha, F|item
|poke|p1|Greninja, M|item
|poke|p2|Heatran, F|item
|poke|p2|Alakazam, F|item
|poke|p2|Amoonguss, F|item
|poke|p2|Landorus-Therian, M|item
|poke|p2|Ferrothorn, F|item
|poke|p2|Tapu Lele|item
|teampreview|undefined
|c|☆Hicronomatopeya|Hgf
|c|☆Hicronomatopeya|Hf*
|c|☆Camila Cruz♥|gl hf
|choice|*|*team 623451
|choice|*team 623451|*
|choice|team 6, 2, 3, 4, 5, 1|team 6, 2, 3, 4, 5, 1
|
|start
|switch|p1a: Greninja|Greninja, M|285\/285
|switch|p2a: Tapu Lele|Tapu Lele|281\/281
|-fieldstart|move: Psychic Terrain|[from] ability: Psychic Surge|[of] p2a: Tapu Lele
|turn|1
|choice|*|*switch 5
|choice|*switch 4|*
|choice|switch 4|switch 5
|
|switch|p1a: Tapu Bulu|Tapu Bulu|343\/343
|-fieldstart|move: Grassy Terrain|[from] ability: Grassy Surge|[of] p1a: Tapu Bulu
|switch|p2a: Ferrothorn|Ferrothorn, F|351\/351
|
|upkeep
|turn|2
|choice|*|*move 4
|choice|*switch 2|*
|choice|switch 2|move thunderwave
|
|switch|p1a: Zapdos|Zapdos|383\/383
|-ability|p1a: Zapdos|Pressure
|move|p2a: Ferrothorn|Thunder Wave|p1a: Zapdos
|-immune|p1a: Zapdos|[msg]
|
|upkeep
|turn|3
|choice|*|*switch 5
|choice|*move 2|*
|choice|move discharge|switch 5
|
|switch|p2a: Tapu Lele|Tapu Lele|281\/281
|-fieldstart|move: Psychic Terrain|[from] ability: Psychic Surge|[of] p2a: Tapu Lele
|move|p1a: Zapdos|Discharge|p2a: Tapu Lele
|-damage|p2a: Tapu Lele|185\/281
|
|upkeep
|turn|4
|c|@ZDen✘|o.o
|choice|*switch 2|*
|choice|*|*move 1
|choice|switch 2|move psychic
|
|switch|p1a: Tapu Bulu|Tapu Bulu|343\/343
|-fieldstart|move: Grassy Terrain|[from] ability: Grassy Surge|[of] p1a: Tapu Bulu
|move|p2a: Tapu Lele|Psychic|p1a: Tapu Bulu
|-damage|p1a: Tapu Bulu|168\/343
|
|-heal|p2a: Tapu Lele|202\/281|[from] Grassy Terrain
|-heal|p1a: Tapu Bulu|189\/343|[from] Grassy Terrain
|upkeep
|turn|5
|choice|*|*switch 5
|choice|*move 4|*
|choice|move naturesmadness|switch 5
|
|switch|p2a: Ferrothorn|Ferrothorn, F|351\/351
|move|p1a: Tapu Bulu|Nature's Madness|p2a: Ferrothorn
|-damage|p2a: Ferrothorn|176\/351
|
|-heal|p1a: Tapu Bulu|210\/343|[from] Grassy Terrain
|-heal|p2a: Ferrothorn|197\/351|[from] item: Leftovers
|-heal|p2a: Ferrothorn|218\/351|[from] Grassy Terrain
|upkeep
|turn|6
|choice|*|*move 2
|choice|*switch 2|*
|choice|switch 2|move leechseed
|
|switch|p1a: Zapdos|Zapdos|383\/383
|-ability|p1a: Zapdos|Pressure
|move|p2a: Ferrothorn|Leech Seed|p1a: Zapdos
|-start|p1a: Zapdos|move: Leech Seed
|
|-heal|p2a: Ferrothorn|239\/351|[from] item: Leftovers
|-heal|p2a: Ferrothorn|260\/351|[from] Grassy Terrain
|-damage|p1a: Zapdos|336\/383|[from] Leech Seed|[of] p2a: Ferrothorn
|-heal|p2a: Ferrothorn|307\/351|[silent]
|upkeep
|turn|7
|choice|*|*switch 5
|choice|*move 1|*
|choice|move heatwave|switch 5
|
|switch|p2a: Tapu Lele|Tapu Lele|202\/281
|-fieldstart|move: Psychic Terrain|[from] ability: Psychic Surge|[of] p2a: Tapu Lele
|move|p1a: Zapdos|Heat Wave|p2a: Tapu Lele
|-damage|p2a: Tapu Lele|121\/281
|
|-heal|p1a: Zapdos|359\/383|[from] item: Leftovers
|-damage|p1a: Zapdos|312\/383|[from] Leech Seed|[of] p2a: Tapu Lele
|-heal|p2a: Tapu Lele|168\/281|[silent]
|upkeep
|turn|8
|choice|*|*move 2
|choice|*switch 6|*
|choice|*|*move 2
|choice|switch 6|move moonblast
|
|switch|p1a: Scizor|Scizor, M|343\/343
|move|p2a: Tapu Lele|Moonblast|p1a: Scizor
|-resisted|p1a: Scizor
|-damage|p1a: Scizor|173\/343
|
|upkeep
|turn|9
|choice|*|*switch 6
|choice|*move 4 mega|*
|choice|move roost mega|switch 6
|
|switch|p2a: Heatran|Heatran, F|386\/386
|-mega|p1a: Scizor|Scizor|Scizorite
|detailschange|p1a: Scizor|Scizor-Mega, M
|move|p1a: Scizor|Roost|p1a: Scizor
|-heal|p1a: Scizor|343\/343
|
|upkeep
|turn|10
|choice|*switch 3|*
|choice|*|*switch 6
|choice|switch 3|switch 6
|
|switch|p2a: Tapu Lele|Tapu Lele|168\/281
|switch|p1a: Garchomp|Garchomp, F|357\/357
|
|upkeep
|turn|11
|choice|*switch 3|*
|choice|*|*move 4
|choice|switch 3|move hiddenpower
|
|switch|p1a: Scizor|Scizor-Mega, M|343\/343
|move|p2a: Tapu Lele|Hidden Power|p1a: Scizor
|-supereffective|p1a: Scizor
|-damage|p1a: Scizor|0 fnt
|faint|p1a: Scizor
|
|-fieldend|move: Psychic Terrain
|upkeep
|choice|*switch 3|*
|choice|switch 3|
|
|switch|p1a: Garchomp|Garchomp, F|357\/357
|turn|12
|choice|*|*switch 4
|choice|*move 2|*
|choice|move stealthrock|switch 4
|
|switch|p2a: Landorus|Landorus-Therian, M|339\/339
|-ability|p2a: Landorus|Intimidate|boost
|-unboost|p1a: Garchomp|atk|1
|move|p1a: Garchomp|Stealth Rock|p2a: Landorus
|-sidestart|p2: Hicronomatopeya|move: Stealth Rock
|
|upkeep
|turn|13
|choice|*|*move 4
|choice|*move 1|*
|choice|move swordsdance|move defog
|
|move|p2a: Landorus|Defog|p1a: Garchomp
|-unboost|p1a: Garchomp|evasion|1
|-sideend|p2: Hicronomatopeya|Stealth Rock|[from] move: Defog|[of] p2a: Landorus
|move|p1a: Garchomp|Swords Dance|p1a: Garchomp
|-boost|p1a: Garchomp|atk|2
|
|upkeep
|turn|14
|choice|*move 2|*
|choice|*|*switch 5
|choice|move stealthrock|switch 5
|
|switch|p2a: Ferrothorn|Ferrothorn, F|307\/351
|move|p1a: Garchomp|Stealth Rock|p2a: Ferrothorn
|-sidestart|p2: Hicronomatopeya|move: Stealth Rock
|
|-heal|p2a: Ferrothorn|328\/351|[from] item: Leftovers
|upkeep
|turn|15
|choice|*move 3 zmove|*
|choice|*|*move 2
|choice|move earthquake zmove|move leechseed
|
|-zpower|p1a: Garchomp
|move|p1a: Garchomp|Tectonic Rage|p2a: Ferrothorn|[zeffect]
|-damage|p2a: Ferrothorn|19\/351
|move|p2a: Ferrothorn|Leech Seed|p1a: Garchomp
|-start|p1a: Garchomp|move: Leech Seed
|
|-heal|p2a: Ferrothorn|40\/351|[from] item: Leftovers
|-damage|p1a: Garchomp|313\/357|[from] Leech Seed|[of] p2a: Ferrothorn
|-heal|p2a: Ferrothorn|84\/351|[silent]
|upkeep
|turn|16
|choice|*|*switch 5
|choice|*move 3|*
|choice|move earthquake|switch 5
|
|switch|p2a: Landorus|Landorus-Therian, M|339\/339
|-damage|p2a: Landorus|297\/339|[from] Stealth Rock
|-ability|p2a: Landorus|Intimidate|boost
|-unboost|p1a: Garchomp|atk|1
|move|p1a: Garchomp|Earthquake|p2a: Landorus
|-immune|p2a: Landorus|[msg]
|
|-damage|p1a: Garchomp|269\/357|[from] Leech Seed|[of] p2a: Landorus
|-heal|p2a: Landorus|339\/339|[silent]
|upkeep
|turn|17
|choice|*|*move 3
|choice|*switch 2|*
|choice|switch 2|move hiddenpower
|
|switch|p1a: Tapu Bulu|Tapu Bulu|210\/343
|-fieldstart|move: Grassy Terrain|[from] ability: Grassy Surge|[of] p1a: Tapu Bulu
|move|p2a: Landorus|Hidden Power|p1a: Tapu Bulu
|-supereffective|p1a: Tapu Bulu
|-damage|p1a: Tapu Bulu|152\/343
|
|-heal|p1a: Tapu Bulu|173\/343|[from] Grassy Terrain
|upkeep
|turn|18
|choice|*|*switch 5
|choice|*move 4|*
|choice|move naturesmadness|switch 5
|
|switch|p2a: Ferrothorn|Ferrothorn, F|84\/351
|-damage|p2a: Ferrothorn|63\/351|[from] Stealth Rock
|move|p1a: Tapu Bulu|Nature's Madness|p2a: Ferrothorn|[miss]
|-miss|p1a: Tapu Bulu|p2a: Ferrothorn
|
|-heal|p1a: Tapu Bulu|194\/343|[from] Grassy Terrain
|-heal|p2a: Ferrothorn|84\/351|[from] item: Leftovers
|-heal|p2a: Ferrothorn|105\/351|[from] Grassy Terrain
|upkeep
|turn|19
|choice|*|*move 2
|choice|*move 3|*
|choice|*|*move 2
|choice|move superpower|move leechseed
|
|move|p1a: Tapu Bulu|Superpower|p2a: Ferrothorn
|-supereffective|p2a: Ferrothorn
|-damage|p2a: Ferrothorn|0 fnt
|-damage|p1a: Tapu Bulu|152\/343|[from] ability: Iron Barbs|[of] p2a: Ferrothorn
|-unboost|p1a: Tapu Bulu|atk|1
|-unboost|p1a: Tapu Bulu|def|1
|faint|p2a: Ferrothorn
|
|-heal|p1a: Tapu Bulu|173\/343|[from] Grassy Terrain
|upkeep
|choice|*|*switch 4
|choice||switch 4
|
|switch|p2a: Tapu Lele|Tapu Lele|168\/281
|-damage|p2a: Tapu Lele|133\/281|[from] Stealth Rock
|-fieldstart|move: Psychic Terrain|[from] ability: Psychic Surge|[of] p2a: Tapu Lele
|turn|20
|choice|*|*move 2
|choice|*move 1|*
|choice|move woodhammer|move moonblast
|
|move|p2a: Tapu Lele|Moonblast|p1a: Tapu Bulu
|-damage|p1a: Tapu Bulu|0 fnt
|faint|p1a: Tapu Bulu
|
|upkeep
|choice|*switch 4|*
|choice|switch 4|
|
|switch|p1a: Greninja|Greninja, M|285\/285
|turn|21
|choice|*|*switch 3
|choice|*move 2|*
|choice|move darkpulse|switch 3
|
|switch|p2a: Amoonguss|Amoonguss, F|431\/431
|-damage|p2a: Amoonguss|378\/431|[from] Stealth Rock
|move|p1a: Greninja|Dark Pulse|p2a: Amoonguss
|-damage|p2a: Amoonguss|258\/431
|
|upkeep
|turn|22
|choice|*|*move 1
|choice|*move 2|*
|choice|move darkpulse|move gigadrain
|
|move|p1a: Greninja|Dark Pulse|p2a: Amoonguss
|-damage|p2a: Amoonguss|153\/431
|cant|p2a: Amoonguss|flinch
|
|upkeep
|turn|23
|choice|*|*move 1
|choice|*move 2|*
|choice|move darkpulse|move gigadrain
|
|move|p1a: Greninja|Dark Pulse|p2a: Amoonguss
|-damage|p2a: Amoonguss|33\/431
|move|p2a: Amoonguss|Giga Drain|p1a: Greninja
|-supereffective|p1a: Greninja
|-damage|p1a: Greninja|93\/285
|-heal|p2a: Amoonguss|129\/431|[from] drain|[of] p1a: Greninja
|
|upkeep
|turn|24
|choice|*|*move 1
|choice|*switch 6|*
|choice|switch 6|move gigadrain
|
|switch|p1a: Zapdos|Zapdos|312\/383
|-ability|p1a: Zapdos|Pressure
|move|p2a: Amoonguss|Giga Drain|p1a: Zapdos
|-resisted|p1a: Zapdos
|-damage|p1a: Zapdos|272\/383
|-heal|p2a: Amoonguss|149\/431|[from] drain|[of] p1a: Zapdos
|
|-heal|p1a: Zapdos|295\/383|[from] item: Leftovers
|-fieldend|move: Psychic Terrain
|upkeep
|turn|25
|choice|*|*switch 3
|choice|*switch 6|*
|choice|switch 6|switch 3
|
|switch|p1a: Greninja|Greninja, M|93\/285
|switch|p2a: Tapu Lele|Tapu Lele|133\/281
|-damage|p2a: Tapu Lele|98\/281|[from] Stealth Rock
|-fieldstart|move: Psychic Terrain|[from] ability: Psychic Surge|[of] p2a: Tapu Lele
|
|upkeep
|turn|26
|choice|*|*switch 3
|choice|*move 2|*
|choice|move darkpulse|switch 3
|
|switch|p2a: Amoonguss|Amoonguss, F|292\/431
|-damage|p2a: Amoonguss|239\/431|[from] Stealth Rock
|move|p1a: Greninja|Dark Pulse|p2a: Amoonguss
|-damage|p2a: Amoonguss|131\/431
|
|upkeep
|turn|27
|choice|*|*move 1
|choice|*move 2|*
|choice|move darkpulse|move gigadrain
|
|move|p1a: Greninja|Dark Pulse|p2a: Amoonguss
|-damage|p2a: Amoonguss|17\/431
|cant|p2a: Amoonguss|flinch
|
|upkeep
|turn|28
|choice|*|*switch 5
|choice|*|*switch 6
|choice|*move 2|*
|choice|move darkpulse|switch 6
|
|switch|p2a: Heatran|Heatran, F|386\/386
|-damage|p2a: Heatran|338\/386|[from] Stealth Rock
|move|p1a: Greninja|Dark Pulse|p2a: Heatran
|-damage|p2a: Heatran|179\/386
|
|upkeep
|turn|29
|choice|*|*move 3 zmove
|choice|*switch 2|*
|choice|switch 2|move flashcannon zmove
|
|switch|p1a: Garchomp|Garchomp, F|269\/357
|-zpower|p2a: Heatran
|move|p2a: Heatran|Corkscrew Crash|p1a: Garchomp|[zeffect]
|-damage|p1a: Garchomp|13\/357
|
|-fieldend|move: Psychic Terrain
|upkeep
|turn|30
|choice|*|*switch 5
|choice|*move 4|*
|choice|move dragonclaw|switch 5
|
|switch|p2a: Landorus|Landorus-Therian, M|339\/339
|-damage|p2a: Landorus|297\/339|[from] Stealth Rock
|-ability|p2a: Landorus|Intimidate|boost
|-unboost|p1a: Garchomp|atk|1
|move|p1a: Garchomp|Dragon Claw|p2a: Landorus
|-damage|p2a: Landorus|204\/339
|
|upkeep
|turn|31
|choice|*|*move 2
|choice|*move 4|*
|choice|move dragonclaw|move uturn
|
|move|p2a: Landorus|U-turn|p1a: Garchomp
|-damage|p1a: Garchomp|0 fnt
|-damage|p2a: Landorus|162\/339|[from] ability: Rough Skin|[of] p1a: Garchomp
|faint|p1a: Garchomp
|choice|*|*switch 6
|choice||switch 6
|
|switch|p2a: Amoonguss|Amoonguss, F|160\/431|[from]move: U-turn
|-damage|p2a: Amoonguss|107\/431|[from] Stealth Rock
|
|upkeep
|choice|*switch 2|*
|choice|switch 2|
|
|switch|p1a: Greninja|Greninja, M|93\/285
|turn|32
|choice|*move 2|*
|choice|*|*switch 5
|choice|move darkpulse|switch 5
|
|switch|p2a: Heatran|Heatran, F|179\/386
|-damage|p2a: Heatran|131\/386|[from] Stealth Rock
|move|p1a: Greninja|Dark Pulse|p2a: Heatran
|-damage|p2a: Heatran|0 fnt
|faint|p2a: Heatran
|-activate|p1a: Greninja|ability: Battle Bond
|detailschange|p1a: Greninja|Greninja-Ash, M
|
|upkeep
|choice|*|*switch 6
|choice||switch 6
|
|switch|p2a: Landorus|Landorus-Therian, M|162\/339
|-damage|p2a: Landorus|120\/339|[from] Stealth Rock
|-ability|p2a: Landorus|Intimidate|boost
|-unboost|p1a: Greninja|atk|1
|turn|33
|choice|*|*move 2
|choice|*switch 5|*
|choice|switch 5|move uturn
|
|switch|p1a: Hawlucha|Hawlucha, F|314\/314
|move|p2a: Landorus|U-turn|p1a: Hawlucha
|-resisted|p1a: Hawlucha
|-damage|p1a: Hawlucha|287\/314
|choice|*|*switch 2
|choice||switch 2
|
|switch|p2a: Alakazam|Alakazam, F|251\/251|[from]move: U-turn
|
|upkeep
|turn|34
|choice|*|*move 1
|choice|*move 3|*
|choice|*|*move 1
|choice|move acrobatics|move psychic
|
|move|p2a: Alakazam|Psychic|p1a: Hawlucha
|-supereffective|p1a: Hawlucha
|-crit|p1a: Hawlucha
|-damage|p1a: Hawlucha|0 fnt
|faint|p1a: Hawlucha
|
|upkeep
|choice|*switch 6|*
|choice|switch 6|
|
|switch|p1a: Zapdos|Zapdos|295\/383
|-ability|p1a: Zapdos|Pressure
|turn|35
|choice|*move 2|*
|choice|*|*switch 3
|choice|move discharge|switch 3
|
|switch|p2a: Tapu Lele|Tapu Lele|98\/281
|-damage|p2a: Tapu Lele|63\/281|[from] Stealth Rock
|-fieldstart|move: Psychic Terrain|[from] ability: Psychic Surge|[of] p2a: Tapu Lele
|move|p1a: Zapdos|Discharge|p2a: Tapu Lele
|-damage|p2a: Tapu Lele|0 fnt
|faint|p2a: Tapu Lele
|
|-heal|p1a: Zapdos|318\/383|[from] item: Leftovers
|upkeep
|choice|*|*switch 3
|choice||switch 3
|
|switch|p2a: Alakazam|Alakazam, F|251\/251
|turn|36
|choice|*|*move 4 mega
|choice|*move 2|*
|choice|move discharge|move calmmind mega
|
|-mega|p2a: Alakazam|Alakazam|Alakazite
|detailschange|p2a: Alakazam|Alakazam-Mega, F
|-ability|p2a: Alakazam|Pressure|[from] ability: Trace|[of] p1a: Zapdos
|-ability|p2a: Alakazam|Pressure
|move|p2a: Alakazam|Calm Mind|p2a: Alakazam
|-boost|p2a: Alakazam|spa|1
|-boost|p2a: Alakazam|spd|1
|move|p1a: Zapdos|Discharge|p2a: Alakazam
|-damage|p2a: Alakazam|184\/251
|-status|p2a: Alakazam|par
|
|-heal|p1a: Zapdos|341\/383|[from] item: Leftovers
|upkeep
|turn|37
|choice|*switch 5|*
|player|p1|
|choice|*|*move 1
|choice|switch 5|move psychic
|
|switch|p1a: Greninja|Greninja-Ash, M|93\/285
|move|p2a: Alakazam|Psychic|p1a: Greninja
|-immune|p1a: Greninja|[msg]
|
|upkeep
|turn|38
|player|p1|Camila Cruz♥|camilacruz.gif?4b990297
|c|☆Hicronomatopeya|En serio??
|choice|*move 2|*
|c|☆Hicronomatopeya|Un para ahra no se cuantos flinch
|c|☆Camila Cruz♥|Sorry
|c|☆Camila Cruz♥|aunque hawlucha podia ganar pero la cague dejando morir a bulu
|c|☆Camila Cruz♥|xD
|c|☆Hicronomatopeya|Pero eso no es Hax
|choice|*|*switch 5
|choice|move darkpulse|switch 5
|
|switch|p2a: Amoonguss|Amoonguss, F|250\/431
|-damage|p2a: Amoonguss|197\/431|[from] Stealth Rock
|move|p1a: Greninja|Dark Pulse|p2a: Amoonguss
|-damage|p2a: Amoonguss|53\/431
|
|upkeep
|turn|39
|choice|*|*move 1
|choice|*move 2|*
|choice|move darkpulse|move gigadrain
|
|move|p1a: Greninja|Dark Pulse|p2a: Amoonguss
|-damage|p2a: Amoonguss|0 fnt
|faint|p2a: Amoonguss
|
|-fieldend|move: Psychic Terrain
|upkeep
|choice|*|*switch 2
|choice||switch 2
|
|switch|p2a: Landorus|Landorus-Therian, M|120\/339
|-damage|p2a: Landorus|78\/339|[from] Stealth Rock
|-ability|p2a: Landorus|Intimidate|boost
|-unboost|p1a: Greninja|atk|1
|turn|40
|choice|*|*move 2
|choice|*switch 5|*
|choice|switch 5|move uturn
|
|switch|p1a: Zapdos|Zapdos|341\/383
|-ability|p1a: Zapdos|Pressure
|move|p2a: Landorus|U-turn|p1a: Zapdos
|-resisted|p1a: Zapdos
|-damage|p1a: Zapdos|305\/383
|choice|*|*switch 5
|choice||switch 5
|
|switch|p2a: Alakazam|Alakazam-Mega, F|184\/251 par|[from]move: U-turn
|-damage|p2a: Alakazam|153\/251 par|[from] Stealth Rock
|-ability|p2a: Alakazam|Pressure|[from] ability: Trace|[of] p1a: Zapdos
|-ability|p2a: Alakazam|Pressure
|
|-heal|p1a: Zapdos|328\/383|[from] item: Leftovers
|upkeep
|turn|41
|choice|*|*move 2
|choice|*move 2|*
|choice|move discharge|move focusblast
|
|move|p1a: Zapdos|Discharge|p2a: Alakazam
|-damage|p2a: Alakazam|42\/251 par
|move|p2a: Alakazam|Focus Blast|p1a: Zapdos
|-resisted|p1a: Zapdos
|-damage|p1a: Zapdos|229\/383
|
|-heal|p1a: Zapdos|252\/383|[from] item: Leftovers
|upkeep
|turn|42
|-message|Hicronomatopeya se rindió.
|
|win|Camila Cruz♥
</script>
</div>
<div class="battle-log battle-log-inline"><div class="inner"><div class="battle-options"></div><div class="inner"><div class=""><small>Format:</small> <br><strong>OU</strong></div><div class=""><small><em>Cláusula-Mod de Dormir:</em> solo puedes dormir a uno de tus oponentes a la vez.</small></div><div class=""><small><em>Cláusula de Especie:</em> Hasta un Pokémon de cada especie</small></div><div class=""><small><em>Cláusula de Golpe Fulminante:</em> los movimientos fulminantes (OHKO) estan prohibidos</small></div><div class=""><small><em>Cláusula de Veleta:</em> la habilidad Veleta está prohibida</small></div><div class=""><small><em>Cláusula de Movimientos Evasivos:</em> los movimientos de Evasión están prohibidos.</small></div><div class=""><small><em>Cláusula de Batallas Eternas:</em> forzar batallas eternas está prohibido</small></div><div class="chat battle-history"><strong>Camila Cruz♥'s team:</strong> <em style="color:#445566;display:block;">Scizor / Zapdos / Garchomp / Tapu Bulu / Hawlucha / Greninja</em></div><div class="chat battle-history"><strong>Hicronomatopeya's team:</strong> <em style="color:#445566;display:block;">Heatran / Alakazam / Amoonguss / Landorus-Therian / Ferrothorn / Tapu Lele</em></div><div class="chat chatmessage-hicronomatopeya"><strong style="color:hsl(191,88%,41.54812140056417%)"><small>☆</small><span class="username" data-name="Hicronomatopeya">Hicronomatopeya</span>:</strong> <em>Hgf</em></div><div class="chat chatmessage-hicronomatopeya"><strong style="color:hsl(191,88%,41.54812140056417%)"><small>☆</small><span class="username" data-name="Hicronomatopeya">Hicronomatopeya</span>:</strong> <em>Hf*</em></div><div class="chat chatmessage-camilacruz"><strong style="color:hsl(107,48%,44.819126939248115%)"><small>☆</small><span class="username" data-name="Camila Cruz♥">Camila Cruz♥</span>:</strong> <em>gl hf</em></div><div class="spacer battle-history"><br></div><div class="battle-history">Battle started between Camila Cruz♥ and Hicronomatopeya!<br></div><div class="spacer battle-history"><br></div><div class="battle-history">Go! <strong>Greninja</strong>!<br></div><div class="spacer battle-history"><br></div><div class="battle-history">Hicronomatopeya sent out <strong>Tapu Lele</strong>!<br></div><div class="battle-history"><small>[The opposing Tapu Lele's Psychic Surge]</small><br><small>The battlefield got weird!</small><br></div><div class="spacer battle-history"><br></div><h2 class="battle-history">Turn 1</h2><div class="spacer battle-history"><br></div><div class="battle-history">Greninja, come back!<br></div><div class="battle-history">Go! <strong>Tapu Bulu</strong>!<br></div><div class="battle-history"><small>[Tapu Bulu's Grassy Surge]</small><br><small>Grass grew to cover the battlefield!</small><br></div><div class="spacer battle-history"><br></div><div class="battle-history">Hicronomatopeya withdrew Tapu Lele!<br></div><div class="battle-history">Hicronomatopeya sent out <strong>Ferrothorn</strong>!<br></div><div class="spacer battle-history"><br></div><h2 class="battle-history">Turn 2</h2><div class="spacer battle-history"><br></div><div class="battle-history">Tapu Bulu, come back!<br></div><div class="battle-history">Go! <strong>Zapdos</strong>!<br></div><div class="battle-history"><small>[Zapdos's Pressure]</small><br><small>Zapdos is exerting its pressure!</small><br></div><div class="spacer battle-history"><br></div><div class="battle-history">The opposing Ferrothorn used <strong>Thunder Wave</strong>!<br></div><div class="battle-history"><small>It doesn't affect Zapdos...</small><br></div><div class="spacer battle-history"><br></div><h2 class="battle-history">Turn 3</h2><div class="spacer battle-history"><br></div><div class="battle-history">Hicronomatopeya withdrew Ferrothorn!<br></div><div class="battle-history">Hicronomatopeya sent out <strong>Tapu Lele</strong>!<br></div><div class="battle-history"><small>[The opposing Tapu Lele's Psychic Surge]</small><br><small>The battlefield got weird!</small><br></div><div class="spacer battle-history"><br></div><div class="battle-history">Zapdos used <strong>Discharge</strong>!<br></div><div class="battle-history"><small>(The opposing Tapu Lele lost <abbr title="−96/281">34.2%</abbr> of its health!)</small><br></div><div class="spacer battle-history"><br></div><h2 class="battle-history">Turn 4</h2><div class="chat chatmessage-zden"><strong style="color:hsl(314,43%,46.51603856965785%)"><small>@</small><span class="username" data-name="ZDen✘">ZDen✘</span>:</strong> <em>o.o</em></div><div class="spacer battle-history"><br></div><div class="battle-history">Zapdos, come back!<br></div><div class="battle-history">Go! <strong>Tapu Bulu</strong>!<br></div><div class="battle-history"><small>[Tapu Bulu's Grassy Surge]</small><br><small>Grass grew to cover the battlefield!</small><br></div><div class="spacer battle-history"><br></div><div class="battle-history">The opposing Tapu Lele used <strong>Psychic</strong>!<br></div><div class="battle-history"><small>(Tapu Bulu lost <abbr title="−175/343">51.0%</abbr> of its health!)</small><br></div><div class="spacer battle-history"><br></div><div class="battle-history"><small>The opposing Tapu Lele restored HP using its Grassy Terrain!</small><br></div><div class="battle-history"><small>Tapu Bulu restored HP using its Grassy Terrain!</small><br></div><div class="spacer battle-history"><br></div><h2 class="battle-history">Turn 5</h2><div class="spacer battle-history"><br></div><div class="battle-history">Hicronomatopeya withdrew Tapu Lele!<br></div><div class="battle-history">Hicronomatopeya sent out <strong>Ferrothorn</strong>!<br></div><div class="spacer battle-history"><br></div><div class="battle-history">Tapu Bulu used <strong>Nature's Madness</strong>!<br></div><div class="battle-history"><small>(The opposing Ferrothorn lost <abbr title="−175/351">49.9%</abbr> of its health!)</small><br></div><div class="spacer battle-history"><br></div><div class="battle-history"><small>Tapu Bulu restored HP using its Grassy Terrain!</small><br></div><div class="battle-history"><small>The opposing Ferrothorn restored a little HP using its Leftovers!</small><br></div><div class="battle-history"><small>The opposing Ferrothorn restored HP using its Grassy Terrain!</small><br></div><div class="spacer battle-history"><br></div><h2 class="battle-history">Turn 6</h2><div class="spacer battle-history"><br></div><div class="battle-history">Tapu Bulu, come back!<br></div><div class="battle-history">Go! <strong>Zapdos</strong>!<br></div><div class="battle-history"><small>[Zapdos's Pressure]</small><br><small>Zapdos is exerting its pressure!</small><br></div><div class="spacer battle-history"><br></div><div class="battle-history">The opposing Ferrothorn used <strong>Leech Seed</strong>!<br></div><div class="battle-history"><small>Zapdos was seeded!</small><br></div><div class="spacer battle-history"><br></div><div class="battle-history"><small>The opposing Ferrothorn restored a little HP using its Leftovers!</small><br></div><div class="battle-history"><small>The opposing Ferrothorn restored HP using its Grassy Terrain!</small><br></div><div class="battle-history"><small>Zapdos's health is sapped by Leech Seed!</small><br></div><div class="spacer battle-history"><br></div><h2 class="battle-history">Turn 7</h2><div class="spacer battle-history"><br></div><div class="battle-history">Hicronomatopeya withdrew Ferrothorn!<br></div><div class="battle-history">Hicronomatopeya sent out <strong>Tapu Lele</strong>!<br></div><div class="battle-history"><small>[The opposing Tapu Lele's Psychic Surge]</small><br><small>The battlefield got weird!</small><br></div><div class="spacer battle-history"><br></div><div class="battle-history">Zapdos used <strong>Heat Wave</strong>!<br></div><div class="battle-history"><small>(The opposing Tapu Lele lost <abbr title="−81/281">28.8%</abbr> of its health!)</small><br></div><div class="spacer battle-history"><br></div><div class="battle-history"><small>Zapdos restored a little HP using its Leftovers!</small><br></div><div class="battle-history"><small>Zapdos's health is sapped by Leech Seed!</small><br></div><div class="spacer battle-history"><br></div><h2 class="battle-history">Turn 8</h2><div class="spacer battle-history"><br></div><div class="battle-history">Zapdos, come back!<br></div><div class="battle-history">Go! <strong>Scizor</strong>!<br></div><div class="spacer battle-history"><br></div><div class="battle-history">The opposing Tapu Lele used <strong>Moonblast</strong>!<br></div><div class="battle-history"><small>It's not very effective...</small><br></div><div class="battle-history"><small>(Scizor lost <abbr title="−170/343">49.6%</abbr> of its health!)</small><br></div><div class="spacer battle-history"><br></div><h2 class="battle-history">Turn 9</h2><div class="spacer battle-history"><br></div><div class="battle-history">Hicronomatopeya withdrew Tapu Lele!<br></div><div class="battle-history">Hicronomatopeya sent out <strong>Heatran</strong>!<br></div><div class="spacer battle-history"><br></div><div class="battle-history"><small>Scizor's Scizorite is reacting to the Key Stone!</small><br>Scizor has Mega Evolved into Mega Scizor!<br></div><div class="spacer battle-history"><br></div><div class="battle-history">Scizor used <strong>Roost</strong>!<br></div><div class="battle-history"><small>Scizor restored its HP.</small><br></div><div class="spacer battle-history"><br></div><h2 class="battle-history">Turn 10</h2><div class="spacer battle-history"><br></div><div class="battle-history">Hicronomatopeya withdrew Heatran!<br></div><div class="battle-history">Hicronomatopeya sent out <strong>Tapu Lele</strong>!<br></div><div class="spacer battle-history"><br></div><div class="battle-history">Scizor, come back!<br></div><div class="battle-history">Go! <strong>Garchomp</strong>!<br></div><div class="spacer battle-history"><br></div><h2 class="battle-history">Turn 11</h2><div class="spacer battle-history"><br></div><div class="battle-history">Garchomp, come back!<br></div><div class="battle-history">Go! Scizor (<strong>Scizor-Mega</strong>)!<br></div><div class="spacer battle-history"><br></div><div class="battle-history">The opposing Tapu Lele used <strong>Hidden Power</strong>!<br></div><div class="battle-history"><small>It's super effective!</small><br></div><div class="battle-history"><small>(Scizor lost <abbr title="−343/343">100%</abbr> of its health!)</small><br></div><div class="spacer battle-history"><br></div><div class="battle-history">Scizor fainted!<br></div><div class="spacer battle-history"><br></div><div class="battle-history"><small>The weirdness disappeared from the battlefield!</small><br></div><div class="spacer battle-history"><br></div><div class="battle-history">Go! <strong>Garchomp</strong>!<br></div><div class="spacer battle-history"><br></div><h2 class="battle-history">Turn 12</h2><div class="spacer battle-history"><br></div><div class="battle-history">Hicronomatopeya withdrew Tapu Lele!<br></div><div class="battle-history">Hicronomatopeya sent out Landorus (<strong>Landorus-Therian</strong>)!<br></div><div class="battle-history"><small>[The opposing Landorus's Intimidate]</small><br></div><div class="battle-history"><small>Garchomp's Attack fell!</small><br></div><div class="spacer battle-history"><br></div><div class="battle-history">Garchomp used <strong>Stealth Rock</strong>!<br></div><div class="battle-history"><small>Pointed stones float in the air around the opposing team!</small><br></div><div class="spacer battle-history"><br></div><h2 class="battle-history">Turn 13</h2><div class="spacer battle-history"><br></div><div class="battle-history">The opposing Landorus used <strong>Defog</strong>!<br></div><div class="battle-history"><small>Garchomp's evasiveness fell!</small><br></div><div class="battle-history"><small>The pointed stones disappeared from around the opposing team!</small><br></div><div class="spacer battle-history"><br></div><div class="battle-history">Garchomp used <strong>Swords Dance</strong>!<br></div><div class="battle-history"><small>Garchomp's Attack rose sharply!</small><br></div><div class="spacer battle-history"><br></div><h2 class="battle-history">Turn 14</h2><div class="spacer battle-history"><br></div><div class="battle-history">Hicronomatopeya withdrew Landorus!<br></div><div class="battle-history">Hicronomatopeya sent out <strong>Ferrothorn</strong>!<br></div><div class="spacer battle-history"><br></div><div class="battle-history">Garchomp used <strong>Stealth Rock</strong>!<br></div><div class="battle-history"><small>Pointed stones float in the air around the opposing team!</small><br></div><div class="spacer battle-history"><br></div><div class="battle-history"><small>The opposing Ferrothorn restored a little HP using its Leftovers!</small><br></div><div class="spacer battle-history"><br></div><h2 class="battle-history">Turn 15</h2><div class="spacer battle-history"><br></div><div class="battle-history"><small>Garchomp surrounded itself with its Z-Power!</small><br></div><div class="spacer battle-history"><br></div><div class="battle-history">Garchomp used <strong>Tectonic Rage</strong>!<br></div><div class="battle-history"><small>(The opposing Ferrothorn lost <abbr title="−309/351">88.0%</abbr> of its health!)</small><br></div><div class="spacer battle-history"><br></div><div class="battle-history">The opposing Ferrothorn used <strong>Leech Seed</strong>!<br></div><div class="battle-history"><small>Garchomp was seeded!</small><br></div><div class="spacer battle-history"><br></div><div class="battle-history"><small>The opposing Ferrothorn restored a little HP using its Leftovers!</small><br></div><div class="battle-history"><small>Garchomp's health is sapped by Leech Seed!</small><br></div><div class="spacer battle-history"><br></div><h2 class="battle-history">Turn 16</h2><div class="spacer battle-history"><br></div><div class="battle-history">Hicronomatopeya withdrew Ferrothorn!<br></div><div class="battle-history">Hicronomatopeya sent out Landorus (<strong>Landorus-Therian</strong>)!<br></div><div class="battle-history"><small>Pointed stones dug into the opposing Landorus!</small><br></div><div class="battle-history"><small>[The opposing Landorus's Intimidate]</small><br></div><div class="battle-history"><small>Garchomp's Attack fell!</small><br></div><div class="spacer battle-history"><br></div><div class="battle-history">Garchomp used <strong>Earthquake</strong>!<br></div><div class="battle-history"><small>It doesn't affect the opposing Landorus...</small><br></div><div class="spacer battle-history"><br></div><div class="battle-history"><small>Garchomp's health is sapped by Leech Seed!</small><br></div><div class="spacer battle-history"><br></div><h2 class="battle-history">Turn 17</h2><div class="spacer battle-history"><br></div><div class="battle-history">Garchomp, come back!<br></div><div class="battle-history">Go! <strong>Tapu Bulu</strong>!<br></div><div class="battle-history"><small>[Tapu Bulu's Grassy Surge]</small><br><small>Grass grew to cover the battlefield!</small><br></div><div class="spacer battle-history"><br></div><div class="battle-history">The opposing Landorus used <strong>Hidden Power</strong>!<br></div><div class="battle-history"><small>It's super effective!</small><br></div><div class="battle-history"><small>(Tapu Bulu lost <abbr title="−58/343">16.9%</abbr> of its health!)</small><br></div><div class="spacer battle-history"><br></div><div class="battle-history"><small>Tapu Bulu restored HP using its Grassy Terrain!</small><br></div><div class="spacer battle-history"><br></div><h2 class="battle-history">Turn 18</h2><div class="spacer battle-history"><br></div><div class="battle-history">Hicronomatopeya withdrew Landorus!<br></div><div class="battle-history">Hicronomatopeya sent out <strong>Ferrothorn</strong>!<br></div><div class="battle-history"><small>Pointed stones dug into the opposing Ferrothorn!</small><br></div><div class="spacer battle-history"><br></div><div class="battle-history">Tapu Bulu used <strong>Nature's Madness</strong>!<br></div><div class="battle-history"><small>The opposing Ferrothorn avoided the attack!</small><br></div><div class="spacer battle-history"><br></div><div class="battle-history"><small>Tapu Bulu restored HP using its Grassy Terrain!</small><br></div><div class="battle-history"><small>The opposing Ferrothorn restored a little HP using its Leftovers!</small><br></div><div class="battle-history"><small>The opposing Ferrothorn restored HP using its Grassy Terrain!</small><br></div><div class="spacer battle-history"><br></div><h2 class="battle-history">Turn 19</h2><div class="spacer battle-history"><br></div><div class="battle-history">Tapu Bulu used <strong>Superpower</strong>!<br></div><div class="battle-history"><small>It's super effective!</small><br></div><div class="battle-history"><small>(The opposing Ferrothorn lost <abbr title="−105/351">29.9%</abbr> of its health!)</small><br></div><div class="battle-history"><small>[The opposing Ferrothorn's Iron Barbs]</small><br><small>Tapu Bulu was hurt!</small><br></div><div class="battle-history"><small>Tapu Bulu's Attack fell!</small><br></div><div class="battle-history"><small>Tapu Bulu's Defense fell!</small><br></div><div class="spacer battle-history"><br></div><div class="battle-history">The opposing Ferrothorn fainted!<br></div><div class="spacer battle-history"><br></div><div class="battle-history"><small>Tapu Bulu restored HP using its Grassy Terrain!</small><br></div><div class="spacer battle-history"><br></div><div class="battle-history">Hicronomatopeya sent out <strong>Tapu Lele</strong>!<br></div><div class="battle-history"><small>Pointed stones dug into the opposing Tapu Lele!</small><br></div><div class="battle-history"><small>[The opposing Tapu Lele's Psychic Surge]</small><br><small>The battlefield got weird!</small><br></div><div class="spacer battle-history"><br></div><h2 class="battle-history">Turn 20</h2><div class="spacer battle-history"><br></div><div class="battle-history">The opposing Tapu Lele used <strong>Moonblast</strong>!<br></div><div class="battle-history"><small>(Tapu Bulu lost <abbr title="−173/343">50.4%</abbr> of its health!)</small><br></div><div class="spacer battle-history"><br></div><div class="battle-history">Tapu Bulu fainted!<br></div><div class="spacer battle-history"><br></div><div class="battle-history">Go! <strong>Greninja</strong>!<br></div><div class="spacer battle-history"><br></div><h2 class="battle-history">Turn 21</h2><div class="spacer battle-history"><br></div><div class="battle-history">Hicronomatopeya withdrew Tapu Lele!<br></div><div class="battle-history">Hicronomatopeya sent out <strong>Amoonguss</strong>!<br></div><div class="battle-history"><small>Pointed stones dug into the opposing Amoonguss!</small><br></div><div class="spacer battle-history"><br></div><div class="battle-history">Greninja used <strong>Dark Pulse</strong>!<br></div><div class="battle-history"><small>(The opposing Amoonguss lost <abbr title="−120/431">27.8%</abbr> of its health!)</small><br></div><div class="spacer battle-history"><br></div><h2 class="battle-history">Turn 22</h2><div class="spacer battle-history"><br></div><div class="battle-history">Greninja used <strong>Dark Pulse</strong>!<br></div><div class="battle-history"><small>(The opposing Amoonguss lost <abbr title="−105/431">24.4%</abbr> of its health!)</small><br></div><div class="spacer battle-history"><br></div><div class="battle-history">The opposing Amoonguss flinched and couldn't move!<br></div><div class="spacer battle-history"><br></div><h2 class="battle-history">Turn 23</h2><div class="spacer battle-history"><br></div><div class="battle-history">Greninja used <strong>Dark Pulse</strong>!<br></div><div class="battle-history"><small>(The opposing Amoonguss lost <abbr title="−120/431">27.8%</abbr> of its health!)</small><br></div><div class="spacer battle-history"><br></div><div class="battle-history">The opposing Amoonguss used <strong>Giga Drain</strong>!<br></div><div class="battle-history"><small>It's super effective!</small><br></div><div class="battle-history"><small>(Greninja lost <abbr title="−192/285">67.4%</abbr> of its health!)</small><br></div><div class="battle-history"><small>Greninja had its energy drained!</small><br></div><div class="spacer battle-history"><br></div><h2 class="battle-history">Turn 24</h2><div class="spacer battle-history"><br></div><div class="battle-history">Greninja, come back!<br></div><div class="battle-history">Go! <strong>Zapdos</strong>!<br></div><div class="battle-history"><small>[Zapdos's Pressure]</small><br><small>Zapdos is exerting its pressure!</small><br></div><div class="spacer battle-history"><br></div><div class="battle-history">The opposing Amoonguss used <strong>Giga Drain</strong>!<br></div><div class="battle-history"><small>It's not very effective...</small><br></div><div class="battle-history"><small>(Zapdos lost <abbr title="−40/383">10.4%</abbr> of its health!)</small><br></div><div class="battle-history"><small>Zapdos had its energy drained!</small><br></div><div class="spacer battle-history"><br></div><div class="battle-history"><small>Zapdos restored a little HP using its Leftovers!</small><br></div><div class="battle-history"><small>The weirdness disappeared from the battlefield!</small><br></div><div class="spacer battle-history"><br></div><h2 class="battle-history">Turn 25</h2><div class="spacer battle-history"><br></div><div class="battle-history">Zapdos, come back!<br></div><div class="battle-history">Go! <strong>Greninja</strong>!<br></div><div class="spacer battle-history"><br></div><div class="battle-history">Hicronomatopeya withdrew Amoonguss!<br></div><div class="battle-history">Hicronomatopeya sent out <strong>Tapu Lele</strong>!<br></div><div class="battle-history"><small>Pointed stones dug into the opposing Tapu Lele!</small><br></div><div class="battle-history"><small>[The opposing Tapu Lele's Psychic Surge]</small><br><small>The battlefield got weird!</small><br></div><div class="spacer battle-history"><br></div><h2 class="battle-history">Turn 26</h2><div class="spacer battle-history"><br></div><div class="battle-history">Hicronomatopeya withdrew Tapu Lele!<br></div><div class="battle-history">Hicronomatopeya sent out <strong>Amoonguss</strong>!<br></div><div class="battle-history"><small>Pointed stones dug into the opposing Amoonguss!</small><br></div><div class="spacer battle-history"><br></div><div class="battle-history">Greninja used <strong>Dark Pulse</strong>!<br></div><div class="battle-history"><small>(The opposing Amoonguss lost <abbr title="−108/431">25.1%</abbr> of its health!)</small><br></div><div class="spacer battle-history"><br></div><h2 class="battle-history">Turn 27</h2><div class="spacer battle-history"><br></div><div class="battle-history">Greninja used <strong>Dark Pulse</strong>!<br></div><div class="battle-history"><small>(The opposing Amoonguss lost <abbr title="−114/431">26.5%</abbr> of its health!)</small><br></div><div class="spacer battle-history"><br></div><div class="battle-history">The opposing Amoonguss flinched and couldn't move!<br></div><div class="spacer battle-history"><br></div><h2 class="battle-history">Turn 28</h2><div class="spacer battle-history"><br></div><div class="battle-history">Hicronomatopeya withdrew Amoonguss!<br></div><div class="battle-history">Hicronomatopeya sent out <strong>Heatran</strong>!<br></div><div class="battle-history"><small>Pointed stones dug into the opposing Heatran!</small><br></div><div class="spacer battle-history"><br></div><div class="battle-history">Greninja used <strong>Dark Pulse</strong>!<br></div><div class="battle-history"><small>(The opposing Heatran lost <abbr title="−159/386">41.2%</abbr> of its health!)</small><br></div><div class="spacer battle-history"><br></div><h2 class="battle-history">Turn 29</h2><div class="spacer battle-history"><br></div><div class="battle-history">Greninja, come back!<br></div><div class="battle-history">Go! <strong>Garchomp</strong>!<br></div><div class="battle-history"><small>The opposing Heatran surrounded itself with its Z-Power!</small><br></div><div class="spacer battle-history"><br></div><div class="battle-history">The opposing Heatran used <strong>Corkscrew Crash</strong>!<br></div><div class="battle-history"><small>(Garchomp lost <abbr title="−256/357">71.7%</abbr> of its health!)</small><br></div><div class="spacer battle-history"><br></div><div class="battle-history"><small>The weirdness disappeared from the battlefield!</small><br></div><div class="spacer battle-history"><br></div><h2 class="battle-history">Turn 30</h2><div class="spacer battle-history"><br></div><div class="battle-history">Hicronomatopeya withdrew Heatran!<br></div><div class="battle-history">Hicronomatopeya sent out Landorus (<strong>Landorus-Therian</strong>)!<br></div><div class="battle-history"><small>Pointed stones dug into the opposing Landorus!</small><br></div><div class="battle-history"><small>[The opposing Landorus's Intimidate]</small><br></div><div class="battle-history"><small>Garchomp's Attack fell!</small><br></div><div class="spacer battle-history"><br></div><div class="battle-history">Garchomp used <strong>Dragon Claw</strong>!<br></div><div class="battle-history"><small>(The opposing Landorus lost <abbr title="−93/339">27.4%</abbr> of its health!)</small><br></div><div class="spacer battle-history"><br></div><h2 class="battle-history">Turn 31</h2><div class="spacer battle-history"><br></div><div class="battle-history">The opposing Landorus used <strong>U-turn</strong>!<br></div><div class="battle-history"><small>(Garchomp lost <abbr title="−13/357">3.6%</abbr> of its health!)</small><br></div><div class="battle-history"><small>[Garchomp's Rough Skin]</small><br><small>The opposing Landorus was hurt!</small><br></div><div class="spacer battle-history"><br></div><div class="battle-history">Garchomp fainted!<br></div><div class="spacer battle-history"><br></div><div class="battle-history">The opposing Landorus went back to Hicronomatopeya!<br></div><div class="battle-history">Hicronomatopeya sent out <strong>Amoonguss</strong>!<br></div><div class="battle-history"><small>Pointed stones dug into the opposing Amoonguss!</small><br></div><div class="spacer battle-history"><br></div><div class="battle-history">Go! <strong>Greninja</strong>!<br></div><div class="spacer battle-history"><br></div><h2 class="battle-history">Turn 32</h2><div class="spacer battle-history"><br></div><div class="battle-history">Hicronomatopeya withdrew Amoonguss!<br></div><div class="battle-history">Hicronomatopeya sent out <strong>Heatran</strong>!<br></div><div class="battle-history"><small>Pointed stones dug into the opposing Heatran!</small><br></div><div class="spacer battle-history"><br></div><div class="battle-history">Greninja used <strong>Dark Pulse</strong>!<br></div><div class="battle-history"><small>(The opposing Heatran lost <abbr title="−131/386">33.9%</abbr> of its health!)</small><br></div><div class="spacer battle-history"><br></div><div class="battle-history">The opposing Heatran fainted!<br></div><div class="battle-history"><small>[Greninja's Battle Bond]</small><br><small>Greninja became fully charged due to its bond with its Trainer!</small><br></div><div class="battle-history">Greninja became Ash-Greninja!<br></div><div class="spacer battle-history"><br></div><div class="battle-history">Hicronomatopeya sent out Landorus (<strong>Landorus-Therian</strong>)!<br></div><div class="battle-history"><small>Pointed stones dug into the opposing Landorus!</small><br></div><div class="battle-history"><small>[The opposing Landorus's Intimidate]</small><br></div><div class="battle-history"><small>Greninja's Attack fell!</small><br></div><div class="spacer battle-history"><br></div><h2 class="battle-history">Turn 33</h2><div class="spacer battle-history"><br></div><div class="battle-history">Greninja, come back!<br></div><div class="battle-history">Go! <strong>Hawlucha</strong>!<br></div><div class="spacer battle-history"><br></div><div class="battle-history">The opposing Landorus used <strong>U-turn</strong>!<br></div><div class="battle-history"><small>It's not very effective...</small><br></div><div class="battle-history"><small>(Hawlucha lost <abbr title="−27/314">8.6%</abbr> of its health!)</small><br></div><div class="spacer battle-history"><br></div><div class="battle-history">The opposing Landorus went back to Hicronomatopeya!<br></div><div class="battle-history">Hicronomatopeya sent out <strong>Alakazam</strong>!<br></div><div class="spacer battle-history"><br></div><h2 class="battle-history">Turn 34</h2><div class="spacer battle-history"><br></div><div class="battle-history">The opposing Alakazam used <strong>Psychic</strong>!<br></div><div class="battle-history"><small>It's super effective!</small><br></div><div class="battle-history"><small>A critical hit!</small><br></div><div class="battle-history"><small>(Hawlucha lost <abbr title="−287/314">91.4%</abbr> of its health!)</small><br></div><div class="spacer battle-history"><br></div><div class="battle-history">Hawlucha fainted!<br></div><div class="spacer battle-history"><br></div><div class="battle-history">Go! <strong>Zapdos</strong>!<br></div><div class="battle-history"><small>[Zapdos's Pressure]</small><br><small>Zapdos is exerting its pressure!</small><br></div><div class="spacer battle-history"><br></div><h2 class="battle-history">Turn 35</h2><div class="spacer battle-history"><br></div><div class="battle-history">Hicronomatopeya withdrew Alakazam!<br></div><div class="battle-history">Hicronomatopeya sent out <strong>Tapu Lele</strong>!<br></div><div class="battle-history"><small>Pointed stones dug into the opposing Tapu Lele!</small><br></div><div class="battle-history"><small>[The opposing Tapu Lele's Psychic Surge]</small><br><small>The battlefield got weird!</small><br></div><div class="spacer battle-history"><br></div><div class="battle-history">Zapdos used <strong>Discharge</strong>!<br></div><div class="battle-history"><small>(The opposing Tapu Lele lost <abbr title="−63/281">22.4%</abbr> of its health!)</small><br></div><div class="spacer battle-history"><br></div><div class="battle-history">The opposing Tapu Lele fainted!<br></div><div class="spacer battle-history"><br></div><div class="battle-history"><small>Zapdos restored a little HP using its Leftovers!</small><br></div><div class="spacer battle-history"><br></div><div class="battle-history">Hicronomatopeya sent out <strong>Alakazam</strong>!<br></div><div class="spacer battle-history"><br></div><h2 class="battle-history">Turn 36</h2><div class="spacer battle-history"><br></div><div class="battle-history"><small>The opposing Alakazam's Alakazite is reacting to the Key Stone!</small><br>The opposing Alakazam has Mega Evolved into Mega Alakazam!<br></div><div class="battle-history"><small>[The opposing Alakazam's Trace]</small><br><small>[The opposing Alakazam's Pressure]</small><br><small>The opposing Alakazam traced Zapdos's Pressure!</small><br></div><div class="battle-history"><small>[The opposing Alakazam's Pressure]</small><br><small>The opposing Alakazam is exerting its pressure!</small><br></div><div class="spacer battle-history"><br></div><div class="battle-history">The opposing Alakazam used <strong>Calm Mind</strong>!<br></div><div class="battle-history"><small>The opposing Alakazam's Special Attack rose!</small><br></div><div class="battle-history"><small>The opposing Alakazam's Special Defense rose!</small><br></div><div class="spacer battle-history"><br></div><div class="battle-history">Zapdos used <strong>Discharge</strong>!<br></div><div class="battle-history"><small>(The opposing Alakazam lost <abbr title="−67/251">26.7%</abbr> of its health!)</small><br></div><div class="battle-history"><small>The opposing Alakazam is paralyzed! It may be unable to move!</small><br></div><div class="spacer battle-history"><br></div><div class="battle-history"><small>Zapdos restored a little HP using its Leftovers!</small><br></div><div class="spacer battle-history"><br></div><h2 class="battle-history">Turn 37</h2><div class="spacer battle-history"><br></div><div class="battle-history">Zapdos, come back!<br></div><div class="battle-history">Go! Greninja (<strong>Greninja-Ash</strong>)!<br></div><div class="spacer battle-history"><br></div><div class="battle-history">The opposing Alakazam used <strong>Psychic</strong>!<br></div><div class="battle-history"><small>It doesn't affect Greninja...</small><br></div><div class="spacer battle-history"><br></div><h2 class="battle-history">Turn 38</h2><div class="chat chatmessage-hicronomatopeya"><strong style="color:hsl(191,88%,41.54812140056417%)"><small>☆</small><span class="username" data-name="Hicronomatopeya">Hicronomatopeya</span>:</strong> <em>En serio??</em></div><div class="chat chatmessage-hicronomatopeya"><strong style="color:hsl(191,88%,41.54812140056417%)"><small>☆</small><span class="username" data-name="Hicronomatopeya">Hicronomatopeya</span>:</strong> <em>Un para ahra no se cuantos flinch</em></div><div class="chat chatmessage-camilacruz"><strong style="color:hsl(107,48%,44.819126939248115%)"><small>☆</small><span class="username" data-name="Camila Cruz♥">Camila Cruz♥</span>:</strong> <em>Sorry</em></div><div class="chat chatmessage-camilacruz"><strong style="color:hsl(107,48%,44.819126939248115%)"><small>☆</small><span class="username" data-name="Camila Cruz♥">Camila Cruz♥</span>:</strong> <em>aunque hawlucha podia ganar pero la cague dejando morir a bulu</em></div><div class="chat chatmessage-camilacruz"><strong style="color:hsl(107,48%,44.819126939248115%)"><small>☆</small><span class="username" data-name="Camila Cruz♥">Camila Cruz♥</span>:</strong> <em>xD</em></div><div class="chat chatmessage-hicronomatopeya"><strong style="color:hsl(191,88%,41.54812140056417%)"><small>☆</small><span class="username" data-name="Hicronomatopeya">Hicronomatopeya</span>:</strong> <em>Pero eso no es Hax</em></div><div class="spacer battle-history"><br></div><div class="battle-history">Hicronomatopeya withdrew Alakazam!<br></div><div class="battle-history">Hicronomatopeya sent out <strong>Amoonguss</strong>!<br></div><div class="battle-history"><small>Pointed stones dug into the opposing Amoonguss!</small><br></div><div class="spacer battle-history"><br></div><div class="battle-history">Greninja used <strong>Dark Pulse</strong>!<br></div><div class="battle-history"><small>(The opposing Amoonguss lost <abbr title="−144/431">33.4%</abbr> of its health!)</small><br></div><div class="spacer battle-history"><br></div><h2 class="battle-history">Turn 39</h2><div class="spacer battle-history"><br></div><div class="battle-history">Greninja used <strong>Dark Pulse</strong>!<br></div><div class="battle-history"><small>(The opposing Amoonguss lost <abbr title="−53/431">12.3%</abbr> of its health!)</small><br></div><div class="spacer battle-history"><br></div><div class="battle-history">The opposing Amoonguss fainted!<br></div><div class="spacer battle-history"><br></div><div class="battle-history"><small>The weirdness disappeared from the battlefield!</small><br></div><div class="spacer battle-history"><br></div><div class="battle-history">Hicronomatopeya sent out Landorus (<strong>Landorus-Therian</strong>)!<br></div><div class="battle-history"><small>Pointed stones dug into the opposing Landorus!</small><br></div><div class="battle-history"><small>[The opposing Landorus's Intimidate]</small><br></div><div class="battle-history"><small>Greninja's Attack fell!</small><br></div><div class="spacer battle-history"><br></div><h2 class="battle-history">Turn 40</h2><div class="spacer battle-history"><br></div><div class="battle-history">Greninja, come back!<br></div><div class="battle-history">Go! <strong>Zapdos</strong>!<br></div><div class="battle-history"><small>[Zapdos's Pressure]</small><br><small>Zapdos is exerting its pressure!</small><br></div><div class="spacer battle-history"><br></div><div class="battle-history">The opposing Landorus used <strong>U-turn</strong>!<br></div><div class="battle-history"><small>It's not very effective...</small><br></div><div class="battle-history"><small>(Zapdos lost <abbr title="−36/383">9.4%</abbr> of its health!)</small><br></div><div class="spacer battle-history"><br></div><div class="battle-history">The opposing Landorus went back to Hicronomatopeya!<br></div><div class="battle-history">Hicronomatopeya sent out Alakazam (<strong>Alakazam-Mega</strong>)!<br></div><div class="battle-history"><small>Pointed stones dug into the opposing Alakazam!</small><br></div><div class="battle-history"><small>[The opposing Alakazam's Trace]</small><br><small>[The opposing Alakazam's Pressure]</small><br><small>The opposing Alakazam traced Zapdos's Pressure!</small><br></div><div class="battle-history"><small>[The opposing Alakazam's Pressure]</small><br><small>The opposing Alakazam is exerting its pressure!</small><br></div><div class="spacer battle-history"><br></div><div class="battle-history"><small>Zapdos restored a little HP using its Leftovers!</small><br></div><div class="spacer battle-history"><br></div><h2 class="battle-history">Turn 41</h2><div class="spacer battle-history"><br></div><div class="battle-history">Zapdos used <strong>Discharge</strong>!<br></div><div class="battle-history"><small>(The opposing Alakazam lost <abbr title="−111/251">44.2%</abbr> of its health!)</small><br></div><div class="spacer battle-history"><br></div><div class="battle-history">The opposing Alakazam used <strong>Focus Blast</strong>!<br></div><div class="battle-history"><small>It's not very effective...</small><br></div><div class="battle-history"><small>(Zapdos lost <abbr title="−99/383">25.8%</abbr> of its health!)</small><br></div><div class="spacer battle-history"><br></div><div class="battle-history"><small>Zapdos restored a little HP using its Leftovers!</small><br></div><div class="spacer battle-history"><br></div><h2 class="battle-history">Turn 42</h2><div class="spacer battle-history"><br></div><div class="battle-history"><small>Hicronomatopeya se rindió.</small><br></div><div class="spacer battle-history"><br></div><div class="battle-history"><strong>Camila Cruz♥</strong> won the battle!<br></div></div><div class="inner-preempt"></div></div></div>
</div>
<script>
let daily = Math.floor(Date.now()/1000/60/60/24);document.write('<script src="https://play.pokemonshowdown.com/js/replay-embed.js?version'+daily+'"></'+'script>');
</script>
