<!DOCTYPE html>
<meta charset="utf-8" />
<!-- version 1 -->
<title>OU replay: guacaran vs. Just4Funn2♕</title>
<style>
html,body {font-family:Verdana, sans-serif;font-size:10pt;margin:0;padding:0;}body{padding:12px 0;} .battle-log {font-family:Verdana, sans-serif;font-size:10pt;} .battle-log-inline {border:1px solid #AAAAAA;background:#EEF2F5;color:black;max-width:640px;margin:0 auto 80px;padding-bottom:5px;} .battle-log .inner {padding:4px 8px 0px 8px;} .battle-log .inner-preempt {padding:0 8px 4px 8px;} .battle-log .inner-after {margin-top:0.5em;} .battle-log h2 {margin:0.5em -8px;padding:4px 8px;border:1px solid #AAAAAA;background:#E0E7EA;border-left:0;border-right:0;font-family:Verdana, sans-serif;font-size:13pt;} .battle-log .chat {vertical-align:middle;padding:3px 0 3px 0;font-size:8pt;} .battle-log .chat strong {color:#40576A;} .battle-log .chat em {padding:1px 4px 1px 3px;color:#000000;font-style:normal;} .chat.mine {background:rgba(0,0,0,0.05);margin-left:-8px;margin-right:-8px;padding-left:8px;padding-right:8px;} .spoiler {color:#BBBBBB;background:#BBBBBB;padding:0px 3px;} .spoiler:hover, .spoiler:active, .spoiler-shown {color:#000000;background:#E2E2E2;padding:0px 3px;} .spoiler a {color:#BBBBBB;} .spoiler:hover a, .spoiler:active a, .spoiler-shown a {color:#2288CC;} .chat code, .chat .spoiler:hover code, .chat .spoiler:active code, .chat .spoiler-shown code {border:1px solid #C0C0C0;background:#EEEEEE;color:black;padding:0 2px;} .chat .spoiler code {border:1px solid #CCCCCC;background:#CCCCCC;color:#CCCCCC;} .battle-log .rated {padding:3px 4px;} .battle-log .rated strong {color:white;background:#89A;padding:1px 4px;border-radius:4px;} .spacer {margin-top:0.5em;} .message-announce {background:#6688AA;color:white;padding:1px 4px 2px;} .message-announce a, .broadcast-green a, .broadcast-blue a, .broadcast-red a {color:#DDEEFF;} .broadcast-green {background-color:#559955;color:white;padding:2px 4px;} .broadcast-blue {background-color:#6688AA;color:white;padding:2px 4px;} .infobox {border:1px solid #6688AA;padding:2px 4px;} .infobox-limited {max-height:200px;overflow:auto;overflow-x:hidden;} .broadcast-red {background-color:#AA5544;color:white;padding:2px 4px;} .message-learn-canlearn {font-weight:bold;color:#228822;text-decoration:underline;} .message-learn-cannotlearn {font-weight:bold;color:#CC2222;text-decoration:underline;} .message-effect-weak {font-weight:bold;color:#CC2222;} .message-effect-resist {font-weight:bold;color:#6688AA;} .message-effect-immune {font-weight:bold;color:#666666;} .message-learn-list {margin-top:0;margin-bottom:0;} .message-throttle-notice, .message-error {color:#992222;} .message-overflow, .chat small.message-overflow {font-size:0pt;} .message-overflow::before {font-size:9pt;content:'...';} .subtle {color:#3A4A66;}
</style>
<div class="wrapper replay-wrapper" style="max-width:1180px;margin:0 auto">
<input type="hidden" name="replayid" value="destiny-ou-461381" />
<div class="battle"></div><div class="battle-log"></div><div class="replay-controls"></div><div class="replay-controls-2"></div>
<h1 style="font-weight:normal;text-align:center"><strong>OU</strong><br /><a href="http://pokemonshowdown.com/users/guacaran" class="subtle" target="_blank">guacaran</a> vs. <a href="http://pokemonshowdown.com/users/just4funn2" class="subtle" target="_blank">Just4Funn2♕</a></h1>
<script type="text/plain" class="battle-log-data">|player|p1|guacaran|guacaran.gif?d015201f
|teamsize|p1|6
|player|p2|Just4Funn2♕|122
|teamsize|p2|6
|teamsize|p1|6
|teamsize|p2|6
|gametype|singles
|gen|7
|tier|OU
|rated
|seed|44138,38694,59928,2135
|rule|Cláusula-Mod de Dormir: solo puedes dormir a uno de tus oponentes a la vez.
|rule|Cláusula de Especie: Hasta un Pokémon de cada especie
|rule|Cláusula de Golpe Fulminante: los movimientos fulminantes (OHKO) estan prohibidos
|rule|Cláusula de Veleta: la habilidad Veleta está prohibida
|rule|Cláusula de Movimientos Evasivos: los movimientos de Evasión están prohibidos.
|rule|Cláusula de Batallas Eternas: forzar batallas eternas está prohibido
|clearpoke
|poke|p1|Zeraora|item
|poke|p1|Ferrothorn, F|item
|poke|p1|Greninja, M|item
|poke|p1|Zapdos|item
|poke|p1|Toxapex, M|item
|poke|p1|Lopunny, M|item
|poke|p2|Medicham, M|item
|poke|p2|Tapu Koko|item
|poke|p2|Garchomp, F|item
|poke|p2|Landorus-Therian, M|item
|poke|p2|Heatran, M|item
|poke|p2|Tapu Fini|item
|teampreview|undefined
|choice|*team 213456|*
|choice|*team 123456|*
|choice|*|*team 523416
|choice|team 1, 2, 3, 4, 5, 6|team 5, 2, 3, 4, 1, 6
|
|start
|switch|p1a: Zeraora|Zeraora|317\/317
|switch|p2a: Heatran|Heatran, M|323\/323
|turn|1
|choice|*move 1|*
|choice|*|*switch 4
|choice|move workup|switch 4
|
|switch|p2a: Landorus|Landorus-Therian, M|319\/319
|-ability|p2a: Landorus|Intimidate|boost
|-unboost|p1a: Zeraora|atk|1
|move|p1a: Zeraora|Work Up|p1a: Zeraora
|-boost|p1a: Zeraora|atk|1
|-boost|p1a: Zeraora|spa|1
|
|upkeep
|turn|2
|choice|*|*move 1
|choice|*move 2|*
|choice|move hiddenpower|move earthquake
|
|move|p1a: Zeraora|Hidden Power|p2a: Landorus
|-supereffective|p2a: Landorus
|-damage|p2a: Landorus|0 fnt
|faint|p2a: Landorus
|
|upkeep
|choice|*|*switch 4
|choice||switch 4
|
|switch|p2a: Heatran|Heatran, M|323\/323
|turn|3
|choice|*|*move 3
|choice|*move 3|*
|choice|move closecombat|move earthpower
|
|move|p2a: Heatran|Earth Power|p1a: Zeraora
|-supereffective|p1a: Zeraora
|-damage|p1a: Zeraora|47\/317
|move|p1a: Zeraora|Close Combat|p2a: Heatran
|-supereffective|p2a: Heatran
|-damage|p2a: Heatran|81\/323
|-unboost|p1a: Zeraora|def|1
|-unboost|p1a: Zeraora|spd|1
|
|upkeep
|turn|4
|choice|*|*switch 2
|choice|*switch 2|*
|choice|switch 2|switch 2
|
|switch|p2a: Tapu Koko|Tapu Koko|281\/281
|-fieldstart|move: Electric Terrain|[from] ability: Electric Surge|[of] p2a: Tapu Koko
|switch|p1a: Ferrothorn|Ferrothorn, F|352\/352
|
|upkeep
|turn|5
|choice|*|*move 2
|choice|*move 2|*
|choice|move leechseed|move voltswitch
|
|move|p2a: Tapu Koko|Volt Switch|p1a: Ferrothorn
|-resisted|p1a: Ferrothorn
|-damage|p1a: Ferrothorn|280\/352
|choice|*|*switch 2
|choice||switch 2
|
|switch|p2a: Heatran|Heatran, M|81\/323|[from]move: Volt Switch
|move|p1a: Ferrothorn|Leech Seed|p2a: Heatran
|-start|p2a: Heatran|move: Leech Seed
|
|-damage|p2a: Heatran|41\/323|[from] Leech Seed|[of] p1a: Ferrothorn
|-heal|p1a: Ferrothorn|320\/352|[silent]
|upkeep
|turn|6
|choice|*|*switch 6
|choice|*move 4|*
|choice|*|*move 1
|choice|move protect|move lavaplume
|
|move|p1a: Ferrothorn|Protect|p1a: Ferrothorn
|-singleturn|p1a: Ferrothorn|Protect
|move|p2a: Heatran|Lava Plume|p1a: Ferrothorn
|-activate|p1a: Ferrothorn|move: Protect
|
|-damage|p2a: Heatran|1\/323|[from] Leech Seed|[of] p1a: Ferrothorn
|-heal|p1a: Ferrothorn|352\/352|[silent]
|upkeep
|turn|7
|choice|*|*move 1
|choice|*move 1|*
|choice|move stealthrock|move lavaplume
|
|move|p2a: Heatran|Lava Plume|p1a: Ferrothorn
|-supereffective|p1a: Ferrothorn
|-damage|p1a: Ferrothorn|0 fnt
|faint|p1a: Ferrothorn
|
|upkeep
|c|☆guacaran|k
|choice|*switch 3|*
|choice|switch 3|
|
|switch|p1a: Greninja|Greninja, M|285\/285
|turn|8
|choice|*move 4|*
|choice|*|*switch 5
|choice|move uturn|switch 5
|
|switch|p2a: Medicham|Medicham, M|261\/261
|move|p1a: Greninja|U-turn|p2a: Medicham
|-damage|p2a: Medicham|198\/261
|choice|*switch 4|*
|choice|switch 4|
|
|switch|p1a: Zapdos|Zapdos|383\/383|[from]move: U-turn
|-ability|p1a: Zapdos|Pressure
|
|-fieldend|move: Electric Terrain
|upkeep
|turn|9
|choice|*move 1|*
|choice|*|*move 4 mega
|choice|move discharge|move fakeout mega
|
|-mega|p2a: Medicham|Medicham|Medichamite
|detailschange|p2a: Medicham|Medicham-Mega, M
|move|p2a: Medicham|Fake Out|p1a: Zapdos
|-damage|p1a: Zapdos|310\/383
|cant|p1a: Zapdos|flinch
|
|-heal|p1a: Zapdos|333\/383|[from] item: Leftovers
|upkeep
|turn|10
|choice|*move 1|*
|choice|*|*move 3
|choice|move discharge|move icepunch
|
|move|p2a: Medicham|Ice Punch|p1a: Zapdos
|-supereffective|p1a: Zapdos
|-damage|p1a: Zapdos|63\/383
|move|p1a: Zapdos|Discharge|p2a: Medicham
|-damage|p2a: Medicham|60\/261
|
|-heal|p1a: Zapdos|86\/383|[from] item: Leftovers
|upkeep
|turn|11
|choice|*|*move 2
|choice|*move 3|*
|choice|move roost|move zenheadbutt
|
|move|p2a: Medicham|Zen Headbutt|p1a: Zapdos
|-damage|p1a: Zapdos|0 fnt
|faint|p1a: Zapdos
|
|upkeep
|choice|*switch 4|*
|choice|switch 4|
|
|switch|p1a: Greninja|Greninja, M|285\/285
|turn|12
|choice|*move 4|*
|choice|*|*switch 6
|choice|move uturn|switch 6
|
|switch|p2a: Tapu Fini|Tapu Fini|343\/343
|-fieldstart|move: Misty Terrain|[from] ability: Misty Surge|[of] p2a: Tapu Fini
|move|p1a: Greninja|U-turn|p2a: Tapu Fini
|-resisted|p2a: Tapu Fini
|-damage|p2a: Tapu Fini|320\/343
|choice|*switch 2|*
|choice|switch 2|
|
|switch|p1a: Zeraora|Zeraora|47\/317|[from]move: U-turn
|
|-heal|p2a: Tapu Fini|341\/343|[from] item: Leftovers
|upkeep
|turn|13
|choice|*move 4|*
|choice|*|*move 2
|choice|move plasmafists|move scald
|
|move|p1a: Zeraora|Plasma Fists|p2a: Tapu Fini
|-supereffective|p2a: Tapu Fini
|-damage|p2a: Tapu Fini|81\/343
|-fieldactivate|move: Ion Deluge
|move|p2a: Tapu Fini|Scald|p1a: Zeraora
|-damage|p1a: Zeraora|0 fnt
|faint|p1a: Zeraora
|
|-heal|p2a: Tapu Fini|102\/343|[from] item: Leftovers
|upkeep
|choice|*switch 5|*
|choice|switch 5|
|
|switch|p1a: Toxapex|Toxapex, M|303\/303
|turn|14
|choice|*move 4|*
|choice|*|*move 3
|choice|move toxicspikes|move taunt
|
|move|p2a: Tapu Fini|Taunt|p1a: Toxapex
|-start|p1a: Toxapex|move: Taunt
|cant|p1a: Toxapex|move: Taunt|Toxic Spikes
|
|-heal|p2a: Tapu Fini|123\/343|[from] item: Leftovers
|upkeep
|turn|15
|choice|*|*move 2
|choice|*move 1|*
|choice|move scald|move scald
|
|move|p2a: Tapu Fini|Scald|p1a: Toxapex
|-resisted|p1a: Toxapex
|-damage|p1a: Toxapex|276\/303
|move|p1a: Toxapex|Scald|p2a: Tapu Fini
|-resisted|p2a: Tapu Fini
|-damage|p2a: Tapu Fini|105\/343
|
|-heal|p2a: Tapu Fini|126\/343|[from] item: Leftovers
|-heal|p1a: Toxapex|294\/303|[from] item: Black Sludge
|upkeep
|turn|16
|choice|*move 1|*
|choice|*|*move 2
|choice|move scald|move scald
|
|move|p2a: Tapu Fini|Scald|p1a: Toxapex
|-resisted|p1a: Toxapex
|-damage|p1a: Toxapex|269\/303
|move|p1a: Toxapex|Scald|p2a: Tapu Fini
|-resisted|p2a: Tapu Fini
|-damage|p2a: Tapu Fini|106\/343
|
|-heal|p2a: Tapu Fini|127\/343|[from] item: Leftovers
|-heal|p1a: Toxapex|287\/303|[from] item: Black Sludge
|-end|p1a: Toxapex|move: Taunt
|-fieldend|Misty Terrain
|upkeep
|turn|17
|choice|*|*move 3
|choice|*move 1|*
|choice|move scald|move taunt
|
|move|p2a: Tapu Fini|Taunt|p1a: Toxapex
|-start|p1a: Toxapex|move: Taunt
|move|p1a: Toxapex|Scald|p2a: Tapu Fini
|-resisted|p2a: Tapu Fini
|-damage|p2a: Tapu Fini|106\/343
|
|-heal|p2a: Tapu Fini|127\/343|[from] item: Leftovers
|-heal|p1a: Toxapex|303\/303|[from] item: Black Sludge
|upkeep
|turn|18
|choice|*move 1|*
|choice|*|*move 2
|choice|move scald|move scald
|
|move|p2a: Tapu Fini|Scald|p1a: Toxapex
|-resisted|p1a: Toxapex
|-damage|p1a: Toxapex|276\/303
|move|p1a: Toxapex|Scald|p2a: Tapu Fini
|-resisted|p2a: Tapu Fini
|-damage|p2a: Tapu Fini|107\/343
|-status|p2a: Tapu Fini|brn
|
|-heal|p2a: Tapu Fini|128\/343 brn|[from] item: Leftovers
|-heal|p1a: Toxapex|294\/303|[from] item: Black Sludge
|-damage|p2a: Tapu Fini|107\/343 brn|[from] brn
|upkeep
|turn|19
|choice|*move 1|*
|choice|*|*move 2
|choice|move scald|move scald
|
|move|p2a: Tapu Fini|Scald|p1a: Toxapex
|-resisted|p1a: Toxapex
|-damage|p1a: Toxapex|267\/303
|move|p1a: Toxapex|Scald|p2a: Tapu Fini
|-resisted|p2a: Tapu Fini
|-damage|p2a: Tapu Fini|87\/343 brn
|
|-heal|p2a: Tapu Fini|108\/343 brn|[from] item: Leftovers
|-heal|p1a: Toxapex|285\/303|[from] item: Black Sludge
|-damage|p2a: Tapu Fini|87\/343 brn|[from] brn
|-end|p1a: Toxapex|move: Taunt
|upkeep
|turn|20
|choice|*|*move 3
|choice|*switch 6|*
|choice|switch 6|move taunt
|
|switch|p1a: Lopunny|Lopunny, M|271\/271
|move|p2a: Tapu Fini|Taunt|p1a: Lopunny
|-start|p1a: Lopunny|move: Taunt
|
|-heal|p2a: Tapu Fini|108\/343 brn|[from] item: Leftovers
|-damage|p2a: Tapu Fini|87\/343 brn|[from] brn
|upkeep
|turn|21
|choice|*|*move 2
|choice|*move 1 mega|*
|choice|move return mega|move scald
|
|-mega|p1a: Lopunny|Lopunny|Lopunnite
|detailschange|p1a: Lopunny|Lopunny-Mega, M
|move|p1a: Lopunny|Return|p2a: Tapu Fini
|-damage|p2a: Tapu Fini|0 fnt
|faint|p2a: Tapu Fini
|
|upkeep
|choice|*|*switch 5
|choice||switch 5
|
|switch|p2a: Heatran|Heatran, M|1\/323
|turn|22
|choice|*|*move 1
|choice|*move 3|*
|choice|move poweruppunch|move lavaplume
|
|move|p2a: Heatran|Lava Plume|p1a: Lopunny
|-damage|p1a: Lopunny|120\/271
|move|p1a: Lopunny|Power-Up Punch|p2a: Heatran
|-supereffective|p2a: Heatran
|-damage|p2a: Heatran|0 fnt
|-boost|p1a: Lopunny|atk|1
|faint|p2a: Heatran
|
|-end|p1a: Lopunny|move: Taunt
|upkeep
|choice|*|*switch 6
|choice||switch 6
|
|switch|p2a: Medicham|Medicham-Mega, M|60\/261
|turn|23
|choice|*|*move 4
|choice|*move 1|*
|choice|move return|move fakeout
|
|move|p2a: Medicham|Fake Out|p1a: Lopunny
|-damage|p1a: Lopunny|33\/271
|cant|p1a: Lopunny|flinch
|
|upkeep
|turn|24
|choice|*|*switch 3
|choice|*move 4|*
|choice|move icepunch|switch 3
|
|switch|p2a: Garchomp|Garchomp, F|405\/405
|move|p1a: Lopunny|Ice Punch|p2a: Garchomp
|-supereffective|p2a: Garchomp
|-damage|p2a: Garchomp|0 fnt
|-damage|p1a: Lopunny|0 fnt|[from] ability: Rough Skin|[of] p2a: Garchomp
|faint|p2a: Garchomp
|faint|p1a: Lopunny
|
|upkeep
|choice|*|*switch 2
|choice|*switch 2|*
|choice|switch 2|switch 2
|
|switch|p1a: Greninja|Greninja, M|285\/285
|switch|p2a: Tapu Koko|Tapu Koko|281\/281
|-fieldstart|move: Electric Terrain|[from] ability: Electric Surge|[of] p2a: Tapu Koko
|turn|25
|choice|*|*move 3
|choice|*move 3|*
|choice|move watershuriken|move thunderbolt
|
|move|p1a: Greninja|Water Shuriken|p2a: Tapu Koko
|-damage|p2a: Tapu Koko|241\/281
|-damage|p2a: Tapu Koko|199\/281
|-hitcount|p2a: Tapu Koko|2
|move|p2a: Tapu Koko|Thunderbolt|p1a: Greninja
|-supereffective|p1a: Greninja
|-damage|p1a: Greninja|0 fnt
|faint|p1a: Greninja
|
|upkeep
|choice|*switch 6|*
|choice|switch 6|
|
|switch|p1a: Toxapex|Toxapex, M|303\/303
|turn|26
|choice|*move 1|*
|choice|*|*move 3
|choice|move scald|move thunderbolt
|
|move|p2a: Tapu Koko|Thunderbolt|p1a: Toxapex
|-supereffective|p1a: Toxapex
|-damage|p1a: Toxapex|0 fnt
|faint|p1a: Toxapex
|
|win|Just4Funn2♕
Just4Funn2♕ ha ganado 5.5 PokeDolares.
|raw|Puntaje de guacaran: 1237 &rarr; <strong>1220<\/strong><br \/>(-17 por perder)
|raw|Puntaje de Just4Funn2♕: 1345 &rarr; <strong>1362<\/strong><br \/>(+17 por ganar)
</script>
</div>
<div class="battle-log battle-log-inline"><div class="inner"><div class="battle-options"></div><div class="inner"><div class=""><small>Format:</small> <br><strong>OU</strong></div><div class="rated"><strong>Rated battle</strong></div><div class=""><small><em>Cláusula-Mod de Dormir:</em> solo puedes dormir a uno de tus oponentes a la vez.</small></div><div class=""><small><em>Cláusula de Especie:</em> Hasta un Pokémon de cada especie</small></div><div class=""><small><em>Cláusula de Golpe Fulminante:</em> los movimientos fulminantes (OHKO) estan prohibidos</small></div><div class=""><small><em>Cláusula de Veleta:</em> la habilidad Veleta está prohibida</small></div><div class=""><small><em>Cláusula de Movimientos Evasivos:</em> los movimientos de Evasión están prohibidos.</small></div><div class=""><small><em>Cláusula de Batallas Eternas:</em> forzar batallas eternas está prohibido</small></div><div class="chat battle-history"><strong>guacaran's team:</strong> <em style="color:#445566;display:block;">Zeraora / Ferrothorn / Greninja / Zapdos / Toxapex / Lopunny</em></div><div class="chat battle-history"><strong>Just4Funn2♕'s team:</strong> <em style="color:#445566;display:block;">Medicham / Tapu Koko / Garchomp / Landorus-Therian / Heatran / Tapu Fini</em></div><div class="spacer battle-history"><br></div><div class="battle-history">Battle started between guacaran and Just4Funn2♕!<br></div><div class="spacer battle-history"><br></div><div class="battle-history">Go! <strong>Zeraora</strong>!<br></div><div class="spacer battle-history"><br></div><div class="battle-history">Just4Funn2♕ sent out <strong>Heatran</strong>!<br></div><div class="spacer battle-history"><br></div><h2 class="battle-history">Turn 1</h2><div class="spacer battle-history"><br></div><div class="battle-history">Just4Funn2♕ withdrew Heatran!<br></div><div class="battle-history">Just4Funn2♕ sent out Landorus (<strong>Landorus-Therian</strong>)!<br></div><div class="battle-history"><small>[The opposing Landorus's Intimidate]</small><br></div><div class="battle-history"><small>Zeraora's Attack fell!</small><br></div><div class="spacer battle-history"><br></div><div class="battle-history">Zeraora used <strong>Work Up</strong>!<br></div><div class="battle-history"><small>Zeraora's Attack rose!</small><br></div><div class="battle-history"><small>Zeraora's Special Attack rose!</small><br></div><div class="spacer battle-history"><br></div><h2 class="battle-history">Turn 2</h2><div class="spacer battle-history"><br></div><div class="battle-history">Zeraora used <strong>Hidden Power</strong>!<br></div><div class="battle-history"><small>It's super effective!</small><br></div><div class="battle-history"><small>(The opposing Landorus lost <abbr title="−319/319">100%</abbr> of its health!)</small><br></div><div class="spacer battle-history"><br></div><div class="battle-history">The opposing Landorus fainted!<br></div><div class="spacer battle-history"><br></div><div class="battle-history">Just4Funn2♕ sent out <strong>Heatran</strong>!<br></div><div class="spacer battle-history"><br></div><h2 class="battle-history">Turn 3</h2><div class="spacer battle-history"><br></div><div class="battle-history">The opposing Heatran used <strong>Earth Power</strong>!<br></div><div class="battle-history"><small>It's super effective!</small><br></div><div class="battle-history"><small>(Zeraora lost <abbr title="−270/317">85.2%</abbr> of its health!)</small><br></div><div class="spacer battle-history"><br></div><div class="battle-history">Zeraora used <strong>Close Combat</strong>!<br></div><div class="battle-history"><small>It's super effective!</small><br></div><div class="battle-history"><small>(The opposing Heatran lost <abbr title="−242/323">74.9%</abbr> of its health!)</small><br></div><div class="battle-history"><small>Zeraora's Defense fell!</small><br></div><div class="battle-history"><small>Zeraora's Special Defense fell!</small><br></div><div class="spacer battle-history"><br></div><h2 class="battle-history">Turn 4</h2><div class="spacer battle-history"><br></div><div class="battle-history">Just4Funn2♕ withdrew Heatran!<br></div><div class="battle-history">Just4Funn2♕ sent out <strong>Tapu Koko</strong>!<br></div><div class="battle-history"><small>[The opposing Tapu Koko's Electric Surge]</small><br><small>An electric current runs across the battlefield!</small><br></div><div class="spacer battle-history"><br></div><div class="battle-history">Zeraora, come back!<br></div><div class="battle-history">Go! <strong>Ferrothorn</strong>!<br></div><div class="spacer battle-history"><br></div><h2 class="battle-history">Turn 5</h2><div class="spacer battle-history"><br></div><div class="battle-history">The opposing Tapu Koko used <strong>Volt Switch</strong>!<br></div><div class="battle-history"><small>It's not very effective...</small><br></div><div class="battle-history"><small>(Ferrothorn lost <abbr title="−72/352">20.5%</abbr> of its health!)</small><br></div><div class="spacer battle-history"><br></div><div class="battle-history">The opposing Tapu Koko went back to Just4Funn2♕!<br></div><div class="battle-history">Just4Funn2♕ sent out <strong>Heatran</strong>!<br></div><div class="spacer battle-history"><br></div><div class="battle-history">Ferrothorn used <strong>Leech Seed</strong>!<br></div><div class="battle-history"><small>The opposing Heatran was seeded!</small><br></div><div class="spacer battle-history"><br></div><div class="battle-history"><small>The opposing Heatran's health is sapped by Leech Seed!</small><br></div><div class="spacer battle-history"><br></div><h2 class="battle-history">Turn 6</h2><div class="spacer battle-history"><br></div><div class="battle-history">Ferrothorn used <strong>Protect</strong>!<br></div><div class="battle-history"><small>Ferrothorn protected itself!</small><br></div><div class="spacer battle-history"><br></div><div class="battle-history">The opposing Heatran used <strong>Lava Plume</strong>!<br></div><div class="battle-history"><small>Ferrothorn protected itself!</small><br></div><div class="spacer battle-history"><br></div><div class="battle-history"><small>The opposing Heatran's health is sapped by Leech Seed!</small><br></div><div class="spacer battle-history"><br></div><h2 class="battle-history">Turn 7</h2><div class="spacer battle-history"><br></div><div class="battle-history">The opposing Heatran used <strong>Lava Plume</strong>!<br></div><div class="battle-history"><small>It's super effective!</small><br></div><div class="battle-history"><small>(Ferrothorn lost <abbr title="−352/352">100%</abbr> of its health!)</small><br></div><div class="spacer battle-history"><br></div><div class="battle-history">Ferrothorn fainted!<br></div><div class="chat chatmessage-guacaran"><strong style="color:hsl(274,41%,54.147333880945276%)"><small>☆</small><span class="username" data-name="guacaran">guacaran</span>:</strong> <em>k</em></div><div class="spacer battle-history"><br></div><div class="battle-history">Go! <strong>Greninja</strong>!<br></div><div class="spacer battle-history"><br></div><h2 class="battle-history">Turn 8</h2><div class="spacer battle-history"><br></div><div class="battle-history">Just4Funn2♕ withdrew Heatran!<br></div><div class="battle-history">Just4Funn2♕ sent out <strong>Medicham</strong>!<br></div><div class="spacer battle-history"><br></div><div class="battle-history">Greninja used <strong>U-turn</strong>!<br></div><div class="battle-history"><small>(The opposing Medicham lost <abbr title="−63/261">24.1%</abbr> of its health!)</small><br></div><div class="spacer battle-history"><br></div><div class="battle-history">Greninja went back to guacaran!<br></div><div class="battle-history">Go! <strong>Zapdos</strong>!<br></div><div class="battle-history"><small>[Zapdos's Pressure]</small><br><small>Zapdos is exerting its pressure!</small><br></div><div class="spacer battle-history"><br></div><div class="battle-history"><small>The electricity disappeared from the battlefield.</small><br></div><div class="spacer battle-history"><br></div><h2 class="battle-history">Turn 9</h2><div class="spacer battle-history"><br></div><div class="battle-history"><small>The opposing Medicham's Medichamite is reacting to the Key Stone!</small><br>The opposing Medicham has Mega Evolved into Mega Medicham!<br></div><div class="spacer battle-history"><br></div><div class="battle-history">The opposing Medicham used <strong>Fake Out</strong>!<br></div><div class="battle-history"><small>(Zapdos lost <abbr title="−73/383">19.1%</abbr> of its health!)</small><br></div><div class="spacer battle-history"><br></div><div class="battle-history">Zapdos flinched and couldn't move!<br></div><div class="spacer battle-history"><br></div><div class="battle-history"><small>Zapdos restored a little HP using its Leftovers!</small><br></div><div class="spacer battle-history"><br></div><h2 class="battle-history">Turn 10</h2><div class="spacer battle-history"><br></div><div class="battle-history">The opposing Medicham used <strong>Ice Punch</strong>!<br></div><div class="battle-history"><small>It's super effective!</small><br></div><div class="battle-history"><small>(Zapdos lost <abbr title="−270/383">70.5%</abbr> of its health!)</small><br></div><div class="spacer battle-history"><br></div><div class="battle-history">Zapdos used <strong>Discharge</strong>!<br></div><div class="battle-history"><small>(The opposing Medicham lost <abbr title="−138/261">52.9%</abbr> of its health!)</small><br></div><div class="spacer battle-history"><br></div><div class="battle-history"><small>Zapdos restored a little HP using its Leftovers!</small><br></div><div class="spacer battle-history"><br></div><h2 class="battle-history">Turn 11</h2><div class="spacer battle-history"><br></div><div class="battle-history">The opposing Medicham used <strong>Zen Headbutt</strong>!<br></div><div class="battle-history"><small>(Zapdos lost <abbr title="−86/383">22.5%</abbr> of its health!)</small><br></div><div class="spacer battle-history"><br></div><div class="battle-history">Zapdos fainted!<br></div><div class="spacer battle-history"><br></div><div class="battle-history">Go! <strong>Greninja</strong>!<br></div><div class="spacer battle-history"><br></div><h2 class="battle-history">Turn 12</h2><div class="spacer battle-history"><br></div><div class="battle-history">Just4Funn2♕ withdrew Medicham!<br></div><div class="battle-history">Just4Funn2♕ sent out <strong>Tapu Fini</strong>!<br></div><div class="battle-history"><small>[The opposing Tapu Fini's Misty Surge]</small><br><small>Mist swirls around the battlefield!</small><br></div><div class="spacer battle-history"><br></div><div class="battle-history">Greninja used <strong>U-turn</strong>!<br></div><div class="battle-history"><small>It's not very effective...</small><br></div><div class="battle-history"><small>(The opposing Tapu Fini lost <abbr title="−23/343">6.7%</abbr> of its health!)</small><br></div><div class="spacer battle-history"><br></div><div class="battle-history">Greninja went back to guacaran!<br></div><div class="battle-history">Go! <strong>Zeraora</strong>!<br></div><div class="spacer battle-history"><br></div><div class="battle-history"><small>The opposing Tapu Fini restored a little HP using its Leftovers!</small><br></div><div class="spacer battle-history"><br></div><h2 class="battle-history">Turn 13</h2><div class="spacer battle-history"><br></div><div class="battle-history">Zeraora used <strong>Plasma Fists</strong>!<br></div><div class="battle-history"><small>It's super effective!</small><br></div><div class="battle-history"><small>(The opposing Tapu Fini lost <abbr title="−260/343">75.8%</abbr> of its health!)</small><br></div><div class="battle-history"><small>A deluge of ions showers the battlefield!</small><br></div><div class="spacer battle-history"><br></div><div class="battle-history">The opposing Tapu Fini used <strong>Scald</strong>!<br></div><div class="battle-history"><small>(Zeraora lost <abbr title="−47/317">14.8%</abbr> of its health!)</small><br></div><div class="spacer battle-history"><br></div><div class="battle-history">Zeraora fainted!<br></div><div class="spacer battle-history"><br></div><div class="battle-history"><small>The opposing Tapu Fini restored a little HP using its Leftovers!</small><br></div><div class="spacer battle-history"><br></div><div class="battle-history">Go! <strong>Toxapex</strong>!<br></div><div class="spacer battle-history"><br></div><h2 class="battle-history">Turn 14</h2><div class="spacer battle-history"><br></div><div class="battle-history">The opposing Tapu Fini used <strong>Taunt</strong>!<br></div><div class="battle-history"><small>Toxapex fell for the taunt!</small><br></div><div class="spacer battle-history"><br></div><div class="battle-history">Toxapex can't use Toxic Spikes after the taunt!<br></div><div class="spacer battle-history"><br></div><div class="battle-history"><small>The opposing Tapu Fini restored a little HP using its Leftovers!</small><br></div><div class="spacer battle-history"><br></div><h2 class="battle-history">Turn 15</h2><div class="spacer battle-history"><br></div><div class="battle-history">The opposing Tapu Fini used <strong>Scald</strong>!<br></div><div class="battle-history"><small>It's not very effective...</small><br></div><div class="battle-history"><small>(Toxapex lost <abbr title="−27/303">8.9%</abbr> of its health!)</small><br></div><div class="spacer battle-history"><br></div><div class="battle-history">Toxapex used <strong>Scald</strong>!<br></div><div class="battle-history"><small>It's not very effective...</small><br></div><div class="battle-history"><small>(The opposing Tapu Fini lost <abbr title="−18/343">5.2%</abbr> of its health!)</small><br></div><div class="spacer battle-history"><br></div><div class="battle-history"><small>The opposing Tapu Fini restored a little HP using its Leftovers!</small><br></div><div class="battle-history"><small>Toxapex restored a little HP using its Black Sludge!</small><br></div><div class="spacer battle-history"><br></div><h2 class="battle-history">Turn 16</h2><div class="spacer battle-history"><br></div><div class="battle-history">The opposing Tapu Fini used <strong>Scald</strong>!<br></div><div class="battle-history"><small>It's not very effective...</small><br></div><div class="battle-history"><small>(Toxapex lost <abbr title="−25/303">8.3%</abbr> of its health!)</small><br></div><div class="spacer battle-history"><br></div><div class="battle-history">Toxapex used <strong>Scald</strong>!<br></div><div class="battle-history"><small>It's not very effective...</small><br></div><div class="battle-history"><small>(The opposing Tapu Fini lost <abbr title="−20/343">5.8%</abbr> of its health!)</small><br></div><div class="spacer battle-history"><br></div><div class="battle-history"><small>The opposing Tapu Fini restored a little HP using its Leftovers!</small><br></div><div class="battle-history"><small>Toxapex restored a little HP using its Black Sludge!</small><br></div><div class="battle-history"><small>Toxapex's taunt wore off!</small><br></div><div class="battle-history"><small>The mist disappeared from the battlefield.</small><br></div><div class="spacer battle-history"><br></div><h2 class="battle-history">Turn 17</h2><div class="spacer battle-history"><br></div><div class="battle-history">The opposing Tapu Fini used <strong>Taunt</strong>!<br></div><div class="battle-history"><small>Toxapex fell for the taunt!</small><br></div><div class="spacer battle-history"><br></div><div class="battle-history">Toxapex used <strong>Scald</strong>!<br></div><div class="battle-history"><small>It's not very effective...</small><br></div><div class="battle-history"><small>(The opposing Tapu Fini lost <abbr title="−21/343">6.1%</abbr> of its health!)</small><br></div><div class="spacer battle-history"><br></div><div class="battle-history"><small>The opposing Tapu Fini restored a little HP using its Leftovers!</small><br></div><div class="battle-history"><small>Toxapex restored a little HP using its Black Sludge!</small><br></div><div class="spacer battle-history"><br></div><h2 class="battle-history">Turn 18</h2><div class="spacer battle-history"><br></div><div class="battle-history">The opposing Tapu Fini used <strong>Scald</strong>!<br></div><div class="battle-history"><small>It's not very effective...</small><br></div><div class="battle-history"><small>(Toxapex lost <abbr title="−27/303">8.9%</abbr> of its health!)</small><br></div><div class="spacer battle-history"><br></div><div class="battle-history">Toxapex used <strong>Scald</strong>!<br></div><div class="battle-history"><small>It's not very effective...</small><br></div><div class="battle-history"><small>(The opposing Tapu Fini lost <abbr title="−20/343">5.8%</abbr> of its health!)</small><br></div><div class="battle-history"><small>The opposing Tapu Fini was burned!</small><br></div><div class="spacer battle-history"><br></div><div class="battle-history"><small>The opposing Tapu Fini restored a little HP using its Leftovers!</small><br></div><div class="battle-history"><small>Toxapex restored a little HP using its Black Sludge!</small><br></div><div class="battle-history"><small>The opposing Tapu Fini was hurt by its burn!</small><br></div><div class="spacer battle-history"><br></div><h2 class="battle-history">Turn 19</h2><div class="spacer battle-history"><br></div><div class="battle-history">The opposing Tapu Fini used <strong>Scald</strong>!<br></div><div class="battle-history"><small>It's not very effective...</small><br></div><div class="battle-history"><small>(Toxapex lost <abbr title="−27/303">8.9%</abbr> of its health!)</small><br></div><div class="spacer battle-history"><br></div><div class="battle-history">Toxapex used <strong>Scald</strong>!<br></div><div class="battle-history"><small>It's not very effective...</small><br></div><div class="battle-history"><small>(The opposing Tapu Fini lost <abbr title="−20/343">5.8%</abbr> of its health!)</small><br></div><div class="spacer battle-history"><br></div><div class="battle-history"><small>The opposing Tapu Fini restored a little HP using its Leftovers!</small><br></div><div class="battle-history"><small>Toxapex restored a little HP using its Black Sludge!</small><br></div><div class="battle-history"><small>The opposing Tapu Fini was hurt by its burn!</small><br></div><div class="battle-history"><small>Toxapex's taunt wore off!</small><br></div><div class="spacer battle-history"><br></div><h2 class="battle-history">Turn 20</h2><div class="spacer battle-history"><br></div><div class="battle-history">Toxapex, come back!<br></div><div class="battle-history">Go! <strong>Lopunny</strong>!<br></div><div class="spacer battle-history"><br></div><div class="battle-history">The opposing Tapu Fini used <strong>Taunt</strong>!<br></div><div class="battle-history"><small>Lopunny fell for the taunt!</small><br></div><div class="spacer battle-history"><br></div><div class="battle-history"><small>The opposing Tapu Fini restored a little HP using its Leftovers!</small><br></div><div class="battle-history"><small>The opposing Tapu Fini was hurt by its burn!</small><br></div><div class="spacer battle-history"><br></div><h2 class="battle-history">Turn 21</h2><div class="spacer battle-history"><br></div><div class="battle-history"><small>Lopunny's Lopunnite is reacting to the Key Stone!</small><br>Lopunny has Mega Evolved into Mega Lopunny!<br></div><div class="spacer battle-history"><br></div><div class="battle-history">Lopunny used <strong>Return</strong>!<br></div><div class="battle-history"><small>(The opposing Tapu Fini lost <abbr title="−87/343">25.4%</abbr> of its health!)</small><br></div><div class="spacer battle-history"><br></div><div class="battle-history">The opposing Tapu Fini fainted!<br></div><div class="spacer battle-history"><br></div><div class="battle-history">Just4Funn2♕ sent out <strong>Heatran</strong>!<br></div><div class="spacer battle-history"><br></div><h2 class="battle-history">Turn 22</h2><div class="spacer battle-history"><br></div><div class="battle-history">The opposing Heatran used <strong>Lava Plume</strong>!<br></div><div class="battle-history"><small>(Lopunny lost <abbr title="−151/271">55.7%</abbr> of its health!)</small><br></div><div class="spacer battle-history"><br></div><div class="battle-history">Lopunny used <strong>Power-Up Punch</strong>!<br></div><div class="battle-history"><small>It's super effective!</small><br></div><div class="battle-history"><small>(The opposing Heatran lost <abbr title="−1/323">0.3%</abbr> of its health!)</small><br></div><div class="battle-history"><small>Lopunny's Attack rose!</small><br></div><div class="spacer battle-history"><br></div><div class="battle-history">The opposing Heatran fainted!<br></div><div class="spacer battle-history"><br></div><div class="battle-history"><small>Lopunny's taunt wore off!</small><br></div><div class="spacer battle-history"><br></div><div class="battle-history">Just4Funn2♕ sent out Medicham (<strong>Medicham-Mega</strong>)!<br></div><div class="spacer battle-history"><br></div><h2 class="battle-history">Turn 23</h2><div class="spacer battle-history"><br></div><div class="battle-history">The opposing Medicham used <strong>Fake Out</strong>!<br></div><div class="battle-history"><small>(Lopunny lost <abbr title="−87/271">32.1%</abbr> of its health!)</small><br></div><div class="spacer battle-history"><br></div><div class="battle-history">Lopunny flinched and couldn't move!<br></div><div class="spacer battle-history"><br></div><h2 class="battle-history">Turn 24</h2><div class="spacer battle-history"><br></div><div class="battle-history">Just4Funn2♕ withdrew Medicham!<br></div><div class="battle-history">Just4Funn2♕ sent out <strong>Garchomp</strong>!<br></div><div class="spacer battle-history"><br></div><div class="battle-history">Lopunny used <strong>Ice Punch</strong>!<br></div><div class="battle-history"><small>It's super effective!</small><br></div><div class="battle-history"><small>(The opposing Garchomp lost <abbr title="−405/405">100%</abbr> of its health!)</small><br></div><div class="battle-history"><small>[The opposing Garchomp's Rough Skin]</small><br><small>Lopunny was hurt!</small><br></div><div class="spacer battle-history"><br></div><div class="battle-history">The opposing Garchomp fainted!<br></div><div class="battle-history">Lopunny fainted!<br></div><div class="spacer battle-history"><br></div><div class="battle-history">Go! <strong>Greninja</strong>!<br></div><div class="spacer battle-history"><br></div><div class="battle-history">Just4Funn2♕ sent out <strong>Tapu Koko</strong>!<br></div><div class="battle-history"><small>[The opposing Tapu Koko's Electric Surge]</small><br><small>An electric current runs across the battlefield!</small><br></div><div class="spacer battle-history"><br></div><h2 class="battle-history">Turn 25</h2><div class="spacer battle-history"><br></div><div class="battle-history">Greninja used <strong>Water Shuriken</strong>!<br></div><div class="battle-history"><small>(The opposing Tapu Koko lost <abbr title="−40/281">14.2%</abbr> of its health!)</small><br></div><div class="battle-history"><small>(The opposing Tapu Koko lost <abbr title="−42/281">14.9%</abbr> of its health!)</small><br></div><div class="battle-history"><small>Hit 2 times!</small><br></div><div class="spacer battle-history"><br></div><div class="battle-history">The opposing Tapu Koko used <strong>Thunderbolt</strong>!<br></div><div class="battle-history"><small>It's super effective!</small><br></div><div class="battle-history"><small>(Greninja lost <abbr title="−285/285">100%</abbr> of its health!)</small><br></div><div class="spacer battle-history"><br></div><div class="battle-history">Greninja fainted!<br></div><div class="spacer battle-history"><br></div><div class="battle-history">Go! <strong>Toxapex</strong>!<br></div><div class="spacer battle-history"><br></div><h2 class="battle-history">Turn 26</h2><div class="spacer battle-history"><br></div><div class="battle-history">The opposing Tapu Koko used <strong>Thunderbolt</strong>!<br></div><div class="battle-history"><small>It's super effective!</small><br></div><div class="battle-history"><small>(Toxapex lost <abbr title="−303/303">100%</abbr> of its health!)</small><br></div><div class="spacer battle-history"><br></div><div class="battle-history">Toxapex fainted!<br></div><div class="spacer battle-history"><br></div><div class="battle-history"><strong>Just4Funn2♕</strong> won the battle!<br></div><div class="chat">Just4Funn2♕ ha ganado 5.5 PokeDolares.</div><div class="chat">Puntaje de guacaran: 1237 → <strong>1220</strong><br>(-17 por perder)</div><div class="chat">Puntaje de Just4Funn2♕: 1345 → <strong>1362</strong><br>(+17 por ganar)</div></div><div class="inner-preempt"></div></div></div>
</div>
<script>
let daily = Math.floor(Date.now()/1000/60/60/24);document.write('<script src="https://play.pokemonshowdown.com/js/replay-embed.js?version'+daily+'"></'+'script>');
</script>
