<!DOCTYPE html>
<meta charset="utf-8" />
<!-- version 1 -->
<title>OU replay: Lord Ander ♛ vs. DaRKViRuZ</title>
<style>
html,body {font-family:Verdana, sans-serif;font-size:10pt;margin:0;padding:0;}body{padding:12px 0;} .battle-log {font-family:Verdana, sans-serif;font-size:10pt;} .battle-log-inline {border:1px solid #AAAAAA;background:#EEF2F5;color:black;max-width:640px;margin:0 auto 80px;padding-bottom:5px;} .battle-log .inner {padding:4px 8px 0px 8px;} .battle-log .inner-preempt {padding:0 8px 4px 8px;} .battle-log .inner-after {margin-top:0.5em;} .battle-log h2 {margin:0.5em -8px;padding:4px 8px;border:1px solid #AAAAAA;background:#E0E7EA;border-left:0;border-right:0;font-family:Verdana, sans-serif;font-size:13pt;} .battle-log .chat {vertical-align:middle;padding:3px 0 3px 0;font-size:8pt;} .battle-log .chat strong {color:#40576A;} .battle-log .chat em {padding:1px 4px 1px 3px;color:#000000;font-style:normal;} .chat.mine {background:rgba(0,0,0,0.05);margin-left:-8px;margin-right:-8px;padding-left:8px;padding-right:8px;} .spoiler {color:#BBBBBB;background:#BBBBBB;padding:0px 3px;} .spoiler:hover, .spoiler:active, .spoiler-shown {color:#000000;background:#E2E2E2;padding:0px 3px;} .spoiler a {color:#BBBBBB;} .spoiler:hover a, .spoiler:active a, .spoiler-shown a {color:#2288CC;} .chat code, .chat .spoiler:hover code, .chat .spoiler:active code, .chat .spoiler-shown code {border:1px solid #C0C0C0;background:#EEEEEE;color:black;padding:0 2px;} .chat .spoiler code {border:1px solid #CCCCCC;background:#CCCCCC;color:#CCCCCC;} .battle-log .rated {padding:3px 4px;} .battle-log .rated strong {color:white;background:#89A;padding:1px 4px;border-radius:4px;} .spacer {margin-top:0.5em;} .message-announce {background:#6688AA;color:white;padding:1px 4px 2px;} .message-announce a, .broadcast-green a, .broadcast-blue a, .broadcast-red a {color:#DDEEFF;} .broadcast-green {background-color:#559955;color:white;padding:2px 4px;} .broadcast-blue {background-color:#6688AA;color:white;padding:2px 4px;} .infobox {border:1px solid #6688AA;padding:2px 4px;} .infobox-limited {max-height:200px;overflow:auto;overflow-x:hidden;} .broadcast-red {background-color:#AA5544;color:white;padding:2px 4px;} .message-learn-canlearn {font-weight:bold;color:#228822;text-decoration:underline;} .message-learn-cannotlearn {font-weight:bold;color:#CC2222;text-decoration:underline;} .message-effect-weak {font-weight:bold;color:#CC2222;} .message-effect-resist {font-weight:bold;color:#6688AA;} .message-effect-immune {font-weight:bold;color:#666666;} .message-learn-list {margin-top:0;margin-bottom:0;} .message-throttle-notice, .message-error {color:#992222;} .message-overflow, .chat small.message-overflow {font-size:0pt;} .message-overflow::before {font-size:9pt;content:'...';} .subtle {color:#3A4A66;}
</style>
<div class="wrapper replay-wrapper" style="max-width:1180px;margin:0 auto">
<input type="hidden" name="replayid" value="destiny-ou-487313" />
<div class="battle"></div><div class="battle-log"></div><div class="replay-controls"></div><div class="replay-controls-2"></div>
<h1 style="font-weight:normal;text-align:center"><strong>OU</strong><br /><a href="http://pokemonshowdown.com/users/lordander" class="subtle" target="_blank">Lord Ander ♛</a> vs. <a href="http://pokemonshowdown.com/users/darkviruz" class="subtle" target="_blank">DaRKViRuZ</a></h1>
<script type="text/plain" class="battle-log-data">|player|p1|Lord Ander ♛|239
|teamsize|p1|6
|player|p2|DaRKViRuZ|darkviruz-8.gif?e01fcc4e
|teamsize|p2|6
|teamsize|p1|6
|teamsize|p2|6
|gametype|singles
|gen|7
|tier|OU
|rated
|seed|37474,60845,20004,3579
|rule|Cláusula-Mod de Dormir: solo puedes dormir a uno de tus oponentes a la vez.
|rule|Cláusula de Especie: Hasta un Pokémon de cada especie
|rule|Cláusula de Golpe Fulminante: los movimientos fulminantes (OHKO) estan prohibidos
|rule|Cláusula de Veleta: la habilidad Veleta está prohibida
|rule|Cláusula de Movimientos Evasivos: los movimientos de Evasión están prohibidos.
|rule|Cláusula de Batallas Eternas: forzar batallas eternas está prohibido
|clearpoke
|poke|p1|Excadrill, F|item
|poke|p1|Ninetales-Alola, M|item
|poke|p1|Volcarona, F|item
|poke|p1|Zygarde|item
|poke|p1|Gyarados, M|item
|poke|p1|Magearna|item
|poke|p2|Tapu Lele|item
|poke|p2|Pelipper, M|item
|poke|p2|Hawlucha, M|item
|poke|p2|Swampert, M|item
|poke|p2|Greninja, M|item
|poke|p2|Ferrothorn, M|item
|teampreview|undefined
|c|☆Lord Ander ♛|\/log Lord Ander ♛ hizo esta sala oculta.
|choice|*team 123456|*
|choice|*|*team 213456
|choice|team 1, 2, 3, 4, 5, 6|team 2, 1, 3, 4, 5, 6
|
|start
|switch|p1a: Excadrill|Excadrill, F|361\/361
|switch|p2a: Pelipper|Pelipper, M|261\/261
|-ability|p1a: Excadrill|Mold Breaker
|-weather|RainDance|[from] ability: Drizzle|[of] p2a: Pelipper
|turn|1
|inactive|Reloj de batalla ENCENDIDO. El jugador inactivo será descalificado (solicitado por Lord Ander ♛).
|choice|*move 1|*
|inactive|DaRKViRuZ tiene 135 segundos restantes.
|choice|*|*move 1
|choice|move stealthrock|move hydropump
|
|move|p1a: Excadrill|Stealth Rock|p2a: Pelipper
|-sidestart|p2: DaRKViRuZ|move: Stealth Rock
|move|p2a: Pelipper|Hydro Pump|p1a: Excadrill
|-supereffective|p1a: Excadrill
|-enditem|p1a: Excadrill|Focus Sash
|-damage|p1a: Excadrill|1\/361
|
|-weather|RainDance|[upkeep]
|upkeep
|turn|2
|choice|*|*switch 4
|choice|*move 3|*
|choice|move toxic|switch 4
|
|switch|p2a: Swampert|Swampert, M|341\/341
|-damage|p2a: Swampert|320\/341|[from] Stealth Rock
|move|p1a: Excadrill|Toxic|p2a: Swampert
|-status|p2a: Swampert|tox
|
|-weather|RainDance|[upkeep]
|-damage|p2a: Swampert|299\/341 tox|[from] psn
|upkeep
|turn|3
|choice|*|*move 2 mega
|choice|*move 2|*
|choice|*|*move 1
|choice|move earthquake|move stealthrock
|
|move|p1a: Excadrill|Earthquake|p2a: Swampert
|-damage|p2a: Swampert|113\/341 tox
|move|p2a: Swampert|Stealth Rock|p1a: Excadrill
|-sidestart|p1: Lord Ander ♛|move: Stealth Rock
|
|-weather|RainDance|[upkeep]
|-damage|p2a: Swampert|71\/341 tox|[from] psn
|upkeep
|turn|4
|c|☆DaRKViRuZ|.....
|choice|*|*move 2 mega
|inactive|Lord Ander ♛ tiene 135 segundos restantes.
|choice|*move 2|*
|choice|move earthquake|move waterfall mega
|
|-mega|p2a: Swampert|Swampert|Swampertite
|detailschange|p2a: Swampert|Swampert-Mega, M
|move|p2a: Swampert|Waterfall|p1a: Excadrill
|-supereffective|p1a: Excadrill
|-damage|p1a: Excadrill|0 fnt
|faint|p1a: Excadrill
|
|-weather|RainDance|[upkeep]
|-damage|p2a: Swampert|8\/341 tox|[from] psn
|upkeep
|choice|*switch 2|*
|choice|switch 2|
|
|switch|p1a: Ninetales|Ninetales-Alola, M|350\/350
|-damage|p1a: Ninetales|263\/350|[from] Stealth Rock
|-weather|Hail|[from] ability: Snow Warning|[of] p1a: Ninetales
|turn|5
|choice|*move 1|*
|choice|*|*move 2
|choice|move auroraveil|move waterfall
|
|move|p1a: Ninetales|Aurora Veil|p1a: Ninetales
|-sidestart|p1: Lord Ander ♛|move: Aurora Veil
|move|p2a: Swampert|Waterfall|p1a: Ninetales
|-damage|p1a: Ninetales|145\/350
|
|-weather|Hail|[upkeep]
|-damage|p2a: Swampert|0 fnt|[from] hail
|upkeep
|faint|p2a: Swampert
|c|☆Lord Ander ♛|q
|choice|*|*switch 6
|choice||switch 6
|
|switch|p2a: Ferrothorn|Ferrothorn, M|351\/351
|-damage|p2a: Ferrothorn|330\/351|[from] Stealth Rock
|turn|6
|choice|*|*move 4
|inactive|Lord Ander ♛ tiene 135 segundos restantes.
|choice|*move 3|*
|choice|move hypnosis|move gyroball
|
|move|p1a: Ninetales|Hypnosis|p2a: Ferrothorn
|-status|p2a: Ferrothorn|slp
|cant|p2a: Ferrothorn|slp
|
|-weather|Hail|[upkeep]
|-damage|p2a: Ferrothorn|309\/351 slp|[from] hail
|upkeep
|turn|7
|choice|*switch 4|*
|choice|*|*move 4
|choice|switch 4|move gyroball
|
|switch|p1a: Zygarde|Zygarde|397\/397
|-damage|p1a: Zygarde|373\/397|[from] Stealth Rock
|-ability|p1a: Zygarde|Aura Break
|-curestatus|p2a: Ferrothorn|slp|[msg]
|move|p2a: Ferrothorn|Gyro Ball|p1a: Zygarde
|-damage|p1a: Zygarde|301\/397
|
|-weather|Hail|[upkeep]
|-damage|p1a: Zygarde|277\/397|[from] hail
|-damage|p2a: Ferrothorn|288\/351|[from] hail
|upkeep
|turn|8
|choice|*|*move 2
|choice|*move 1|*
|choice|move dragondance|move powerwhip
|
|move|p1a: Zygarde|Dragon Dance|p1a: Zygarde
|-boost|p1a: Zygarde|atk|1
|-boost|p1a: Zygarde|spe|1
|move|p2a: Ferrothorn|Power Whip|p1a: Zygarde
|-damage|p1a: Zygarde|223\/397
|
|-weather|Hail|[upkeep]
|-damage|p1a: Zygarde|199\/397|[from] hail
|-damage|p2a: Ferrothorn|267\/351|[from] hail
|upkeep
|turn|9
|choice|*move 4|*
|choice|*|*move 1
|choice|move coil|move leechseed
|
|move|p1a: Zygarde|Coil|p1a: Zygarde
|-boost|p1a: Zygarde|atk|1
|-boost|p1a: Zygarde|def|1
|-boost|p1a: Zygarde|accuracy|1
|move|p2a: Ferrothorn|Leech Seed|p1a: Zygarde
|-start|p1a: Zygarde|move: Leech Seed
|
|-weather|none
|-damage|p1a: Zygarde|150\/397|[from] Leech Seed|[of] p2a: Ferrothorn
|-heal|p2a: Ferrothorn|316\/351|[silent]
|upkeep
|turn|10
|choice|*move 1|*
|choice|*|*move 2
|choice|move dragondance|move powerwhip
|
|move|p1a: Zygarde|Dragon Dance|p1a: Zygarde
|-boost|p1a: Zygarde|atk|1
|-boost|p1a: Zygarde|spe|1
|move|p2a: Ferrothorn|Power Whip|p1a: Zygarde
|-damage|p1a: Zygarde|110\/397
|
|-damage|p1a: Zygarde|61\/397|[from] Leech Seed|[of] p2a: Ferrothorn
|-heal|p2a: Ferrothorn|351\/351|[silent]
|upkeep
|-enditem|p1a: Zygarde|Iapapa Berry|[eat]
|-heal|p1a: Zygarde|259\/397|[from] item: Iapapa Berry
|turn|11
|choice|*|*move 2
|choice|*move 4|*
|choice|move coil|move powerwhip
|
|move|p1a: Zygarde|Coil|p1a: Zygarde
|-boost|p1a: Zygarde|atk|1
|-boost|p1a: Zygarde|def|1
|-boost|p1a: Zygarde|accuracy|1
|move|p2a: Ferrothorn|Power Whip|p1a: Zygarde
|-damage|p1a: Zygarde|229\/397
|
|-damage|p1a: Zygarde|180\/397|[from] Leech Seed|[of] p2a: Ferrothorn
|upkeep
|turn|12
|choice|*|*move 4
|choice|*move 1|*
|choice|move dragondance|move gyroball
|
|move|p1a: Zygarde|Dragon Dance|p1a: Zygarde
|-boost|p1a: Zygarde|atk|1
|-boost|p1a: Zygarde|spe|1
|move|p2a: Ferrothorn|Gyro Ball|p1a: Zygarde
|-damage|p1a: Zygarde|147\/397
|
|-damage|p1a: Zygarde|98\/397|[from] Leech Seed|[of] p2a: Ferrothorn
|-sideend|p1: Lord Ander ♛|move: Aurora Veil
|upkeep
|turn|13
|choice|*|*move 2
|choice|*move 2|*
|choice|move thousandarrows|move powerwhip
|
|move|p1a: Zygarde|Thousand Arrows|p2a: Ferrothorn
|-damage|p2a: Ferrothorn|0 fnt
|faint|p2a: Ferrothorn
|
|upkeep
|choice|*|*switch 4
|choice||switch 4
|
|switch|p2a: Pelipper|Pelipper, M|261\/261
|-damage|p2a: Pelipper|196\/261|[from] Stealth Rock
|-weather|RainDance|[from] ability: Drizzle|[of] p2a: Pelipper
|turn|14
|choice|*|*move 3
|choice|*move 2|*
|choice|move thousandarrows|move defog
|
|move|p1a: Zygarde|Thousand Arrows|p2a: Pelipper
|-damage|p2a: Pelipper|0 fnt
|faint|p2a: Pelipper
|
|-weather|RainDance|[upkeep]
|upkeep
|choice|*|*switch 5
|choice||switch 5
|
|switch|p2a: Greninja|Greninja, M|285\/285
|-damage|p2a: Greninja|250\/285|[from] Stealth Rock
|turn|15
|choice|*|*move 3
|choice|*move 3|*
|choice|move extremespeed|move watershuriken
|
|move|p1a: Zygarde|Extreme Speed|p2a: Greninja
|-damage|p2a: Greninja|0 fnt
|faint|p2a: Greninja
|
|-weather|RainDance|[upkeep]
|upkeep
|c|☆Lord Ander ♛|\/log Lord Ander ♛ ha hecho pública esta sala.
|choice|*|*switch 2
|choice||switch 2
|
|switch|p2a: Tapu Lele|Tapu Lele|281\/281
|-damage|p2a: Tapu Lele|246\/281|[from] Stealth Rock
|-fieldstart|move: Psychic Terrain|[from] ability: Psychic Surge|[of] p2a: Tapu Lele
|turn|16
|choice|*|*move 3
|choice|*move 2|*
|choice|move thousandarrows|move moonblast
|
|move|p1a: Zygarde|Thousand Arrows|p2a: Tapu Lele
|-damage|p2a: Tapu Lele|0 fnt
|faint|p2a: Tapu Lele
|
|-weather|RainDance|[upkeep]
|upkeep
|choice|*|*switch 3
|choice||switch 3
|
|switch|p2a: Hawlucha|Hawlucha, M|336\/336
|-enditem|p2a: Hawlucha|Psychic Seed
|-boost|p2a: Hawlucha|spd|1
|-damage|p2a: Hawlucha|294\/336|[from] Stealth Rock
|turn|17
|choice|*|*move 3
|inactive|Lord Ander ♛ tiene 135 segundos restantes.
|choice|*move 2|*
|choice|move thousandarrows|move highjumpkick
|
|move|p1a: Zygarde|Thousand Arrows|p2a: Hawlucha
|-damage|p2a: Hawlucha|0 fnt
|faint|p2a: Hawlucha
|
|win|Lord Ander ♛
Lord Ander ♛ ha ganado 6.75 PokeDolares.
|raw|Puntaje de Lord Ander ♛: 1284 &rarr; <strong>1318<\/strong><br \/>(+34 por ganar)
|raw|Puntaje de DaRKViRuZ: 1414 &rarr; <strong>1387<\/strong><br \/>(-27 por perder)
</script>
</div>
<div class="battle-log battle-log-inline"><div class="inner"><div class="battle-options"></div><div class="inner"><div class=""><small>Format:</small> <br><strong>OU</strong></div><div class="rated"><strong>Rated battle</strong></div><div class=""><small><em>Cláusula-Mod de Dormir:</em> solo puedes dormir a uno de tus oponentes a la vez.</small></div><div class=""><small><em>Cláusula de Especie:</em> Hasta un Pokémon de cada especie</small></div><div class=""><small><em>Cláusula de Golpe Fulminante:</em> los movimientos fulminantes (OHKO) estan prohibidos</small></div><div class=""><small><em>Cláusula de Veleta:</em> la habilidad Veleta está prohibida</small></div><div class=""><small><em>Cláusula de Movimientos Evasivos:</em> los movimientos de Evasión están prohibidos.</small></div><div class=""><small><em>Cláusula de Batallas Eternas:</em> forzar batallas eternas está prohibido</small></div><div class="chat battle-history"><strong>Lord Ander ♛'s team:</strong> <em style="color:#445566;display:block;">Excadrill / Ninetales-Alola / Volcarona / Zygarde / Gyarados / Magearna</em></div><div class="chat battle-history"><strong>DaRKViRuZ's team:</strong> <em style="color:#445566;display:block;">Tapu Lele / Pelipper / Hawlucha / Swampert / Greninja / Ferrothorn</em></div><div class="chat chatmessage-lordander"><span class="message-log">Lord Ander ♛ hizo esta sala oculta.</span></div><div class="spacer battle-history"><br></div><div class="battle-history">Battle started between Lord Ander ♛ and DaRKViRuZ!<br></div><div class="spacer battle-history"><br></div><div class="battle-history">Go! <strong>Excadrill</strong>!<br></div><div class="spacer battle-history"><br></div><div class="battle-history">DaRKViRuZ sent out <strong>Pelipper</strong>!<br></div><div class="battle-history"><small>[Excadrill's Mold Breaker]</small><br><small>Excadrill breaks the mold!</small><br></div><div class="battle-history"><small>[The opposing Pelipper's Drizzle]</small><br><small>It started to rain!</small><br></div><div class="spacer battle-history"><br></div><h2 class="battle-history">Turn 1</h2><div class="chat message-error">Reloj de batalla ENCENDIDO. El jugador inactivo será descalificado (solicitado por Lord Ander ♛).</div><div class="chat message-error">DaRKViRuZ tiene 135 segundos restantes.</div><div class="spacer battle-history"><br></div><div class="battle-history">Excadrill used <strong>Stealth Rock</strong>!<br></div><div class="battle-history"><small>Pointed stones float in the air around the opposing team!</small><br></div><div class="spacer battle-history"><br></div><div class="battle-history">The opposing Pelipper used <strong>Hydro Pump</strong>!<br></div><div class="battle-history"><small>It's super effective!</small><br></div><div class="battle-history"><small>Excadrill hung on using its Focus Sash!</small><br></div><div class="battle-history"><small>(Excadrill lost <abbr title="−360/361">99.7%</abbr> of its health!)</small><br></div><div class="spacer battle-history"><br></div><div class="battle-history"><small>(Rain continues to fall!)</small><br></div><div class="spacer battle-history"><br></div><h2 class="battle-history">Turn 2</h2><div class="spacer battle-history"><br></div><div class="battle-history">DaRKViRuZ withdrew Pelipper!<br></div><div class="battle-history">DaRKViRuZ sent out <strong>Swampert</strong>!<br></div><div class="battle-history"><small>Pointed stones dug into the opposing Swampert!</small><br></div><div class="spacer battle-history"><br></div><div class="battle-history">Excadrill used <strong>Toxic</strong>!<br></div><div class="battle-history"><small>The opposing Swampert was badly poisoned!</small><br></div><div class="spacer battle-history"><br></div><div class="battle-history"><small>(Rain continues to fall!)</small><br></div><div class="battle-history"><small>The opposing Swampert was hurt by poison!</small><br></div><div class="spacer battle-history"><br></div><h2 class="battle-history">Turn 3</h2><div class="spacer battle-history"><br></div><div class="battle-history">Excadrill used <strong>Earthquake</strong>!<br></div><div class="battle-history"><small>(The opposing Swampert lost <abbr title="−186/341">54.5%</abbr> of its health!)</small><br></div><div class="spacer battle-history"><br></div><div class="battle-history">The opposing Swampert used <strong>Stealth Rock</strong>!<br></div><div class="battle-history"><small>Pointed stones float in the air around your team!</small><br></div><div class="spacer battle-history"><br></div><div class="battle-history"><small>(Rain continues to fall!)</small><br></div><div class="battle-history"><small>The opposing Swampert was hurt by poison!</small><br></div><div class="spacer battle-history"><br></div><h2 class="battle-history">Turn 4</h2><div class="chat chatmessage-darkviruz"><strong style="color:hsl(216,75%,49.56149533814376%)"><small>☆</small><span class="username" data-name="DaRKViRuZ">DaRKViRuZ</span>:</strong> <em>.....</em></div><div class="chat message-error">Lord Ander ♛ tiene 135 segundos restantes.</div><div class="spacer battle-history"><br></div><div class="battle-history"><small>The opposing Swampert's Swampertite is reacting to the Key Stone!</small><br>The opposing Swampert has Mega Evolved into Mega Swampert!<br></div><div class="spacer battle-history"><br></div><div class="battle-history">The opposing Swampert used <strong>Waterfall</strong>!<br></div><div class="battle-history"><small>It's super effective!</small><br></div><div class="battle-history"><small>(Excadrill lost <abbr title="−1/361">0.3%</abbr> of its health!)</small><br></div><div class="spacer battle-history"><br></div><div class="battle-history">Excadrill fainted!<br></div><div class="spacer battle-history"><br></div><div class="battle-history"><small>(Rain continues to fall!)</small><br></div><div class="battle-history"><small>The opposing Swampert was hurt by poison!</small><br></div><div class="spacer battle-history"><br></div><div class="battle-history">Go! Ninetales (<strong>Ninetales-Alola</strong>)!<br></div><div class="battle-history"><small>Pointed stones dug into Ninetales!</small><br></div><div class="battle-history"><small>[Ninetales's Snow Warning]</small><br><small>It started to hail!</small><br></div><div class="spacer battle-history"><br></div><h2 class="battle-history">Turn 5</h2><div class="spacer battle-history"><br></div><div class="battle-history">Ninetales used <strong>Aurora Veil</strong>!<br></div><div class="battle-history"><small>Aurora Veil made your team stronger against physical and special moves!</small><br></div><div class="spacer battle-history"><br></div><div class="battle-history">The opposing Swampert used <strong>Waterfall</strong>!<br></div><div class="battle-history"><small>(Ninetales lost <abbr title="−118/350">33.7%</abbr> of its health!)</small><br></div><div class="spacer battle-history"><br></div><div class="battle-history"><small>The hail is crashing down.</small><br></div><div class="battle-history"><small>The opposing Swampert is buffeted by the hail!</small><br></div><div class="spacer battle-history"><br></div><div class="battle-history">The opposing Swampert fainted!<br></div><div class="chat chatmessage-lordander"><strong style="color:hsl(342,88%,40.918808770181535%)"><small>☆</small><span class="username" data-name="Lord Ander ♛">Lord Ander ♛</span>:</strong> <em>q</em></div><div class="spacer battle-history"><br></div><div class="battle-history">DaRKViRuZ sent out <strong>Ferrothorn</strong>!<br></div><div class="battle-history"><small>Pointed stones dug into the opposing Ferrothorn!</small><br></div><div class="spacer battle-history"><br></div><h2 class="battle-history">Turn 6</h2><div class="chat message-error">Lord Ander ♛ tiene 135 segundos restantes.</div><div class="spacer battle-history"><br></div><div class="battle-history">Ninetales used <strong>Hypnosis</strong>!<br></div><div class="battle-history"><small>The opposing Ferrothorn fell asleep!</small><br></div><div class="spacer battle-history"><br></div><div class="battle-history">The opposing Ferrothorn is fast asleep.<br></div><div class="spacer battle-history"><br></div><div class="battle-history"><small>The hail is crashing down.</small><br></div><div class="battle-history"><small>The opposing Ferrothorn is buffeted by the hail!</small><br></div><div class="spacer battle-history"><br></div><h2 class="battle-history">Turn 7</h2><div class="spacer battle-history"><br></div><div class="battle-history">Ninetales, come back!<br></div><div class="battle-history">Go! <strong>Zygarde</strong>!<br></div><div class="battle-history"><small>Pointed stones dug into Zygarde!</small><br></div><div class="battle-history"><small>[Zygarde's Aura Break]</small><br><small>Zygarde reversed all other Pokémon's auras!</small><br></div><div class="battle-history"><small>The opposing Ferrothorn woke up!</small><br></div><div class="spacer battle-history"><br></div><div class="battle-history">The opposing Ferrothorn used <strong>Gyro Ball</strong>!<br></div><div class="battle-history"><small>(Zygarde lost <abbr title="−72/397">18.1%</abbr> of its health!)</small><br></div><div class="spacer battle-history"><br></div><div class="battle-history"><small>The hail is crashing down.</small><br></div><div class="battle-history"><small>Zygarde is buffeted by the hail!</small><br></div><div class="battle-history"><small>The opposing Ferrothorn is buffeted by the hail!</small><br></div><div class="spacer battle-history"><br></div><h2 class="battle-history">Turn 8</h2><div class="spacer battle-history"><br></div><div class="battle-history">Zygarde used <strong>Dragon Dance</strong>!<br></div><div class="battle-history"><small>Zygarde's Attack rose!</small><br></div><div class="battle-history"><small>Zygarde's Speed rose!</small><br></div><div class="spacer battle-history"><br></div><div class="battle-history">The opposing Ferrothorn used <strong>Power Whip</strong>!<br></div><div class="battle-history"><small>(Zygarde lost <abbr title="−54/397">13.6%</abbr> of its health!)</small><br></div><div class="spacer battle-history"><br></div><div class="battle-history"><small>The hail is crashing down.</small><br></div><div class="battle-history"><small>Zygarde is buffeted by the hail!</small><br></div><div class="battle-history"><small>The opposing Ferrothorn is buffeted by the hail!</small><br></div><div class="spacer battle-history"><br></div><h2 class="battle-history">Turn 9</h2><div class="spacer battle-history"><br></div><div class="battle-history">Zygarde used <strong>Coil</strong>!<br></div><div class="battle-history"><small>Zygarde's Attack rose!</small><br></div><div class="battle-history"><small>Zygarde's Defense rose!</small><br></div><div class="battle-history"><small>Zygarde's accuracy rose!</small><br></div><div class="spacer battle-history"><br></div><div class="battle-history">The opposing Ferrothorn used <strong>Leech Seed</strong>!<br></div><div class="battle-history"><small>Zygarde was seeded!</small><br></div><div class="spacer battle-history"><br></div><div class="battle-history"><small>The hail stopped.</small><br></div><div class="battle-history"><small>Zygarde's health is sapped by Leech Seed!</small><br></div><div class="spacer battle-history"><br></div><h2 class="battle-history">Turn 10</h2><div class="spacer battle-history"><br></div><div class="battle-history">Zygarde used <strong>Dragon Dance</strong>!<br></div><div class="battle-history"><small>Zygarde's Attack rose!</small><br></div><div class="battle-history"><small>Zygarde's Speed rose!</small><br></div><div class="spacer battle-history"><br></div><div class="battle-history">The opposing Ferrothorn used <strong>Power Whip</strong>!<br></div><div class="battle-history"><small>(Zygarde lost <abbr title="−40/397">10.1%</abbr> of its health!)</small><br></div><div class="spacer battle-history"><br></div><div class="battle-history"><small>Zygarde's health is sapped by Leech Seed!</small><br></div><div class="spacer battle-history"><br></div><div class="battle-history"><small>Zygarde ate its Iapapa Berry!</small><br></div><div class="battle-history"><small>Zygarde restored HP using its Iapapa Berry!</small><br></div><div class="spacer battle-history"><br></div><h2 class="battle-history">Turn 11</h2><div class="spacer battle-history"><br></div><div class="battle-history">Zygarde used <strong>Coil</strong>!<br></div><div class="battle-history"><small>Zygarde's Attack rose!</small><br></div><div class="battle-history"><small>Zygarde's Defense rose!</small><br></div><div class="battle-history"><small>Zygarde's accuracy rose!</small><br></div><div class="spacer battle-history"><br></div><div class="battle-history">The opposing Ferrothorn used <strong>Power Whip</strong>!<br></div><div class="battle-history"><small>(Zygarde lost <abbr title="−30/397">7.6%</abbr> of its health!)</small><br></div><div class="spacer battle-history"><br></div><div class="battle-history"><small>Zygarde's health is sapped by Leech Seed!</small><br></div><div class="spacer battle-history"><br></div><h2 class="battle-history">Turn 12</h2><div class="spacer battle-history"><br></div><div class="battle-history">Zygarde used <strong>Dragon Dance</strong>!<br></div><div class="battle-history"><small>Zygarde's Attack rose!</small><br></div><div class="battle-history"><small>Zygarde's Speed rose!</small><br></div><div class="spacer battle-history"><br></div><div class="battle-history">The opposing Ferrothorn used <strong>Gyro Ball</strong>!<br></div><div class="battle-history"><small>(Zygarde lost <abbr title="−33/397">8.3%</abbr> of its health!)</small><br></div><div class="spacer battle-history"><br></div><div class="battle-history"><small>Zygarde's health is sapped by Leech Seed!</small><br></div><div class="battle-history"><small>Your team's Aurora Veil wore off!</small><br></div><div class="spacer battle-history"><br></div><h2 class="battle-history">Turn 13</h2><div class="spacer battle-history"><br></div><div class="battle-history">Zygarde used <strong>Thousand Arrows</strong>!<br></div><div class="battle-history"><small>(The opposing Ferrothorn lost <abbr title="−351/351">100%</abbr> of its health!)</small><br></div><div class="spacer battle-history"><br></div><div class="battle-history">The opposing Ferrothorn fainted!<br></div><div class="spacer battle-history"><br></div><div class="battle-history">DaRKViRuZ sent out <strong>Pelipper</strong>!<br></div><div class="battle-history"><small>Pointed stones dug into the opposing Pelipper!</small><br></div><div class="battle-history"><small>[The opposing Pelipper's Drizzle]</small><br><small>It started to rain!</small><br></div><div class="spacer battle-history"><br></div><h2 class="battle-history">Turn 14</h2><div class="spacer battle-history"><br></div><div class="battle-history">Zygarde used <strong>Thousand Arrows</strong>!<br></div><div class="battle-history"><small>(The opposing Pelipper lost <abbr title="−196/261">75.1%</abbr> of its health!)</small><br></div><div class="spacer battle-history"><br></div><div class="battle-history">The opposing Pelipper fainted!<br></div><div class="spacer battle-history"><br></div><div class="battle-history"><small>(Rain continues to fall!)</small><br></div><div class="spacer battle-history"><br></div><div class="battle-history">DaRKViRuZ sent out <strong>Greninja</strong>!<br></div><div class="battle-history"><small>Pointed stones dug into the opposing Greninja!</small><br></div><div class="spacer battle-history"><br></div><h2 class="battle-history">Turn 15</h2><div class="spacer battle-history"><br></div><div class="battle-history">Zygarde used <strong>Extreme Speed</strong>!<br></div><div class="battle-history"><small>(The opposing Greninja lost <abbr title="−250/285">87.7%</abbr> of its health!)</small><br></div><div class="spacer battle-history"><br></div><div class="battle-history">The opposing Greninja fainted!<br></div><div class="spacer battle-history"><br></div><div class="battle-history"><small>(Rain continues to fall!)</small><br></div><div class="chat chatmessage-lordander"><span class="message-log">Lord Ander ♛ ha hecho pública esta sala.</span></div><div class="spacer battle-history"><br></div><div class="battle-history">DaRKViRuZ sent out <strong>Tapu Lele</strong>!<br></div><div class="battle-history"><small>Pointed stones dug into the opposing Tapu Lele!</small><br></div><div class="battle-history"><small>[The opposing Tapu Lele's Psychic Surge]</small><br><small>The battlefield got weird!</small><br></div><div class="spacer battle-history"><br></div><h2 class="battle-history">Turn 16</h2><div class="spacer battle-history"><br></div><div class="battle-history">Zygarde used <strong>Thousand Arrows</strong>!<br></div><div class="battle-history"><small>(The opposing Tapu Lele lost <abbr title="−246/281">87.5%</abbr> of its health!)</small><br></div><div class="spacer battle-history"><br></div><div class="battle-history">The opposing Tapu Lele fainted!<br></div><div class="spacer battle-history"><br></div><div class="battle-history"><small>(Rain continues to fall!)</small><br></div><div class="spacer battle-history"><br></div><div class="battle-history">DaRKViRuZ sent out <strong>Hawlucha</strong>!<br></div><div class="battle-history"><small>(The opposing Hawlucha used its Psychic Seed!)</small><br></div><div class="battle-history"><small>The opposing Hawlucha's Special Defense rose!</small><br></div><div class="battle-history"><small>Pointed stones dug into the opposing Hawlucha!</small><br></div><div class="spacer battle-history"><br></div><h2 class="battle-history">Turn 17</h2><div class="chat message-error">Lord Ander ♛ tiene 135 segundos restantes.</div><div class="spacer battle-history"><br></div><div class="battle-history">Zygarde used <strong>Thousand Arrows</strong>!<br></div><div class="battle-history"><small>(The opposing Hawlucha lost <abbr title="−294/336">87.5%</abbr> of its health!)</small><br></div><div class="spacer battle-history"><br></div><div class="battle-history">The opposing Hawlucha fainted!<br></div><div class="spacer battle-history"><br></div><div class="battle-history"><strong>Lord Ander ♛</strong> won the battle!<br></div><div class="chat">Lord Ander ♛ ha ganado 6.75 PokeDolares.</div><div class="chat">Puntaje de Lord Ander ♛: 1284 → <strong>1318</strong><br>(+34 por ganar)</div><div class="chat">Puntaje de DaRKViRuZ: 1414 → <strong>1387</strong><br>(-27 por perder)</div></div><div class="inner-preempt"></div></div></div>
</div>
<script>
let daily = Math.floor(Date.now()/1000/60/60/24);document.write('<script src="https://play.pokemonshowdown.com/js/replay-embed.js?version'+daily+'"></'+'script>');
</script>
