<!DOCTYPE html>
<meta charset="utf-8" />
<!-- version 1 -->
<title>OU replay: No man's hax vs. Gеrard Way</title>
<style>
html,body {font-family:Verdana, sans-serif;font-size:10pt;margin:0;padding:0;}body{padding:12px 0;} .battle-log {font-family:Verdana, sans-serif;font-size:10pt;} .battle-log-inline {border:1px solid #AAAAAA;background:#EEF2F5;color:black;max-width:640px;margin:0 auto 80px;padding-bottom:5px;} .battle-log .inner {padding:4px 8px 0px 8px;} .battle-log .inner-preempt {padding:0 8px 4px 8px;} .battle-log .inner-after {margin-top:0.5em;} .battle-log h2 {margin:0.5em -8px;padding:4px 8px;border:1px solid #AAAAAA;background:#E0E7EA;border-left:0;border-right:0;font-family:Verdana, sans-serif;font-size:13pt;} .battle-log .chat {vertical-align:middle;padding:3px 0 3px 0;font-size:8pt;} .battle-log .chat strong {color:#40576A;} .battle-log .chat em {padding:1px 4px 1px 3px;color:#000000;font-style:normal;} .chat.mine {background:rgba(0,0,0,0.05);margin-left:-8px;margin-right:-8px;padding-left:8px;padding-right:8px;} .spoiler {color:#BBBBBB;background:#BBBBBB;padding:0px 3px;} .spoiler:hover, .spoiler:active, .spoiler-shown {color:#000000;background:#E2E2E2;padding:0px 3px;} .spoiler a {color:#BBBBBB;} .spoiler:hover a, .spoiler:active a, .spoiler-shown a {color:#2288CC;} .chat code, .chat .spoiler:hover code, .chat .spoiler:active code, .chat .spoiler-shown code {border:1px solid #C0C0C0;background:#EEEEEE;color:black;padding:0 2px;} .chat .spoiler code {border:1px solid #CCCCCC;background:#CCCCCC;color:#CCCCCC;} .battle-log .rated {padding:3px 4px;} .battle-log .rated strong {color:white;background:#89A;padding:1px 4px;border-radius:4px;} .spacer {margin-top:0.5em;} .message-announce {background:#6688AA;color:white;padding:1px 4px 2px;} .message-announce a, .broadcast-green a, .broadcast-blue a, .broadcast-red a {color:#DDEEFF;} .broadcast-green {background-color:#559955;color:white;padding:2px 4px;} .broadcast-blue {background-color:#6688AA;color:white;padding:2px 4px;} .infobox {border:1px solid #6688AA;padding:2px 4px;} .infobox-limited {max-height:200px;overflow:auto;overflow-x:hidden;} .broadcast-red {background-color:#AA5544;color:white;padding:2px 4px;} .message-learn-canlearn {font-weight:bold;color:#228822;text-decoration:underline;} .message-learn-cannotlearn {font-weight:bold;color:#CC2222;text-decoration:underline;} .message-effect-weak {font-weight:bold;color:#CC2222;} .message-effect-resist {font-weight:bold;color:#6688AA;} .message-effect-immune {font-weight:bold;color:#666666;} .message-learn-list {margin-top:0;margin-bottom:0;} .message-throttle-notice, .message-error {color:#992222;} .message-overflow, .chat small.message-overflow {font-size:0pt;} .message-overflow::before {font-size:9pt;content:'...';} .subtle {color:#3A4A66;}
</style>
<div class="wrapper replay-wrapper" style="max-width:1180px;margin:0 auto">
<input type="hidden" name="replayid" value="destiny-ou-539254" />
<div class="battle"></div><div class="battle-log"></div><div class="replay-controls"></div><div class="replay-controls-2"></div>
<h1 style="font-weight:normal;text-align:center"><strong>OU</strong><br /><a href="http://pokemonshowdown.com/users/nomanshax" class="subtle" target="_blank">No man's hax</a> vs. <a href="http://pokemonshowdown.com/users/grardway" class="subtle" target="_blank">Gеrard Way</a></h1>
<script type="text/plain" class="battle-log-data">|unlink|||tour
|player|p1|No man's hax|nomanshax-15.gif?7054e28e
|teamsize|p1|6
|player|p2|Gеrard Way|grardway-12.gif?723c5bd0
|teamsize|p2|6
|teamsize|p1|6
|teamsize|p2|6
|gametype|singles
|gen|7
|tier|OU
|seed|34604,38119,58413,43467
|rule|Cláusula-Mod de Dormir: solo puedes dormir a uno de tus oponentes a la vez.
|rule|Cláusula de Especie: Hasta un Pokémon de cada especie
|rule|Cláusula de Golpe Fulminante: los movimientos fulminantes (OHKO) estan prohibidos
|rule|Cláusula de Veleta: la habilidad Veleta está prohibida
|rule|Cláusula de Movimientos Evasivos: los movimientos de Evasión están prohibidos.
|rule|Cláusula de Batallas Eternas: forzar batallas eternas está prohibido
|clearpoke
|poke|p1|Pikachu, M|item
|poke|p1|Charizard, M|item
|poke|p1|Blastoise, M|item
|poke|p1|Snorlax, M|item
|poke|p1|Espeon, F|item
|poke|p1|Venusaur, F|item
|poke|p2|Tentacruel, M|item
|poke|p2|Tapu Bulu|item
|poke|p2|Heatran, M|item
|poke|p2|Buzzwole|item
|poke|p2|Latias, F|item
|poke|p2|Landorus-Therian, M|item
|teampreview|undefined
|choice|*team 123456|*
|c|☆Gеrard Way|Ufff
|c|☆Gеrard Way|goat
|c|☆No man's hax|bleesed team
|c|☆Gеrard Way|gl hf
|choice|*|*team 321456
|choice|*|*team 321456
|choice|*|*team 321456
|choice|*team 123456|*
|choice|team 1, 2, 3, 4, 5, 6|team 3, 2, 1, 4, 5, 6
|
|start
|switch|p1a: Pikachu|Pikachu, M|211\/211
|switch|p2a: Heatran|Heatran, M|323\/323
|turn|1
|choice|*|*move 3
|choice|*move 4|*
|choice|*|*switch 6
|choice|move volttackle|switch 6
|
|switch|p2a: Landorus|Landorus-Therian, M|363\/363
|-ability|p2a: Landorus|Intimidate|boost
|-unboost|p1a: Pikachu|atk|1
|move|p1a: Pikachu|Volt Tackle|p2a: Landorus
|-immune|p2a: Landorus|[msg]
|
|upkeep
|turn|2
|choice|*switch 2|*
|choice|*|*move 1
|choice|switch 2|move earthquake
|
|switch|p1a: Charizard|Charizard, M|297\/297
|move|p2a: Landorus|Earthquake|p1a: Charizard
|-immune|p1a: Charizard|[msg]
|
|upkeep
|turn|3
|choice|*move 1|*
|choice|*|*switch 4
|choice|move dragondance|switch 4
|
|switch|p2a: Buzzwole|Buzzwole|418\/418
|move|p1a: Charizard|Dragon Dance|p1a: Charizard
|-boost|p1a: Charizard|atk|1
|-boost|p1a: Charizard|spe|1
|
|upkeep
|turn|4
|choice|*|*move 2
|choice|*move 3 mega|*
|choice|move flareblitz mega|move earthquake
|
|-mega|p1a: Charizard|Charizard|Charizardite X
|detailschange|p1a: Charizard|Charizard-Mega-X, M
|move|p1a: Charizard|Flare Blitz|p2a: Buzzwole
|-supereffective|p2a: Buzzwole
|-damage|p2a: Buzzwole|0 fnt
|-damage|p1a: Charizard|248\/297|[from] item: Rocky Helmet|[of] p2a: Buzzwole
|-damage|p1a: Charizard|110\/297|[from] recoil
|faint|p2a: Buzzwole
|
|upkeep
|c|☆Gеrard Way|Bueno, gg
|c|☆Gеrard Way|a.a
|choice|*|*switch 4
|choice||switch 4
|
|switch|p2a: Landorus|Landorus-Therian, M|363\/363
|-ability|p2a: Landorus|Intimidate|boost
|-unboost|p1a: Charizard|atk|1
|turn|5
|choice|*|*move 1
|c|☆No man's hax|jeyzzwole eh?
|choice|*switch 3|*
|choice|switch 3|move earthquake
|
|switch|p1a: Blastoise|Blastoise, M|362\/362
|move|p2a: Landorus|Earthquake|p1a: Blastoise
|-damage|p1a: Blastoise|232\/362
|
|-heal|p1a: Blastoise|254\/362|[from] item: Leftovers
|upkeep
|turn|6
|c|☆Gеrard Way|Nouyi me sonsacó a usarlo xd
|choice|*move 2|*
|c| Euterupe|ufff
|c| Euterupe|team de red
|c| Euterupe|vs
|c| Euterupe|
|c|☆Gеrard Way|Tentagod
|c|☆Gеrard Way|The opposing Pinsir used Return!
|c|☆Gеrard Way|It's super effective! Buzzwole lost 84.2% of its health!
|c|☆Gеrard Way|The opposing Pinsir is hurt by Buzzwole's Rocky Helmet!
|c|☆Gеrard Way|Mira eso, oscar
|c|☆Gеrard Way|
|c| Euterupe|damn
|c|☆No man's hax|estaba boosteada esa madre?
|c|☆Gеrard Way|y, pero igual, para ser un pinsir que le da x4 + stab
|c|☆Gеrard Way|Es insane
|c|☆Gеrard Way|Igual, era +1
|c|☆Gеrard Way|Y dio alto 0
|c|☆No man's hax|
|choice|*|*switch 3
|choice|move toxic|switch 3
|
|switch|p2a: Tentacruel|Tentacruel, M|364\/364
|move|p1a: Blastoise|Toxic|p2a: Tentacruel
|-immune|p2a: Tentacruel|[msg]
|
|-heal|p1a: Blastoise|276\/362|[from] item: Leftovers
|upkeep
|turn|7
|choice|*|*move 2
|choice|*switch 2|*
|choice|switch 2|move scald
|
|switch|p1a: Pikachu|Pikachu, M|211\/211
|move|p2a: Tentacruel|Scald|p1a: Pikachu
|-damage|p1a: Pikachu|69\/211
|
|upkeep
|turn|8
|choice|*move 2|*
|c|☆Gеrard Way|Yellow
|c|☆Gеrard Way|Ghostéame
|c|☆Gеrard Way|No sé qué tiene eso
|c|☆Gеrard Way|:(
|c| Euterupe|eso
|c| Euterupe|parece
|c| Euterupe|umm
|c| Euterupe|ni idea
|c| Euterupe|la dvd
|c| Euterupe|hp ice
|c| Euterupe|(?
|choice|*move 4|*
|choice|*move 1|*
|c| Euterupe|o surf maybe
|c|☆Gеrard Way|:thonking:
|c|☆No man's hax|aqui entre nos hara hp ice
|choice|*|*move 4
|choice|move thunderbolt|move protect
|
|move|p2a: Tentacruel|Protect|p2a: Tentacruel
|-singleturn|p2a: Tentacruel|Protect
|move|p1a: Pikachu|Thunderbolt|p2a: Tentacruel
|-activate|p2a: Tentacruel|move: Protect
|
|upkeep
|turn|9
|choice|*move 2|*
|choice|*|*switch 3
|choice|move hiddenpower|switch 3
|
|switch|p2a: Landorus|Landorus-Therian, M|363\/363
|-ability|p2a: Landorus|Intimidate|boost
|-unboost|p1a: Pikachu|atk|1
|move|p1a: Pikachu|Hidden Power|p2a: Landorus
|-supereffective|p2a: Landorus
|-damage|p2a: Landorus|0 fnt
|faint|p2a: Landorus
|
|upkeep
|c|☆Gеrard Way|Ah, rip
|c|☆No man's hax|te salvaste de ser abortado, pero no te salvaras de mi viper
|choice|*|*switch 2
|choice||switch 2
|
|switch|p2a: Tapu Bulu|Tapu Bulu|343\/343
|-fieldstart|move: Grassy Terrain|[from] ability: Grassy Surge|[of] p2a: Tapu Bulu
|turn|10
|choice|*|*move 3
|choice|*switch 6|*
|choice|switch 6|move superpower
|
|switch|p1a: Venusaur|Venusaur, F|301\/301
|move|p2a: Tapu Bulu|Superpower|p1a: Venusaur
|-resisted|p1a: Venusaur
|-damage|p1a: Venusaur|235\/301
|-unboost|p2a: Tapu Bulu|atk|1
|-unboost|p2a: Tapu Bulu|def|1
|
|-heal|p1a: Venusaur|253\/301|[from] Grassy Terrain
|upkeep
|turn|11
|choice|*switch 6|*
|choice|*|*switch 6
|choice|switch 6|switch 6
|
|switch|p1a: Pikachu|Pikachu, M|69\/211
|switch|p2a: Heatran|Heatran, M|323\/323
|
|-heal|p1a: Pikachu|82\/211|[from] Grassy Terrain
|upkeep
|turn|12
|choice|*|*move 4
|choice|*|*move 4
|choice|*move 1|*
|choice|move thunderbolt|move stealthrock
|
|move|p1a: Pikachu|Thunderbolt|p2a: Heatran
|-damage|p2a: Heatran|169\/323
|move|p2a: Heatran|Stealth Rock|p1a: Pikachu
|-sidestart|p1: No man's hax|move: Stealth Rock
|
|-heal|p1a: Pikachu|95\/211|[from] Grassy Terrain
|-heal|p2a: Heatran|189\/323|[from] Grassy Terrain
|upkeep
|turn|13
|c| Euterupe|damage
|choice|*|*move 3
|choice|*move 1|*
|choice|move thunderbolt|move earthpower
|
|move|p1a: Pikachu|Thunderbolt|p2a: Heatran
|-damage|p2a: Heatran|17\/323
|move|p2a: Heatran|Earth Power|p1a: Pikachu
|-supereffective|p1a: Pikachu
|-damage|p1a: Pikachu|0 fnt
|faint|p1a: Pikachu
|
|-heal|p2a: Heatran|37\/323|[from] Grassy Terrain
|upkeep
|choice|*switch 2|*
|choice|switch 2|
|
|switch|p1a: Blastoise|Blastoise, M|276\/362
|-damage|p1a: Blastoise|231\/362|[from] Stealth Rock
|turn|14
|c|☆Gеrard Way|Ufff
|choice|*move 3|*
|c|☆Gеrard Way|Lord pikachu
|choice|*|*switch 5
|choice|move rapidspin|switch 5
|
|switch|p2a: Latias|Latias, F|364\/364
|move|p1a: Blastoise|Rapid Spin|p2a: Latias
|-damage|p2a: Latias|352\/364
|-sideend|p1: No man's hax|Stealth Rock|[from] move: Rapid Spin|[of] p1a: Blastoise
|
|-heal|p1a: Blastoise|253\/362|[from] item: Leftovers
|-heal|p1a: Blastoise|275\/362|[from] Grassy Terrain
|-fieldend|move: Grassy Terrain
|upkeep
|turn|15
|choice|*move 2|*
|choice|*|*move 1 mega
|choice|move toxic|move calmmind mega
|
|-mega|p2a: Latias|Latias|Latiasite
|detailschange|p2a: Latias|Latias-Mega, F
|move|p2a: Latias|Calm Mind|p2a: Latias
|-boost|p2a: Latias|spa|1
|-boost|p2a: Latias|spd|1
|move|p1a: Blastoise|Toxic|p2a: Latias
|-status|p2a: Latias|tox
|
|-heal|p1a: Blastoise|297\/362|[from] item: Leftovers
|-damage|p2a: Latias|330\/364 tox|[from] psn
|upkeep
|turn|16
|choice|*switch 5|*
|choice|*|*move 1
|choice|switch 5|move calmmind
|
|switch|p1a: Espeon|Espeon, F|271\/271
|move|p2a: Latias|Calm Mind|p2a: Latias
|-boost|p2a: Latias|spa|1
|-boost|p2a: Latias|spd|1
|
|-damage|p2a: Latias|286\/364 tox|[from] psn
|upkeep
|turn|17
|choice|*move 3|*
|choice|*|*move 3
|choice|move lightscreen|move storedpower
|
|move|p2a: Latias|Stored Power|p1a: Espeon
|-resisted|p1a: Espeon
|-crit|p1a: Espeon
|-damage|p1a: Espeon|67\/271
|move|p1a: Espeon|Light Screen|p1a: Espeon
|-sidestart|p1: No man's hax|move: Light Screen
|
|-damage|p2a: Latias|220\/364 tox|[from] psn
|upkeep
|turn|18
|choice|*move 2|*
|choice|*|*move 3
|choice|move reflect|move storedpower
|
|move|p2a: Latias|Stored Power|p1a: Espeon
|-resisted|p1a: Espeon
|-damage|p1a: Espeon|0 fnt
|faint|p1a: Espeon
|
|-damage|p2a: Latias|132\/364 tox|[from] psn
|upkeep
|choice|*switch 4|*
|choice|switch 4|
|
|switch|p1a: Snorlax|Snorlax, M|524\/524
|turn|19
|choice|*move 1|*
|choice|*|*switch 6
|choice|move curse|switch 6
|
|switch|p2a: Tapu Bulu|Tapu Bulu|343\/343
|-fieldstart|move: Grassy Terrain|[from] ability: Grassy Surge|[of] p2a: Tapu Bulu
|move|p1a: Snorlax|Curse|p1a: Snorlax
|-unboost|p1a: Snorlax|spe|1
|-boost|p1a: Snorlax|atk|1
|-boost|p1a: Snorlax|def|1
|
|upkeep
|turn|20
|choice|*move 1|*
|choice|*|*move 1
|choice|move curse|move swordsdance
|
|move|p2a: Tapu Bulu|Swords Dance|p2a: Tapu Bulu
|-boost|p2a: Tapu Bulu|atk|2
|move|p1a: Snorlax|Curse|p1a: Snorlax
|-unboost|p1a: Snorlax|spe|1
|-boost|p1a: Snorlax|atk|1
|-boost|p1a: Snorlax|def|1
|
|upkeep
|turn|21
|choice|*move 2|*
|choice|*|*move 1
|choice|move facade|move swordsdance
|
|move|p2a: Tapu Bulu|Swords Dance|p2a: Tapu Bulu
|-boost|p2a: Tapu Bulu|atk|2
|move|p1a: Snorlax|Facade|p2a: Tapu Bulu
|-damage|p2a: Tapu Bulu|183\/343
|
|-heal|p2a: Tapu Bulu|204\/343|[from] item: Leftovers
|-heal|p2a: Tapu Bulu|225\/343|[from] Grassy Terrain
|-sideend|p1: No man's hax|move: Light Screen
|upkeep
|turn|22
|choice|*move 2|*
|choice|*switch 6|*
|choice|*move 2|*
|c|☆Gеrard Way|Espérate oscar
|c|☆Gеrard Way|Está bueno el chisme de tou
|c|☆Gеrard Way|
|c|☆No man's hax|ya, atiende a tu novio
|c|☆No man's hax|yo soy paciente
|choice|*move 2|*
|choice|*|*move 2
|choice|move facade|move hornleech
|
|move|p2a: Tapu Bulu|Horn Leech|p1a: Snorlax
|-damage|p1a: Snorlax|226\/524
|-heal|p2a: Tapu Bulu|343\/343|[from] drain|[of] p1a: Snorlax
|-enditem|p1a: Snorlax|Iapapa Berry|[eat]
|-heal|p1a: Snorlax|488\/524|[from] item: Iapapa Berry
|move|p1a: Snorlax|Facade|p2a: Tapu Bulu
|-damage|p2a: Tapu Bulu|192\/343
|
|-heal|p2a: Tapu Bulu|213\/343|[from] item: Leftovers
|-heal|p2a: Tapu Bulu|234\/343|[from] Grassy Terrain
|-heal|p1a: Snorlax|520\/524|[from] Grassy Terrain
|upkeep
|turn|23
|choice|*|*move 2
|choice|*move 2|*
|choice|move facade|move hornleech
|
|move|p2a: Tapu Bulu|Horn Leech|p1a: Snorlax
|-damage|p1a: Snorlax|234\/524
|-heal|p2a: Tapu Bulu|343\/343|[from] drain|[of] p1a: Snorlax
|move|p1a: Snorlax|Facade|p2a: Tapu Bulu
|-damage|p2a: Tapu Bulu|183\/343
|
|-heal|p2a: Tapu Bulu|204\/343|[from] item: Leftovers
|-heal|p2a: Tapu Bulu|225\/343|[from] Grassy Terrain
|-heal|p1a: Snorlax|266\/524|[from] Grassy Terrain
|-fieldend|move: Grassy Terrain
|upkeep
|turn|24
|choice|*move 3|*
|choice|*|*move 3
|choice|move recycle|move superpower
|
|move|p2a: Tapu Bulu|Superpower|p1a: Snorlax
|-supereffective|p1a: Snorlax
|-damage|p1a: Snorlax|0 fnt
|-unboost|p2a: Tapu Bulu|atk|1
|-unboost|p2a: Tapu Bulu|def|1
|faint|p1a: Snorlax
|
|-heal|p2a: Tapu Bulu|246\/343|[from] item: Leftovers
|upkeep
|choice|*switch 3|*
|choice|switch 3|
|
|switch|p1a: Charizard|Charizard-Mega-X, M|110\/297
|turn|25
|choice|*move 3|*
|choice|*move 3|*
|choice|*|*move 3
|choice|move flareblitz|move superpower
|
|move|p1a: Charizard|Flare Blitz|p2a: Tapu Bulu
|-supereffective|p2a: Tapu Bulu
|-damage|p2a: Tapu Bulu|0 fnt
|-damage|p1a: Charizard|29\/297|[from] recoil
|faint|p2a: Tapu Bulu
|
|upkeep
|choice|*|*switch 6
|choice||switch 6
|
|switch|p2a: Latias|Latias-Mega, F|132\/364 tox
|turn|26
|choice|*|*move 3
|choice|*switch 5|*
|choice|switch 5|move storedpower
|
|switch|p1a: Blastoise|Blastoise, M|297\/362
|move|p2a: Latias|Stored Power|p1a: Blastoise
|-damage|p1a: Blastoise|269\/362
|
|-heal|p1a: Blastoise|291\/362|[from] item: Leftovers
|-damage|p2a: Latias|110\/364 tox|[from] psn
|upkeep
|turn|27
|choice|*|*move 2
|choice|*move 4|*
|choice|move icebeam|move recover
|
|move|p2a: Latias|Recover|p2a: Latias
|-heal|p2a: Latias|292\/364 tox
|move|p1a: Blastoise|Ice Beam|p2a: Latias
|-supereffective|p2a: Latias
|-damage|p2a: Latias|212\/364 tox
|
|-heal|p1a: Blastoise|313\/362|[from] item: Leftovers
|-damage|p2a: Latias|168\/364 tox|[from] psn
|upkeep
|turn|28
|choice|*|*switch 3
|choice|*move 4|*
|choice|*|*switch 5
|choice|move icebeam|switch 5
|
|switch|p2a: Heatran|Heatran, M|37\/323
|move|p1a: Blastoise|Ice Beam|p2a: Heatran
|-resisted|p2a: Heatran
|-damage|p2a: Heatran|22\/323
|
|-heal|p1a: Blastoise|335\/362|[from] item: Leftovers
|upkeep
|turn|29
|choice|*move 1|*
|choice|*|*move 4
|choice|move scald|move stealthrock
|
|move|p2a: Heatran|Stealth Rock|p1a: Blastoise
|-sidestart|p1: No man's hax|move: Stealth Rock
|move|p1a: Blastoise|Scald|p2a: Heatran
|-supereffective|p2a: Heatran
|-damage|p2a: Heatran|0 fnt
|faint|p2a: Heatran
|
|-heal|p1a: Blastoise|357\/362|[from] item: Leftovers
|upkeep
|choice|*|*switch 5
|choice||switch 5
|
|switch|p2a: Latias|Latias-Mega, F|168\/364 tox
|turn|30
|choice|*move 3|*
|c|☆Gеrard Way|Ni sé qué hago tbh
|choice|*|*move 1
|choice|move rapidspin|move calmmind
|
|move|p2a: Latias|Calm Mind|p2a: Latias
|-boost|p2a: Latias|spa|1
|-boost|p2a: Latias|spd|1
|move|p1a: Blastoise|Rapid Spin|p2a: Latias
|-damage|p2a: Latias|159\/364 tox
|-sideend|p1: No man's hax|Stealth Rock|[from] move: Rapid Spin|[of] p1a: Blastoise
|
|-heal|p1a: Blastoise|362\/362|[from] item: Leftovers
|-damage|p2a: Latias|137\/364 tox|[from] psn
|upkeep
|turn|31
|choice|*move 4|*
|choice|*|*move 2
|choice|move icebeam|move recover
|
|move|p2a: Latias|Recover|p2a: Latias
|-heal|p2a: Latias|319\/364 tox
|move|p1a: Blastoise|Ice Beam|p2a: Latias
|-supereffective|p2a: Latias
|-damage|p2a: Latias|265\/364 tox
|
|-damage|p2a: Latias|221\/364 tox|[from] psn
|upkeep
|turn|32
|choice|*move 4|*
|choice|*|*move 1
|choice|move icebeam|move calmmind
|
|move|p2a: Latias|Calm Mind|p2a: Latias
|-boost|p2a: Latias|spa|1
|-boost|p2a: Latias|spd|1
|move|p1a: Blastoise|Ice Beam|p2a: Latias
|-supereffective|p2a: Latias
|-damage|p2a: Latias|173\/364 tox
|
|-damage|p2a: Latias|107\/364 tox|[from] psn
|upkeep
|turn|33
|choice|*|*move 3
|choice|*move 4|*
|choice|move icebeam|move storedpower
|
|move|p2a: Latias|Stored Power|p1a: Blastoise
|-damage|p1a: Blastoise|38\/362
|move|p1a: Blastoise|Ice Beam|p2a: Latias
|-supereffective|p2a: Latias
|-damage|p2a: Latias|61\/364 tox
|
|-heal|p1a: Blastoise|60\/362|[from] item: Leftovers
|-damage|p2a: Latias|0 fnt|[from] psn
|upkeep
|faint|p2a: Latias
|c|☆No man's hax|perder con red team, das asco
|c|☆Gеrard Way|Bueno, gg
|choice|*|*switch 3
|choice||switch 3
|
|switch|p2a: Tentacruel|Tentacruel, M|364\/364
|turn|34
|choice|*move 1|*
|c|☆Gеrard Way|No he perdido
|c|☆Gеrard Way|e.e
|c|☆No man's hax|en realidad si
|choice|*|*move 1
|choice|move scald|move toxicspikes
|
|move|p2a: Tentacruel|Toxic Spikes|p1a: Blastoise
|-sidestart|p1: No man's hax|move: Toxic Spikes
|move|p1a: Blastoise|Scald|p2a: Tentacruel
|-resisted|p2a: Tentacruel
|-damage|p2a: Tentacruel|327\/364
|-status|p2a: Tentacruel|brn
|
|-heal|p2a: Tentacruel|349\/364 brn|[from] item: Leftovers
|-heal|p1a: Blastoise|82\/362|[from] item: Leftovers
|-damage|p2a: Tentacruel|327\/364 brn|[from] brn
|upkeep
|turn|35
|choice|*|*move 2
|choice|*move 1|*
|choice|move scald|move scald
|
|move|p2a: Tentacruel|Scald|p1a: Blastoise
|-resisted|p1a: Blastoise
|-damage|p1a: Blastoise|45\/362
|-status|p1a: Blastoise|brn
|move|p1a: Blastoise|Scald|p2a: Tentacruel
|-resisted|p2a: Tentacruel
|-damage|p2a: Tentacruel|288\/364 brn
|
|-heal|p2a: Tentacruel|310\/364 brn|[from] item: Leftovers
|-heal|p1a: Blastoise|67\/362 brn|[from] item: Leftovers
|-damage|p2a: Tentacruel|288\/364 brn|[from] brn
|-damage|p1a: Blastoise|45\/362 brn|[from] brn
|upkeep
|turn|36
|choice|*move 1|*
|c|☆Gеrard Way|Ah, ahora que burneaste, sí
|c|☆No man's hax|nope
|c|☆No man's hax|te digo diciendo que yo gane
|c|☆Gеrard Way|!dt liquid ooze
|c|~|\/data-ability Liquid Ooze
|raw|<font size="1"><\/font>
|c|☆Gеrard Way|No me tocabas con venu
|c|☆Gеrard Way|Ni con leech
|c|☆No man's hax|estas seguro?
|c|☆Gеrard Way|Ah, eres oscar
|c|☆Gеrard Way|De seguro lo usas eq
|c|☆Gеrard Way|e.e
|c|☆No man's hax|soy oscar, no jey
|c|☆No man's hax|
|c|☆Gеrard Way|Son sinónimos en cuanto a sets y plays
|c|☆Gеrard Way|e.e
|choice|*|*move 2
|choice|move scald|move scald
|
|move|p2a: Tentacruel|Scald|p1a: Blastoise
|-resisted|p1a: Blastoise
|-damage|p1a: Blastoise|6\/362 brn
|move|p1a: Blastoise|Scald|p2a: Tentacruel
|-resisted|p2a: Tentacruel
|-damage|p2a: Tentacruel|247\/364 brn
|
|-heal|p2a: Tentacruel|269\/364 brn|[from] item: Leftovers
|-heal|p1a: Blastoise|28\/362 brn|[from] item: Leftovers
|-damage|p2a: Tentacruel|247\/364 brn|[from] brn
|-damage|p1a: Blastoise|6\/362 brn|[from] brn
|upkeep
|turn|37
|choice|*|*move 2
|choice|*|*move 2
|choice|*|*move 1
|choice|*|*move 2
|choice|*move 1|*
|choice|move scald|move scald
|
|move|p2a: Tentacruel|Scald|p1a: Blastoise
|-resisted|p1a: Blastoise
|-damage|p1a: Blastoise|0 fnt
|faint|p1a: Blastoise
|
|-heal|p2a: Tentacruel|269\/364 brn|[from] item: Leftovers
|-damage|p2a: Tentacruel|247\/364 brn|[from] brn
|upkeep
|choice|*switch 5|*
|choice|switch 5|
|
|switch|p1a: Charizard|Charizard-Mega-X, M|29\/297
|-status|p1a: Charizard|psn
|turn|38
|choice|*move 2|*
|c|☆No man's hax|si esto no te mata el venu lo hara descuida
|choice|*|*move 4
|choice|move earthquake|move protect
|
|move|p2a: Tentacruel|Protect|p2a: Tentacruel
|-singleturn|p2a: Tentacruel|Protect
|move|p1a: Charizard|Earthquake|p2a: Tentacruel
|-activate|p2a: Tentacruel|move: Protect
|
|-heal|p2a: Tentacruel|269\/364 brn|[from] item: Leftovers
|-damage|p1a: Charizard|0 fnt|[from] psn
|-damage|p2a: Tentacruel|247\/364 brn|[from] brn
|upkeep
|faint|p1a: Charizard
|choice|*switch 6|*
|choice|switch 6|
|
|switch|p1a: Venusaur|Venusaur, F|253\/301
|-sideend|p1: No man's hax|move: Toxic Spikes|[of] p1a: Venusaur
|turn|39
|choice|*move 1|*
|c| Euterupe|jajaja
|player|p2|
|c|☆No man's hax|con que asi te vas a poner eh puerca
|player|p2|Gеrard Way|grardway-12.gif?723c5bd0
|c|☆Gеrard Way|Lord tentacruel
|choice|*|*move 2
|choice|move growth|move scald
|
|move|p1a: Venusaur|Growth|p1a: Venusaur
|-boost|p1a: Venusaur|atk|1
|-boost|p1a: Venusaur|spa|1
|move|p2a: Tentacruel|Scald|p1a: Venusaur
|-resisted|p1a: Venusaur
|-damage|p1a: Venusaur|211\/301
|
|-heal|p2a: Tentacruel|269\/364 brn|[from] item: Leftovers
|-damage|p2a: Tentacruel|247\/364 brn|[from] brn
|upkeep
|turn|40
|choice|*move 1|*
|choice|*|*move 2
|choice|move growth|move scald
|
|move|p1a: Venusaur|Growth|p1a: Venusaur
|-boost|p1a: Venusaur|atk|1
|-boost|p1a: Venusaur|spa|1
|move|p2a: Tentacruel|Scald|p1a: Venusaur
|-resisted|p1a: Venusaur
|-damage|p1a: Venusaur|169\/301
|
|-heal|p2a: Tentacruel|269\/364 brn|[from] item: Leftovers
|-damage|p2a: Tentacruel|247\/364 brn|[from] brn
|upkeep
|turn|41
|choice|*|*move 2
|choice|*move 2|*
|choice|move sludgebomb|move scald
|
|move|p1a: Venusaur|Sludge Bomb|p2a: Tentacruel
|-resisted|p2a: Tentacruel
|-damage|p2a: Tentacruel|148\/364 brn
|move|p2a: Tentacruel|Scald|p1a: Venusaur
|-resisted|p1a: Venusaur
|-damage|p1a: Venusaur|128\/301
|-status|p1a: Venusaur|brn
|
|-heal|p2a: Tentacruel|170\/364 brn|[from] item: Leftovers
|-damage|p1a: Venusaur|110\/301 brn|[from] brn
|-damage|p2a: Tentacruel|148\/364 brn|[from] brn
|upkeep
|turn|42
|choice|*move 3 zmove|*
|choice|*|*move 2
|choice|move gigadrain zmove|move scald
|
|-zpower|p1a: Venusaur
|move|p1a: Venusaur|Bloom Doom|p2a: Tentacruel|[zeffect]
|-damage|p2a: Tentacruel|0 fnt
|faint|p2a: Tentacruel
|
|win|No man's hax
|c|☆No man's hax|te dije, yo ganaba de igual forma
</script>
</div>
<div class="battle-log battle-log-inline"><div class="inner"><div class="battle-options"></div><div class="inner"><div class=""><small>Format:</small> <br><strong>OU</strong></div><div class=""><small><em>Cláusula-Mod de Dormir:</em> solo puedes dormir a uno de tus oponentes a la vez.</small></div><div class=""><small><em>Cláusula de Especie:</em> Hasta un Pokémon de cada especie</small></div><div class=""><small><em>Cláusula de Golpe Fulminante:</em> los movimientos fulminantes (OHKO) estan prohibidos</small></div><div class=""><small><em>Cláusula de Veleta:</em> la habilidad Veleta está prohibida</small></div><div class=""><small><em>Cláusula de Movimientos Evasivos:</em> los movimientos de Evasión están prohibidos.</small></div><div class=""><small><em>Cláusula de Batallas Eternas:</em> forzar batallas eternas está prohibido</small></div><div class="chat battle-history"><strong>No man's hax's team:</strong> <em style="color:#445566;display:block;">Pikachu / Charizard / Blastoise / Snorlax / Espeon / Venusaur</em></div><div class="chat battle-history"><strong>Gеrard Way's team:</strong> <em style="color:#445566;display:block;">Tentacruel / Tapu Bulu / Heatran / Buzzwole / Latias / Landorus-Therian</em></div><div class="chat chatmessage-grardway"><strong style="color:hsl(23,56%,44%)"><small>☆</small><span class="username" data-name="Gеrard Way">Gеrard Way</span>:</strong> <em>Ufff</em></div><div class="chat chatmessage-grardway"><strong style="color:hsl(23,56%,44%)"><small>☆</small><span class="username" data-name="Gеrard Way">Gеrard Way</span>:</strong> <em>goat</em></div><div class="chat chatmessage-nomanshax"><strong style="color:hsl(105,82%,35%)"><small>☆</small><span class="username" data-name="No man's hax">No man's hax</span>:</strong> <em>bleesed team</em></div><div class="chat chatmessage-grardway"><strong style="color:hsl(23,56%,44%)"><small>☆</small><span class="username" data-name="Gеrard Way">Gеrard Way</span>:</strong> <em>gl hf</em></div><div class="spacer battle-history"><br></div><div class="battle-history">Battle started between No man's hax and Gеrard Way!<br></div><div class="spacer battle-history"><br></div><div class="battle-history">Go! <strong>Pikachu</strong>!<br></div><div class="spacer battle-history"><br></div><div class="battle-history">Gеrard Way sent out <strong>Heatran</strong>!<br></div><div class="spacer battle-history"><br></div><h2 class="battle-history">Turn 1</h2><div class="spacer battle-history"><br></div><div class="battle-history">Gеrard Way withdrew Heatran!<br></div><div class="battle-history">Gеrard Way sent out Landorus (<strong>Landorus-Therian</strong>)!<br></div><div class="battle-history"><small>[The opposing Landorus's Intimidate]</small><br></div><div class="battle-history"><small>Pikachu's Attack fell!</small><br></div><div class="spacer battle-history"><br></div><div class="battle-history">Pikachu used <strong>Volt Tackle</strong>!<br></div><div class="battle-history"><small>It doesn't affect the opposing Landorus...</small><br></div><div class="spacer battle-history"><br></div><h2 class="battle-history">Turn 2</h2><div class="spacer battle-history"><br></div><div class="battle-history">Pikachu, come back!<br></div><div class="battle-history">Go! <strong>Charizard</strong>!<br></div><div class="spacer battle-history"><br></div><div class="battle-history">The opposing Landorus used <strong>Earthquake</strong>!<br></div><div class="battle-history"><small>It doesn't affect Charizard...</small><br></div><div class="spacer battle-history"><br></div><h2 class="battle-history">Turn 3</h2><div class="spacer battle-history"><br></div><div class="battle-history">Gеrard Way withdrew Landorus!<br></div><div class="battle-history">Gеrard Way sent out <strong>Buzzwole</strong>!<br></div><div class="spacer battle-history"><br></div><div class="battle-history">Charizard used <strong>Dragon Dance</strong>!<br></div><div class="battle-history"><small>Charizard's Attack rose!</small><br></div><div class="battle-history"><small>Charizard's Speed rose!</small><br></div><div class="spacer battle-history"><br></div><h2 class="battle-history">Turn 4</h2><div class="spacer battle-history"><br></div><div class="battle-history"><small>Charizard's Charizardite X is reacting to the Key Stone!</small><br>Charizard has Mega Evolved into Mega Charizard!<br></div><div class="spacer battle-history"><br></div><div class="battle-history">Charizard used <strong>Flare Blitz</strong>!<br></div><div class="battle-history"><small>It's super effective!</small><br></div><div class="battle-history"><small>(The opposing Buzzwole lost <abbr title="−418/418">100%</abbr> of its health!)</small><br></div><div class="battle-history"><small>Charizard was hurt by the Rocky Helmet!</small><br></div><div class="battle-history"><small>Charizard is damaged by the recoil!</small><br></div><div class="spacer battle-history"><br></div><div class="battle-history">The opposing Buzzwole fainted!<br></div><div class="chat chatmessage-grardway"><strong style="color:hsl(23,56%,44%)"><small>☆</small><span class="username" data-name="Gеrard Way">Gеrard Way</span>:</strong> <em>Bueno, gg</em></div><div class="chat chatmessage-grardway"><strong style="color:hsl(23,56%,44%)"><small>☆</small><span class="username" data-name="Gеrard Way">Gеrard Way</span>:</strong> <em>a.a</em></div><div class="spacer battle-history"><br></div><div class="battle-history">Gеrard Way sent out Landorus (<strong>Landorus-Therian</strong>)!<br></div><div class="battle-history"><small>[The opposing Landorus's Intimidate]</small><br></div><div class="battle-history"><small>Charizard's Attack fell!</small><br></div><div class="spacer battle-history"><br></div><h2 class="battle-history">Turn 5</h2><div class="chat chatmessage-nomanshax"><strong style="color:hsl(105,82%,35%)"><small>☆</small><span class="username" data-name="No man's hax">No man's hax</span>:</strong> <em>jeyzzwole eh?</em></div><div class="spacer battle-history"><br></div><div class="battle-history">Charizard, come back!<br></div><div class="battle-history">Go! <strong>Blastoise</strong>!<br></div><div class="spacer battle-history"><br></div><div class="battle-history">The opposing Landorus used <strong>Earthquake</strong>!<br></div><div class="battle-history"><small>(Blastoise lost <abbr title="−130/362">35.9%</abbr> of its health!)</small><br></div><div class="spacer battle-history"><br></div><div class="battle-history"><small>Blastoise restored a little HP using its Leftovers!</small><br></div><div class="spacer battle-history"><br></div><h2 class="battle-history">Turn 6</h2><div class="chat chatmessage-grardway"><strong style="color:hsl(23,56%,44%)"><small>☆</small><span class="username" data-name="Gеrard Way">Gеrard Way</span>:</strong> <em>Nouyi me sonsacó a usarlo xd</em></div><div class="chat chatmessage-euterupe"><strong style="color:hsl(228,76%,57.77891553600471%)"><small> </small><span class="username" data-name="Euterupe">Euterupe</span>:</strong> <em>ufff</em></div><div class="chat chatmessage-euterupe"><strong style="color:hsl(228,76%,57.77891553600471%)"><small> </small><span class="username" data-name="Euterupe">Euterupe</span>:</strong> <em>team de red</em></div><div class="chat chatmessage-euterupe"><strong style="color:hsl(228,76%,57.77891553600471%)"><small> </small><span class="username" data-name="Euterupe">Euterupe</span>:</strong> <em>vs</em></div><div class="chat chatmessage-euterupe"><strong style="color:hsl(228,76%,57.77891553600471%)"><small> </small><span class="username" data-name="Euterupe">Euterupe</span>:</strong> <em></em></div><div class="chat chatmessage-grardway"><strong style="color:hsl(23,56%,44%)"><small>☆</small><span class="username" data-name="Gеrard Way">Gеrard Way</span>:</strong> <em>Tentagod</em></div><div class="chat chatmessage-grardway"><strong style="color:hsl(23,56%,44%)"><small>☆</small><span class="username" data-name="Gеrard Way">Gеrard Way</span>:</strong> <em>The opposing Pinsir used Return!</em></div><div class="chat chatmessage-grardway"><strong style="color:hsl(23,56%,44%)"><small>☆</small><span class="username" data-name="Gеrard Way">Gеrard Way</span>:</strong> <em>It's super effective! Buzzwole lost 84.2% of its health!</em></div><div class="chat chatmessage-grardway"><strong style="color:hsl(23,56%,44%)"><small>☆</small><span class="username" data-name="Gеrard Way">Gеrard Way</span>:</strong> <em>The opposing Pinsir is hurt by Buzzwole's Rocky Helmet!</em></div><div class="chat chatmessage-grardway"><strong style="color:hsl(23,56%,44%)"><small>☆</small><span class="username" data-name="Gеrard Way">Gеrard Way</span>:</strong> <em>Mira eso, oscar</em></div><div class="chat chatmessage-grardway"><strong style="color:hsl(23,56%,44%)"><small>☆</small><span class="username" data-name="Gеrard Way">Gеrard Way</span>:</strong> <em></em></div><div class="chat chatmessage-euterupe"><strong style="color:hsl(228,76%,57.77891553600471%)"><small> </small><span class="username" data-name="Euterupe">Euterupe</span>:</strong> <em>damn</em></div><div class="chat chatmessage-nomanshax"><strong style="color:hsl(105,82%,35%)"><small>☆</small><span class="username" data-name="No man's hax">No man's hax</span>:</strong> <em>estaba boosteada esa madre?</em></div><div class="chat chatmessage-grardway"><strong style="color:hsl(23,56%,44%)"><small>☆</small><span class="username" data-name="Gеrard Way">Gеrard Way</span>:</strong> <em>y, pero igual, para ser un pinsir que le da x4 + stab</em></div><div class="chat chatmessage-grardway"><strong style="color:hsl(23,56%,44%)"><small>☆</small><span class="username" data-name="Gеrard Way">Gеrard Way</span>:</strong> <em>Es insane</em></div><div class="chat chatmessage-grardway"><strong style="color:hsl(23,56%,44%)"><small>☆</small><span class="username" data-name="Gеrard Way">Gеrard Way</span>:</strong> <em>Igual, era +1</em></div><div class="chat chatmessage-grardway"><strong style="color:hsl(23,56%,44%)"><small>☆</small><span class="username" data-name="Gеrard Way">Gеrard Way</span>:</strong> <em>Y dio alto 0</em></div><div class="chat chatmessage-nomanshax"><strong style="color:hsl(105,82%,35%)"><small>☆</small><span class="username" data-name="No man's hax">No man's hax</span>:</strong> <em></em></div><div class="spacer battle-history"><br></div><div class="battle-history">Gеrard Way withdrew Landorus!<br></div><div class="battle-history">Gеrard Way sent out <strong>Tentacruel</strong>!<br></div><div class="spacer battle-history"><br></div><div class="battle-history">Blastoise used <strong>Toxic</strong>!<br></div><div class="battle-history"><small>It doesn't affect the opposing Tentacruel...</small><br></div><div class="spacer battle-history"><br></div><div class="battle-history"><small>Blastoise restored a little HP using its Leftovers!</small><br></div><div class="spacer battle-history"><br></div><h2 class="battle-history">Turn 7</h2><div class="spacer battle-history"><br></div><div class="battle-history">Blastoise, come back!<br></div><div class="battle-history">Go! <strong>Pikachu</strong>!<br></div><div class="spacer battle-history"><br></div><div class="battle-history">The opposing Tentacruel used <strong>Scald</strong>!<br></div><div class="battle-history"><small>(Pikachu lost <abbr title="−142/211">67.3%</abbr> of its health!)</small><br></div><div class="spacer battle-history"><br></div><h2 class="battle-history">Turn 8</h2><div class="chat chatmessage-grardway"><strong style="color:hsl(23,56%,44%)"><small>☆</small><span class="username" data-name="Gеrard Way">Gеrard Way</span>:</strong> <em>Yellow</em></div><div class="chat chatmessage-grardway"><strong style="color:hsl(23,56%,44%)"><small>☆</small><span class="username" data-name="Gеrard Way">Gеrard Way</span>:</strong> <em>Ghostéame</em></div><div class="chat chatmessage-grardway"><strong style="color:hsl(23,56%,44%)"><small>☆</small><span class="username" data-name="Gеrard Way">Gеrard Way</span>:</strong> <em>No sé qué tiene eso</em></div><div class="chat chatmessage-grardway"><strong style="color:hsl(23,56%,44%)"><small>☆</small><span class="username" data-name="Gеrard Way">Gеrard Way</span>:</strong> <em>:(</em></div><div class="chat chatmessage-euterupe"><strong style="color:hsl(228,76%,57.77891553600471%)"><small> </small><span class="username" data-name="Euterupe">Euterupe</span>:</strong> <em>eso</em></div><div class="chat chatmessage-euterupe"><strong style="color:hsl(228,76%,57.77891553600471%)"><small> </small><span class="username" data-name="Euterupe">Euterupe</span>:</strong> <em>parece</em></div><div class="chat chatmessage-euterupe"><strong style="color:hsl(228,76%,57.77891553600471%)"><small> </small><span class="username" data-name="Euterupe">Euterupe</span>:</strong> <em>umm</em></div><div class="chat chatmessage-euterupe"><strong style="color:hsl(228,76%,57.77891553600471%)"><small> </small><span class="username" data-name="Euterupe">Euterupe</span>:</strong> <em>ni idea</em></div><div class="chat chatmessage-euterupe"><strong style="color:hsl(228,76%,57.77891553600471%)"><small> </small><span class="username" data-name="Euterupe">Euterupe</span>:</strong> <em>la dvd</em></div><div class="chat chatmessage-euterupe"><strong style="color:hsl(228,76%,57.77891553600471%)"><small> </small><span class="username" data-name="Euterupe">Euterupe</span>:</strong> <em>hp ice</em></div><div class="chat chatmessage-euterupe"><strong style="color:hsl(228,76%,57.77891553600471%)"><small> </small><span class="username" data-name="Euterupe">Euterupe</span>:</strong> <em>(?</em></div><div class="chat chatmessage-euterupe"><strong style="color:hsl(228,76%,57.77891553600471%)"><small> </small><span class="username" data-name="Euterupe">Euterupe</span>:</strong> <em>o surf maybe</em></div><div class="chat chatmessage-grardway"><strong style="color:hsl(23,56%,44%)"><small>☆</small><span class="username" data-name="Gеrard Way">Gеrard Way</span>:</strong> <em>:thonking:</em></div><div class="chat chatmessage-nomanshax"><strong style="color:hsl(105,82%,35%)"><small>☆</small><span class="username" data-name="No man's hax">No man's hax</span>:</strong> <em>aqui entre nos hara hp ice</em></div><div class="spacer battle-history"><br></div><div class="battle-history">The opposing Tentacruel used <strong>Protect</strong>!<br></div><div class="battle-history"><small>The opposing Tentacruel protected itself!</small><br></div><div class="spacer battle-history"><br></div><div class="battle-history">Pikachu used <strong>Thunderbolt</strong>!<br></div><div class="battle-history"><small>The opposing Tentacruel protected itself!</small><br></div><div class="spacer battle-history"><br></div><h2 class="battle-history">Turn 9</h2><div class="spacer battle-history"><br></div><div class="battle-history">Gеrard Way withdrew Tentacruel!<br></div><div class="battle-history">Gеrard Way sent out Landorus (<strong>Landorus-Therian</strong>)!<br></div><div class="battle-history"><small>[The opposing Landorus's Intimidate]</small><br></div><div class="battle-history"><small>Pikachu's Attack fell!</small><br></div><div class="spacer battle-history"><br></div><div class="battle-history">Pikachu used <strong>Hidden Power</strong>!<br></div><div class="battle-history"><small>It's super effective!</small><br></div><div class="battle-history"><small>(The opposing Landorus lost <abbr title="−363/363">100%</abbr> of its health!)</small><br></div><div class="spacer battle-history"><br></div><div class="battle-history">The opposing Landorus fainted!<br></div><div class="chat chatmessage-grardway"><strong style="color:hsl(23,56%,44%)"><small>☆</small><span class="username" data-name="Gеrard Way">Gеrard Way</span>:</strong> <em>Ah, rip</em></div><div class="chat chatmessage-nomanshax"><strong style="color:hsl(105,82%,35%)"><small>☆</small><span class="username" data-name="No man's hax">No man's hax</span>:</strong> <em>te salvaste de ser abortado, pero no te salvaras de mi viper</em></div><div class="spacer battle-history"><br></div><div class="battle-history">Gеrard Way sent out <strong>Tapu Bulu</strong>!<br></div><div class="battle-history"><small>[The opposing Tapu Bulu's Grassy Surge]</small><br><small>Grass grew to cover the battlefield!</small><br></div><div class="spacer battle-history"><br></div><h2 class="battle-history">Turn 10</h2><div class="spacer battle-history"><br></div><div class="battle-history">Pikachu, come back!<br></div><div class="battle-history">Go! <strong>Venusaur</strong>!<br></div><div class="spacer battle-history"><br></div><div class="battle-history">The opposing Tapu Bulu used <strong>Superpower</strong>!<br></div><div class="battle-history"><small>It's not very effective...</small><br></div><div class="battle-history"><small>(Venusaur lost <abbr title="−66/301">21.9%</abbr> of its health!)</small><br></div><div class="battle-history"><small>The opposing Tapu Bulu's Attack fell!</small><br></div><div class="battle-history"><small>The opposing Tapu Bulu's Defense fell!</small><br></div><div class="spacer battle-history"><br></div><div class="battle-history"><small>Venusaur restored HP using its Grassy Terrain!</small><br></div><div class="spacer battle-history"><br></div><h2 class="battle-history">Turn 11</h2><div class="spacer battle-history"><br></div><div class="battle-history">Venusaur, come back!<br></div><div class="battle-history">Go! <strong>Pikachu</strong>!<br></div><div class="spacer battle-history"><br></div><div class="battle-history">Gеrard Way withdrew Tapu Bulu!<br></div><div class="battle-history">Gеrard Way sent out <strong>Heatran</strong>!<br></div><div class="spacer battle-history"><br></div><div class="battle-history"><small>Pikachu restored HP using its Grassy Terrain!</small><br></div><div class="spacer battle-history"><br></div><h2 class="battle-history">Turn 12</h2><div class="spacer battle-history"><br></div><div class="battle-history">Pikachu used <strong>Thunderbolt</strong>!<br></div><div class="battle-history"><small>(The opposing Heatran lost <abbr title="−154/323">47.7%</abbr> of its health!)</small><br></div><div class="spacer battle-history"><br></div><div class="battle-history">The opposing Heatran used <strong>Stealth Rock</strong>!<br></div><div class="battle-history"><small>Pointed stones float in the air around your team!</small><br></div><div class="spacer battle-history"><br></div><div class="battle-history"><small>Pikachu restored HP using its Grassy Terrain!</small><br></div><div class="battle-history"><small>The opposing Heatran restored HP using its Grassy Terrain!</small><br></div><div class="spacer battle-history"><br></div><h2 class="battle-history">Turn 13</h2><div class="chat chatmessage-euterupe"><strong style="color:hsl(228,76%,57.77891553600471%)"><small> </small><span class="username" data-name="Euterupe">Euterupe</span>:</strong> <em>damage</em></div><div class="spacer battle-history"><br></div><div class="battle-history">Pikachu used <strong>Thunderbolt</strong>!<br></div><div class="battle-history"><small>(The opposing Heatran lost <abbr title="−172/323">53.3%</abbr> of its health!)</small><br></div><div class="spacer battle-history"><br></div><div class="battle-history">The opposing Heatran used <strong>Earth Power</strong>!<br></div><div class="battle-history"><small>It's super effective!</small><br></div><div class="battle-history"><small>(Pikachu lost <abbr title="−95/211">45.0%</abbr> of its health!)</small><br></div><div class="spacer battle-history"><br></div><div class="battle-history">Pikachu fainted!<br></div><div class="spacer battle-history"><br></div><div class="battle-history"><small>The opposing Heatran restored HP using its Grassy Terrain!</small><br></div><div class="spacer battle-history"><br></div><div class="battle-history">Go! <strong>Blastoise</strong>!<br></div><div class="battle-history"><small>Pointed stones dug into Blastoise!</small><br></div><div class="spacer battle-history"><br></div><h2 class="battle-history">Turn 14</h2><div class="chat chatmessage-grardway"><strong style="color:hsl(23,56%,44%)"><small>☆</small><span class="username" data-name="Gеrard Way">Gеrard Way</span>:</strong> <em>Ufff</em></div><div class="chat chatmessage-grardway"><strong style="color:hsl(23,56%,44%)"><small>☆</small><span class="username" data-name="Gеrard Way">Gеrard Way</span>:</strong> <em>Lord pikachu</em></div><div class="spacer battle-history"><br></div><div class="battle-history">Gеrard Way withdrew Heatran!<br></div><div class="battle-history">Gеrard Way sent out <strong>Latias</strong>!<br></div><div class="spacer battle-history"><br></div><div class="battle-history">Blastoise used <strong>Rapid Spin</strong>!<br></div><div class="battle-history"><small>(The opposing Latias lost <abbr title="−12/364">3.3%</abbr> of its health!)</small><br></div><div class="battle-history"><small>The pointed stones disappeared from around your team!</small><br></div><div class="spacer battle-history"><br></div><div class="battle-history"><small>Blastoise restored a little HP using its Leftovers!</small><br></div><div class="battle-history"><small>Blastoise restored HP using its Grassy Terrain!</small><br></div><div class="battle-history"><small>The grass disappeared from the battlefield.</small><br></div><div class="spacer battle-history"><br></div><h2 class="battle-history">Turn 15</h2><div class="spacer battle-history"><br></div><div class="battle-history"><small>The opposing Latias's Latiasite is reacting to the Key Stone!</small><br>The opposing Latias has Mega Evolved into Mega Latias!<br></div><div class="spacer battle-history"><br></div><div class="battle-history">The opposing Latias used <strong>Calm Mind</strong>!<br></div><div class="battle-history"><small>The opposing Latias's Special Attack rose!</small><br></div><div class="battle-history"><small>The opposing Latias's Special Defense rose!</small><br></div><div class="spacer battle-history"><br></div><div class="battle-history">Blastoise used <strong>Toxic</strong>!<br></div><div class="battle-history"><small>The opposing Latias was badly poisoned!</small><br></div><div class="spacer battle-history"><br></div><div class="battle-history"><small>Blastoise restored a little HP using its Leftovers!</small><br></div><div class="battle-history"><small>The opposing Latias was hurt by poison!</small><br></div><div class="spacer battle-history"><br></div><h2 class="battle-history">Turn 16</h2><div class="spacer battle-history"><br></div><div class="battle-history">Blastoise, come back!<br></div><div class="battle-history">Go! <strong>Espeon</strong>!<br></div><div class="spacer battle-history"><br></div><div class="battle-history">The opposing Latias used <strong>Calm Mind</strong>!<br></div><div class="battle-history"><small>The opposing Latias's Special Attack rose!</small><br></div><div class="battle-history"><small>The opposing Latias's Special Defense rose!</small><br></div><div class="spacer battle-history"><br></div><div class="battle-history"><small>The opposing Latias was hurt by poison!</small><br></div><div class="spacer battle-history"><br></div><h2 class="battle-history">Turn 17</h2><div class="spacer battle-history"><br></div><div class="battle-history">The opposing Latias used <strong>Stored Power</strong>!<br></div><div class="battle-history"><small>It's not very effective...</small><br></div><div class="battle-history"><small>A critical hit!</small><br></div><div class="battle-history"><small>(Espeon lost <abbr title="−204/271">75.3%</abbr> of its health!)</small><br></div><div class="spacer battle-history"><br></div><div class="battle-history">Espeon used <strong>Light Screen</strong>!<br></div><div class="battle-history"><small>Light Screen made your team stronger against special moves!</small><br></div><div class="spacer battle-history"><br></div><div class="battle-history"><small>The opposing Latias was hurt by poison!</small><br></div><div class="spacer battle-history"><br></div><h2 class="battle-history">Turn 18</h2><div class="spacer battle-history"><br></div><div class="battle-history">The opposing Latias used <strong>Stored Power</strong>!<br></div><div class="battle-history"><small>It's not very effective...</small><br></div><div class="battle-history"><small>(Espeon lost <abbr title="−67/271">24.7%</abbr> of its health!)</small><br></div><div class="spacer battle-history"><br></div><div class="battle-history">Espeon fainted!<br></div><div class="spacer battle-history"><br></div><div class="battle-history"><small>The opposing Latias was hurt by poison!</small><br></div><div class="spacer battle-history"><br></div><div class="battle-history">Go! <strong>Snorlax</strong>!<br></div><div class="spacer battle-history"><br></div><h2 class="battle-history">Turn 19</h2><div class="spacer battle-history"><br></div><div class="battle-history">Gеrard Way withdrew Latias!<br></div><div class="battle-history">Gеrard Way sent out <strong>Tapu Bulu</strong>!<br></div><div class="battle-history"><small>[The opposing Tapu Bulu's Grassy Surge]</small><br><small>Grass grew to cover the battlefield!</small><br></div><div class="spacer battle-history"><br></div><div class="battle-history">Snorlax used <strong>Curse</strong>!<br></div><div class="battle-history"><small>Snorlax's Speed fell!</small><br></div><div class="battle-history"><small>Snorlax's Attack rose!</small><br></div><div class="battle-history"><small>Snorlax's Defense rose!</small><br></div><div class="spacer battle-history"><br></div><h2 class="battle-history">Turn 20</h2><div class="spacer battle-history"><br></div><div class="battle-history">The opposing Tapu Bulu used <strong>Swords Dance</strong>!<br></div><div class="battle-history"><small>The opposing Tapu Bulu's Attack rose sharply!</small><br></div><div class="spacer battle-history"><br></div><div class="battle-history">Snorlax used <strong>Curse</strong>!<br></div><div class="battle-history"><small>Snorlax's Speed fell!</small><br></div><div class="battle-history"><small>Snorlax's Attack rose!</small><br></div><div class="battle-history"><small>Snorlax's Defense rose!</small><br></div><div class="spacer battle-history"><br></div><h2 class="battle-history">Turn 21</h2><div class="spacer battle-history"><br></div><div class="battle-history">The opposing Tapu Bulu used <strong>Swords Dance</strong>!<br></div><div class="battle-history"><small>The opposing Tapu Bulu's Attack rose sharply!</small><br></div><div class="spacer battle-history"><br></div><div class="battle-history">Snorlax used <strong>Facade</strong>!<br></div><div class="battle-history"><small>(The opposing Tapu Bulu lost <abbr title="−160/343">46.6%</abbr> of its health!)</small><br></div><div class="spacer battle-history"><br></div><div class="battle-history"><small>The opposing Tapu Bulu restored a little HP using its Leftovers!</small><br></div><div class="battle-history"><small>The opposing Tapu Bulu restored HP using its Grassy Terrain!</small><br></div><div class="battle-history"><small>Your team's Light Screen wore off!</small><br></div><div class="spacer battle-history"><br></div><h2 class="battle-history">Turn 22</h2><div class="chat chatmessage-grardway"><strong style="color:hsl(23,56%,44%)"><small>☆</small><span class="username" data-name="Gеrard Way">Gеrard Way</span>:</strong> <em>Espérate oscar</em></div><div class="chat chatmessage-grardway"><strong style="color:hsl(23,56%,44%)"><small>☆</small><span class="username" data-name="Gеrard Way">Gеrard Way</span>:</strong> <em>Está bueno el chisme de tou</em></div><div class="chat chatmessage-grardway"><strong style="color:hsl(23,56%,44%)"><small>☆</small><span class="username" data-name="Gеrard Way">Gеrard Way</span>:</strong> <em></em></div><div class="chat chatmessage-nomanshax"><strong style="color:hsl(105,82%,35%)"><small>☆</small><span class="username" data-name="No man's hax">No man's hax</span>:</strong> <em>ya, atiende a tu novio</em></div><div class="chat chatmessage-nomanshax"><strong style="color:hsl(105,82%,35%)"><small>☆</small><span class="username" data-name="No man's hax">No man's hax</span>:</strong> <em>yo soy paciente</em></div><div class="spacer battle-history"><br></div><div class="battle-history">The opposing Tapu Bulu used <strong>Horn Leech</strong>!<br></div><div class="battle-history"><small>(Snorlax lost <abbr title="−298/524">56.9%</abbr> of its health!)</small><br></div><div class="battle-history"><small>Snorlax had its energy drained!</small><br></div><div class="battle-history"><small>Snorlax ate its Iapapa Berry!</small><br></div><div class="battle-history"><small>Snorlax restored HP using its Iapapa Berry!</small><br></div><div class="spacer battle-history"><br></div><div class="battle-history">Snorlax used <strong>Facade</strong>!<br></div><div class="battle-history"><small>(The opposing Tapu Bulu lost <abbr title="−151/343">44.0%</abbr> of its health!)</small><br></div><div class="spacer battle-history"><br></div><div class="battle-history"><small>The opposing Tapu Bulu restored a little HP using its Leftovers!</small><br></div><div class="battle-history"><small>The opposing Tapu Bulu restored HP using its Grassy Terrain!</small><br></div><div class="battle-history"><small>Snorlax restored HP using its Grassy Terrain!</small><br></div><div class="spacer battle-history"><br></div><h2 class="battle-history">Turn 23</h2><div class="spacer battle-history"><br></div><div class="battle-history">The opposing Tapu Bulu used <strong>Horn Leech</strong>!<br></div><div class="battle-history"><small>(Snorlax lost <abbr title="−286/524">54.6%</abbr> of its health!)</small><br></div><div class="battle-history"><small>Snorlax had its energy drained!</small><br></div><div class="spacer battle-history"><br></div><div class="battle-history">Snorlax used <strong>Facade</strong>!<br></div><div class="battle-history"><small>(The opposing Tapu Bulu lost <abbr title="−160/343">46.6%</abbr> of its health!)</small><br></div><div class="spacer battle-history"><br></div><div class="battle-history"><small>The opposing Tapu Bulu restored a little HP using its Leftovers!</small><br></div><div class="battle-history"><small>The opposing Tapu Bulu restored HP using its Grassy Terrain!</small><br></div><div class="battle-history"><small>Snorlax restored HP using its Grassy Terrain!</small><br></div><div class="battle-history"><small>The grass disappeared from the battlefield.</small><br></div><div class="spacer battle-history"><br></div><h2 class="battle-history">Turn 24</h2><div class="spacer battle-history"><br></div><div class="battle-history">The opposing Tapu Bulu used <strong>Superpower</strong>!<br></div><div class="battle-history"><small>It's super effective!</small><br></div><div class="battle-history"><small>(Snorlax lost <abbr title="−266/524">50.8%</abbr> of its health!)</small><br></div><div class="battle-history"><small>The opposing Tapu Bulu's Attack fell!</small><br></div><div class="battle-history"><small>The opposing Tapu Bulu's Defense fell!</small><br></div><div class="spacer battle-history"><br></div><div class="battle-history">Snorlax fainted!<br></div><div class="spacer battle-history"><br></div><div class="battle-history"><small>The opposing Tapu Bulu restored a little HP using its Leftovers!</small><br></div><div class="spacer battle-history"><br></div><div class="battle-history">Go! Charizard (<strong>Charizard-Mega-X</strong>)!<br></div><div class="spacer battle-history"><br></div><h2 class="battle-history">Turn 25</h2><div class="spacer battle-history"><br></div><div class="battle-history">Charizard used <strong>Flare Blitz</strong>!<br></div><div class="battle-history"><small>It's super effective!</small><br></div><div class="battle-history"><small>(The opposing Tapu Bulu lost <abbr title="−246/343">71.7%</abbr> of its health!)</small><br></div><div class="battle-history"><small>Charizard is damaged by the recoil!</small><br></div><div class="spacer battle-history"><br></div><div class="battle-history">The opposing Tapu Bulu fainted!<br></div><div class="spacer battle-history"><br></div><div class="battle-history">Gеrard Way sent out Latias (<strong>Latias-Mega</strong>)!<br></div><div class="spacer battle-history"><br></div><h2 class="battle-history">Turn 26</h2><div class="spacer battle-history"><br></div><div class="battle-history">Charizard, come back!<br></div><div class="battle-history">Go! <strong>Blastoise</strong>!<br></div><div class="spacer battle-history"><br></div><div class="battle-history">The opposing Latias used <strong>Stored Power</strong>!<br></div><div class="battle-history"><small>(Blastoise lost <abbr title="−28/362">7.7%</abbr> of its health!)</small><br></div><div class="spacer battle-history"><br></div><div class="battle-history"><small>Blastoise restored a little HP using its Leftovers!</small><br></div><div class="battle-history"><small>The opposing Latias was hurt by poison!</small><br></div><div class="spacer battle-history"><br></div><h2 class="battle-history">Turn 27</h2><div class="spacer battle-history"><br></div><div class="battle-history">The opposing Latias used <strong>Recover</strong>!<br></div><div class="battle-history"><small>The opposing Latias restored its HP.</small><br></div><div class="spacer battle-history"><br></div><div class="battle-history">Blastoise used <strong>Ice Beam</strong>!<br></div><div class="battle-history"><small>It's super effective!</small><br></div><div class="battle-history"><small>(The opposing Latias lost <abbr title="−80/364">22.0%</abbr> of its health!)</small><br></div><div class="spacer battle-history"><br></div><div class="battle-history"><small>Blastoise restored a little HP using its Leftovers!</small><br></div><div class="battle-history"><small>The opposing Latias was hurt by poison!</small><br></div><div class="spacer battle-history"><br></div><h2 class="battle-history">Turn 28</h2><div class="spacer battle-history"><br></div><div class="battle-history">Gеrard Way withdrew Latias!<br></div><div class="battle-history">Gеrard Way sent out <strong>Heatran</strong>!<br></div><div class="spacer battle-history"><br></div><div class="battle-history">Blastoise used <strong>Ice Beam</strong>!<br></div><div class="battle-history"><small>It's not very effective...</small><br></div><div class="battle-history"><small>(The opposing Heatran lost <abbr title="−15/323">4.6%</abbr> of its health!)</small><br></div><div class="spacer battle-history"><br></div><div class="battle-history"><small>Blastoise restored a little HP using its Leftovers!</small><br></div><div class="spacer battle-history"><br></div><h2 class="battle-history">Turn 29</h2><div class="spacer battle-history"><br></div><div class="battle-history">The opposing Heatran used <strong>Stealth Rock</strong>!<br></div><div class="battle-history"><small>Pointed stones float in the air around your team!</small><br></div><div class="spacer battle-history"><br></div><div class="battle-history">Blastoise used <strong>Scald</strong>!<br></div><div class="battle-history"><small>It's super effective!</small><br></div><div class="battle-history"><small>(The opposing Heatran lost <abbr title="−22/323">6.8%</abbr> of its health!)</small><br></div><div class="spacer battle-history"><br></div><div class="battle-history">The opposing Heatran fainted!<br></div><div class="spacer battle-history"><br></div><div class="battle-history"><small>Blastoise restored a little HP using its Leftovers!</small><br></div><div class="spacer battle-history"><br></div><div class="battle-history">Gеrard Way sent out Latias (<strong>Latias-Mega</strong>)!<br></div><div class="spacer battle-history"><br></div><h2 class="battle-history">Turn 30</h2><div class="chat chatmessage-grardway"><strong style="color:hsl(23,56%,44%)"><small>☆</small><span class="username" data-name="Gеrard Way">Gеrard Way</span>:</strong> <em>Ni sé qué hago tbh</em></div><div class="spacer battle-history"><br></div><div class="battle-history">The opposing Latias used <strong>Calm Mind</strong>!<br></div><div class="battle-history"><small>The opposing Latias's Special Attack rose!</small><br></div><div class="battle-history"><small>The opposing Latias's Special Defense rose!</small><br></div><div class="spacer battle-history"><br></div><div class="battle-history">Blastoise used <strong>Rapid Spin</strong>!<br></div><div class="battle-history"><small>(The opposing Latias lost <abbr title="−9/364">2.5%</abbr> of its health!)</small><br></div><div class="battle-history"><small>The pointed stones disappeared from around your team!</small><br></div><div class="spacer battle-history"><br></div><div class="battle-history"><small>Blastoise restored a little HP using its Leftovers!</small><br></div><div class="battle-history"><small>The opposing Latias was hurt by poison!</small><br></div><div class="spacer battle-history"><br></div><h2 class="battle-history">Turn 31</h2><div class="spacer battle-history"><br></div><div class="battle-history">The opposing Latias used <strong>Recover</strong>!<br></div><div class="battle-history"><small>The opposing Latias restored its HP.</small><br></div><div class="spacer battle-history"><br></div><div class="battle-history">Blastoise used <strong>Ice Beam</strong>!<br></div><div class="battle-history"><small>It's super effective!</small><br></div><div class="battle-history"><small>(The opposing Latias lost <abbr title="−54/364">14.8%</abbr> of its health!)</small><br></div><div class="spacer battle-history"><br></div><div class="battle-history"><small>The opposing Latias was hurt by poison!</small><br></div><div class="spacer battle-history"><br></div><h2 class="battle-history">Turn 32</h2><div class="spacer battle-history"><br></div><div class="battle-history">The opposing Latias used <strong>Calm Mind</strong>!<br></div><div class="battle-history"><small>The opposing Latias's Special Attack rose!</small><br></div><div class="battle-history"><small>The opposing Latias's Special Defense rose!</small><br></div><div class="spacer battle-history"><br></div><div class="battle-history">Blastoise used <strong>Ice Beam</strong>!<br></div><div class="battle-history"><small>It's super effective!</small><br></div><div class="battle-history"><small>(The opposing Latias lost <abbr title="−48/364">13.2%</abbr> of its health!)</small><br></div><div class="spacer battle-history"><br></div><div class="battle-history"><small>The opposing Latias was hurt by poison!</small><br></div><div class="spacer battle-history"><br></div><h2 class="battle-history">Turn 33</h2><div class="spacer battle-history"><br></div><div class="battle-history">The opposing Latias used <strong>Stored Power</strong>!<br></div><div class="battle-history"><small>(Blastoise lost <abbr title="−324/362">89.5%</abbr> of its health!)</small><br></div><div class="spacer battle-history"><br></div><div class="battle-history">Blastoise used <strong>Ice Beam</strong>!<br></div><div class="battle-history"><small>It's super effective!</small><br></div><div class="battle-history"><small>(The opposing Latias lost <abbr title="−46/364">12.6%</abbr> of its health!)</small><br></div><div class="spacer battle-history"><br></div><div class="battle-history"><small>Blastoise restored a little HP using its Leftovers!</small><br></div><div class="battle-history"><small>The opposing Latias was hurt by poison!</small><br></div><div class="spacer battle-history"><br></div><div class="battle-history">The opposing Latias fainted!<br></div><div class="chat chatmessage-nomanshax"><strong style="color:hsl(105,82%,35%)"><small>☆</small><span class="username" data-name="No man's hax">No man's hax</span>:</strong> <em>perder con red team, das asco</em></div><div class="chat chatmessage-grardway"><strong style="color:hsl(23,56%,44%)"><small>☆</small><span class="username" data-name="Gеrard Way">Gеrard Way</span>:</strong> <em>Bueno, gg</em></div><div class="spacer battle-history"><br></div><div class="battle-history">Gеrard Way sent out <strong>Tentacruel</strong>!<br></div><div class="spacer battle-history"><br></div><h2 class="battle-history">Turn 34</h2><div class="chat chatmessage-grardway"><strong style="color:hsl(23,56%,44%)"><small>☆</small><span class="username" data-name="Gеrard Way">Gеrard Way</span>:</strong> <em>No he perdido</em></div><div class="chat chatmessage-grardway"><strong style="color:hsl(23,56%,44%)"><small>☆</small><span class="username" data-name="Gеrard Way">Gеrard Way</span>:</strong> <em>e.e</em></div><div class="chat chatmessage-nomanshax"><strong style="color:hsl(105,82%,35%)"><small>☆</small><span class="username" data-name="No man's hax">No man's hax</span>:</strong> <em>en realidad si</em></div><div class="spacer battle-history"><br></div><div class="battle-history">The opposing Tentacruel used <strong>Toxic Spikes</strong>!<br></div><div class="battle-history"><small>Poison spikes were scattered on the ground all around your team!</small><br></div><div class="spacer battle-history"><br></div><div class="battle-history">Blastoise used <strong>Scald</strong>!<br></div><div class="battle-history"><small>It's not very effective...</small><br></div><div class="battle-history"><small>(The opposing Tentacruel lost <abbr title="−37/364">10.2%</abbr> of its health!)</small><br></div><div class="battle-history"><small>The opposing Tentacruel was burned!</small><br></div><div class="spacer battle-history"><br></div><div class="battle-history"><small>The opposing Tentacruel restored a little HP using its Leftovers!</small><br></div><div class="battle-history"><small>Blastoise restored a little HP using its Leftovers!</small><br></div><div class="battle-history"><small>The opposing Tentacruel was hurt by its burn!</small><br></div><div class="spacer battle-history"><br></div><h2 class="battle-history">Turn 35</h2><div class="spacer battle-history"><br></div><div class="battle-history">The opposing Tentacruel used <strong>Scald</strong>!<br></div><div class="battle-history"><small>It's not very effective...</small><br></div><div class="battle-history"><small>(Blastoise lost <abbr title="−37/362">10.2%</abbr> of its health!)</small><br></div><div class="battle-history"><small>Blastoise was burned!</small><br></div><div class="spacer battle-history"><br></div><div class="battle-history">Blastoise used <strong>Scald</strong>!<br></div><div class="battle-history"><small>It's not very effective...</small><br></div><div class="battle-history"><small>(The opposing Tentacruel lost <abbr title="−39/364">10.7%</abbr> of its health!)</small><br></div><div class="spacer battle-history"><br></div><div class="battle-history"><small>The opposing Tentacruel restored a little HP using its Leftovers!</small><br></div><div class="battle-history"><small>Blastoise restored a little HP using its Leftovers!</small><br></div><div class="battle-history"><small>The opposing Tentacruel was hurt by its burn!</small><br></div><div class="battle-history"><small>Blastoise was hurt by its burn!</small><br></div><div class="spacer battle-history"><br></div><h2 class="battle-history">Turn 36</h2><div class="chat chatmessage-grardway"><strong style="color:hsl(23,56%,44%)"><small>☆</small><span class="username" data-name="Gеrard Way">Gеrard Way</span>:</strong> <em>Ah, ahora que burneaste, sí</em></div><div class="chat chatmessage-nomanshax"><strong style="color:hsl(105,82%,35%)"><small>☆</small><span class="username" data-name="No man's hax">No man's hax</span>:</strong> <em>nope</em></div><div class="chat chatmessage-nomanshax"><strong style="color:hsl(105,82%,35%)"><small>☆</small><span class="username" data-name="No man's hax">No man's hax</span>:</strong> <em>te digo diciendo que yo gane</em></div><div class="chat chatmessage-grardway"><strong style="color:hsl(23,56%,44%)"><small>☆</small><span class="username" data-name="Gеrard Way">Gеrard Way</span>:</strong> <em>!dt liquid ooze</em></div><div class="chat message-error">[outdated code no longer supported]</div><div class="chat"><font size="1"></font></div><div class="chat chatmessage-grardway"><strong style="color:hsl(23,56%,44%)"><small>☆</small><span class="username" data-name="Gеrard Way">Gеrard Way</span>:</strong> <em>No me tocabas con venu</em></div><div class="chat chatmessage-grardway"><strong style="color:hsl(23,56%,44%)"><small>☆</small><span class="username" data-name="Gеrard Way">Gеrard Way</span>:</strong> <em>Ni con leech</em></div><div class="chat chatmessage-nomanshax"><strong style="color:hsl(105,82%,35%)"><small>☆</small><span class="username" data-name="No man's hax">No man's hax</span>:</strong> <em>estas seguro?</em></div><div class="chat chatmessage-grardway"><strong style="color:hsl(23,56%,44%)"><small>☆</small><span class="username" data-name="Gеrard Way">Gеrard Way</span>:</strong> <em>Ah, eres oscar</em></div><div class="chat chatmessage-grardway"><strong style="color:hsl(23,56%,44%)"><small>☆</small><span class="username" data-name="Gеrard Way">Gеrard Way</span>:</strong> <em>De seguro lo usas eq</em></div><div class="chat chatmessage-grardway"><strong style="color:hsl(23,56%,44%)"><small>☆</small><span class="username" data-name="Gеrard Way">Gеrard Way</span>:</strong> <em>e.e</em></div><div class="chat chatmessage-nomanshax"><strong style="color:hsl(105,82%,35%)"><small>☆</small><span class="username" data-name="No man's hax">No man's hax</span>:</strong> <em>soy oscar, no jey</em></div><div class="chat chatmessage-nomanshax"><strong style="color:hsl(105,82%,35%)"><small>☆</small><span class="username" data-name="No man's hax">No man's hax</span>:</strong> <em></em></div><div class="chat chatmessage-grardway"><strong style="color:hsl(23,56%,44%)"><small>☆</small><span class="username" data-name="Gеrard Way">Gеrard Way</span>:</strong> <em>Son sinónimos en cuanto a sets y plays</em></div><div class="chat chatmessage-grardway"><strong style="color:hsl(23,56%,44%)"><small>☆</small><span class="username" data-name="Gеrard Way">Gеrard Way</span>:</strong> <em>e.e</em></div><div class="spacer battle-history"><br></div><div class="battle-history">The opposing Tentacruel used <strong>Scald</strong>!<br></div><div class="battle-history"><small>It's not very effective...</small><br></div><div class="battle-history"><small>(Blastoise lost <abbr title="−39/362">10.8%</abbr> of its health!)</small><br></div><div class="spacer battle-history"><br></div><div class="battle-history">Blastoise used <strong>Scald</strong>!<br></div><div class="battle-history"><small>It's not very effective...</small><br></div><div class="battle-history"><small>(The opposing Tentacruel lost <abbr title="−41/364">11.3%</abbr> of its health!)</small><br></div><div class="spacer battle-history"><br></div><div class="battle-history"><small>The opposing Tentacruel restored a little HP using its Leftovers!</small><br></div><div class="battle-history"><small>Blastoise restored a little HP using its Leftovers!</small><br></div><div class="battle-history"><small>The opposing Tentacruel was hurt by its burn!</small><br></div><div class="battle-history"><small>Blastoise was hurt by its burn!</small><br></div><div class="spacer battle-history"><br></div><h2 class="battle-history">Turn 37</h2><div class="spacer battle-history"><br></div><div class="battle-history">The opposing Tentacruel used <strong>Scald</strong>!<br></div><div class="battle-history"><small>It's not very effective...</small><br></div><div class="battle-history"><small>(Blastoise lost <abbr title="−6/362">1.7%</abbr> of its health!)</small><br></div><div class="spacer battle-history"><br></div><div class="battle-history">Blastoise fainted!<br></div><div class="spacer battle-history"><br></div><div class="battle-history"><small>The opposing Tentacruel restored a little HP using its Leftovers!</small><br></div><div class="battle-history"><small>The opposing Tentacruel was hurt by its burn!</small><br></div><div class="spacer battle-history"><br></div><div class="battle-history">Go! Charizard (<strong>Charizard-Mega-X</strong>)!<br></div><div class="battle-history"><small>Charizard was poisoned!</small><br></div><div class="spacer battle-history"><br></div><h2 class="battle-history">Turn 38</h2><div class="chat chatmessage-nomanshax"><strong style="color:hsl(105,82%,35%)"><small>☆</small><span class="username" data-name="No man's hax">No man's hax</span>:</strong> <em>si esto no te mata el venu lo hara descuida</em></div><div class="spacer battle-history"><br></div><div class="battle-history">The opposing Tentacruel used <strong>Protect</strong>!<br></div><div class="battle-history"><small>The opposing Tentacruel protected itself!</small><br></div><div class="spacer battle-history"><br></div><div class="battle-history">Charizard used <strong>Earthquake</strong>!<br></div><div class="battle-history"><small>The opposing Tentacruel protected itself!</small><br></div><div class="spacer battle-history"><br></div><div class="battle-history"><small>The opposing Tentacruel restored a little HP using its Leftovers!</small><br></div><div class="battle-history"><small>Charizard was hurt by poison!</small><br></div><div class="battle-history"><small>The opposing Tentacruel was hurt by its burn!</small><br></div><div class="spacer battle-history"><br></div><div class="battle-history">Charizard fainted!<br></div><div class="spacer battle-history"><br></div><div class="battle-history">Go! <strong>Venusaur</strong>!<br></div><div class="battle-history"><small>The poison spikes disappeared from the ground around your team!</small><br></div><div class="spacer battle-history"><br></div><h2 class="battle-history">Turn 39</h2><div class="chat chatmessage-euterupe"><strong style="color:hsl(228,76%,57.77891553600471%)"><small> </small><span class="username" data-name="Euterupe">Euterupe</span>:</strong> <em>jajaja</em></div><div class="chat chatmessage-nomanshax"><strong style="color:hsl(105,82%,35%)"><small>☆</small><span class="username" data-name="No man's hax">No man's hax</span>:</strong> <em>con que asi te vas a poner eh puerca</em></div><div class="chat chatmessage-grardway"><strong style="color:hsl(23,56%,44%)"><small>☆</small><span class="username" data-name="Gеrard Way">Gеrard Way</span>:</strong> <em>Lord tentacruel</em></div><div class="spacer battle-history"><br></div><div class="battle-history">Venusaur used <strong>Growth</strong>!<br></div><div class="battle-history"><small>Venusaur's Attack rose!</small><br></div><div class="battle-history"><small>Venusaur's Special Attack rose!</small><br></div><div class="spacer battle-history"><br></div><div class="battle-history">The opposing Tentacruel used <strong>Scald</strong>!<br></div><div class="battle-history"><small>It's not very effective...</small><br></div><div class="battle-history"><small>(Venusaur lost <abbr title="−42/301">14.0%</abbr> of its health!)</small><br></div><div class="spacer battle-history"><br></div><div class="battle-history"><small>The opposing Tentacruel restored a little HP using its Leftovers!</small><br></div><div class="battle-history"><small>The opposing Tentacruel was hurt by its burn!</small><br></div><div class="spacer battle-history"><br></div><h2 class="battle-history">Turn 40</h2><div class="spacer battle-history"><br></div><div class="battle-history">Venusaur used <strong>Growth</strong>!<br></div><div class="battle-history"><small>Venusaur's Attack rose!</small><br></div><div class="battle-history"><small>Venusaur's Special Attack rose!</small><br></div><div class="spacer battle-history"><br></div><div class="battle-history">The opposing Tentacruel used <strong>Scald</strong>!<br></div><div class="battle-history"><small>It's not very effective...</small><br></div><div class="battle-history"><small>(Venusaur lost <abbr title="−42/301">14.0%</abbr> of its health!)</small><br></div><div class="spacer battle-history"><br></div><div class="battle-history"><small>The opposing Tentacruel restored a little HP using its Leftovers!</small><br></div><div class="battle-history"><small>The opposing Tentacruel was hurt by its burn!</small><br></div><div class="spacer battle-history"><br></div><h2 class="battle-history">Turn 41</h2><div class="spacer battle-history"><br></div><div class="battle-history">Venusaur used <strong>Sludge Bomb</strong>!<br></div><div class="battle-history"><small>It's not very effective...</small><br></div><div class="battle-history"><small>(The opposing Tentacruel lost <abbr title="−99/364">27.2%</abbr> of its health!)</small><br></div><div class="spacer battle-history"><br></div><div class="battle-history">The opposing Tentacruel used <strong>Scald</strong>!<br></div><div class="battle-history"><small>It's not very effective...</small><br></div><div class="battle-history"><small>(Venusaur lost <abbr title="−41/301">13.6%</abbr> of its health!)</small><br></div><div class="battle-history"><small>Venusaur was burned!</small><br></div><div class="spacer battle-history"><br></div><div class="battle-history"><small>The opposing Tentacruel restored a little HP using its Leftovers!</small><br></div><div class="battle-history"><small>Venusaur was hurt by its burn!</small><br></div><div class="battle-history"><small>The opposing Tentacruel was hurt by its burn!</small><br></div><div class="spacer battle-history"><br></div><h2 class="battle-history">Turn 42</h2><div class="spacer battle-history"><br></div><div class="battle-history"><small>Venusaur surrounded itself with its Z-Power!</small><br></div><div class="spacer battle-history"><br></div><div class="battle-history">Venusaur used <strong>Bloom Doom</strong>!<br></div><div class="battle-history"><small>(The opposing Tentacruel lost <abbr title="−148/364">40.7%</abbr> of its health!)</small><br></div><div class="spacer battle-history"><br></div><div class="battle-history">The opposing Tentacruel fainted!<br></div><div class="spacer battle-history"><br></div><div class="battle-history"><strong>No man's hax</strong> won the battle!<br></div><div class="chat chatmessage-nomanshax"><strong style="color:hsl(105,82%,35%)"><small>☆</small><span class="username" data-name="No man's hax">No man's hax</span>:</strong> <em>te dije, yo ganaba de igual forma</em></div></div><div class="inner-preempt"></div></div></div>
</div>
<script>
let daily = Math.floor(Date.now()/1000/60/60/24);document.write('<script src="https://play.pokemonshowdown.com/js/replay-embed.js?version'+daily+'"></'+'script>');
</script>
