<!DOCTYPE html>
<meta charset="utf-8" />
<!-- version 1 -->
<title>OU replay: Yeluu vs. zoroark954</title>
<style>
html,body {font-family:Verdana, sans-serif;font-size:10pt;margin:0;padding:0;}body{padding:12px 0;} .battle-log {font-family:Verdana, sans-serif;font-size:10pt;} .battle-log-inline {border:1px solid #AAAAAA;background:#EEF2F5;color:black;max-width:640px;margin:0 auto 80px;padding-bottom:5px;} .battle-log .inner {padding:4px 8px 0px 8px;} .battle-log .inner-preempt {padding:0 8px 4px 8px;} .battle-log .inner-after {margin-top:0.5em;} .battle-log h2 {margin:0.5em -8px;padding:4px 8px;border:1px solid #AAAAAA;background:#E0E7EA;border-left:0;border-right:0;font-family:Verdana, sans-serif;font-size:13pt;} .battle-log .chat {vertical-align:middle;padding:3px 0 3px 0;font-size:8pt;} .battle-log .chat strong {color:#40576A;} .battle-log .chat em {padding:1px 4px 1px 3px;color:#000000;font-style:normal;} .chat.mine {background:rgba(0,0,0,0.05);margin-left:-8px;margin-right:-8px;padding-left:8px;padding-right:8px;} .spoiler {color:#BBBBBB;background:#BBBBBB;padding:0px 3px;} .spoiler:hover, .spoiler:active, .spoiler-shown {color:#000000;background:#E2E2E2;padding:0px 3px;} .spoiler a {color:#BBBBBB;} .spoiler:hover a, .spoiler:active a, .spoiler-shown a {color:#2288CC;} .chat code, .chat .spoiler:hover code, .chat .spoiler:active code, .chat .spoiler-shown code {border:1px solid #C0C0C0;background:#EEEEEE;color:black;padding:0 2px;} .chat .spoiler code {border:1px solid #CCCCCC;background:#CCCCCC;color:#CCCCCC;} .battle-log .rated {padding:3px 4px;} .battle-log .rated strong {color:white;background:#89A;padding:1px 4px;border-radius:4px;} .spacer {margin-top:0.5em;} .message-announce {background:#6688AA;color:white;padding:1px 4px 2px;} .message-announce a, .broadcast-green a, .broadcast-blue a, .broadcast-red a {color:#DDEEFF;} .broadcast-green {background-color:#559955;color:white;padding:2px 4px;} .broadcast-blue {background-color:#6688AA;color:white;padding:2px 4px;} .infobox {border:1px solid #6688AA;padding:2px 4px;} .infobox-limited {max-height:200px;overflow:auto;overflow-x:hidden;} .broadcast-red {background-color:#AA5544;color:white;padding:2px 4px;} .message-learn-canlearn {font-weight:bold;color:#228822;text-decoration:underline;} .message-learn-cannotlearn {font-weight:bold;color:#CC2222;text-decoration:underline;} .message-effect-weak {font-weight:bold;color:#CC2222;} .message-effect-resist {font-weight:bold;color:#6688AA;} .message-effect-immune {font-weight:bold;color:#666666;} .message-learn-list {margin-top:0;margin-bottom:0;} .message-throttle-notice, .message-error {color:#992222;} .message-overflow, .chat small.message-overflow {font-size:0pt;} .message-overflow::before {font-size:9pt;content:'...';} .subtle {color:#3A4A66;}
</style>
<div class="wrapper replay-wrapper" style="max-width:1180px;margin:0 auto">
<input type="hidden" name="replayid" value="destiny-ou-497061" />
<div class="battle"></div><div class="battle-log"></div><div class="replay-controls"></div><div class="replay-controls-2"></div>
<h1 style="font-weight:normal;text-align:center"><strong>OU</strong><br /><a href="http://pokemonshowdown.com/users/yeluu" class="subtle" target="_blank">Yeluu</a> vs. <a href="http://pokemonshowdown.com/users/zoroark954" class="subtle" target="_blank">zoroark954</a></h1>
<script type="text/plain" class="battle-log-data">|player|p1|Yeluu|yeluu-14.gif?11420050
|teamsize|p1|6
|player|p2|zoroark954|zoroark954-2.gif?093fb9e0
|teamsize|p2|6
|teamsize|p1|6
|teamsize|p2|6
|gametype|singles
|gen|7
|tier|OU
|seed|9341,50061,55629,56965
|rule|Cláusula-Mod de Dormir: solo puedes dormir a uno de tus oponentes a la vez.
|rule|Cláusula de Especie: Hasta un Pokémon de cada especie
|rule|Cláusula de Golpe Fulminante: los movimientos fulminantes (OHKO) estan prohibidos
|rule|Cláusula de Veleta: la habilidad Veleta está prohibida
|rule|Cláusula de Movimientos Evasivos: los movimientos de Evasión están prohibidos.
|rule|Cláusula de Batallas Eternas: forzar batallas eternas está prohibido
|clearpoke
|poke|p1|Bewear, F|item
|poke|p1|Gastrodon, F|item
|poke|p1|Landorus-Therian, M|item
|poke|p1|Clefable, M|item
|poke|p1|Heatran, F|item
|poke|p1|Greninja, M|item
|poke|p2|Excadrill, F|item
|poke|p2|Tyranitar, F|item
|poke|p2|Tornadus-Therian, M|item
|poke|p2|Dedenne, M|item
|poke|p2|Gengar, F|item
|poke|p2|Chansey, F|item
|teampreview|undefined
|choice|*|*team 523416
|choice|*team 321456|*
|choice|team 3, 2, 1, 4, 5, 6|team 5, 2, 3, 4, 1, 6
|
|start
|switch|p1a: Landorus|Landorus-Therian, M|339\/339
|switch|p2a: Gengar|Gengar, F|262\/262
|-ability|p1a: Landorus|Intimidate|boost
|-unboost|p2a: Gengar|atk|1
|turn|1
|player|p2|
|choice|*move 1|*
|player|p2|zoroark954|zoroark954-2.gif?093fb9e0
|player|p2|
|player|p2|zoroark954|zoroark954-2.gif?093fb9e0
|player|p2|
|player|p2|zoroark954|zoroark954-2.gif?093fb9e0
|choice|*|*move 3
|choice|move earthquake|move taunt
|
|move|p1a: Landorus|Earthquake|p2a: Gengar
|-supereffective|p2a: Gengar
|-damage|p2a: Gengar|0 fnt
|faint|p2a: Gengar
|
|upkeep
|choice|*|*switch 3
|choice||switch 3
|
|switch|p2a: Tornadus|Tornadus-Therian, M|299\/299
|turn|2
|choice|*|*switch 6
|choice|*|*switch 6
|choice|*switch 5|*
|choice|switch 5|switch 6
|
|switch|p1a: Heatran|Heatran, F|386\/386
|switch|p2a: Chansey|Chansey, F|703\/703
|
|upkeep
|turn|3
|choice|*|*move 2
|choice|*switch 4|*
|choice|switch 4|move seismictoss
|
|switch|p1a: Clefable|Clefable, M|394\/394
|move|p2a: Chansey|Seismic Toss|p1a: Clefable
|-damage|p1a: Clefable|294\/394
|
|-heal|p1a: Clefable|318\/394|[from] item: Leftovers
|upkeep
|turn|4
|choice|*move 3|*
|choice|*|*switch 6
|choice|move stealthrock|switch 6
|
|switch|p2a: Tornadus|Tornadus-Therian, M|299\/299
|move|p1a: Clefable|Stealth Rock|p2a: Tornadus
|-sidestart|p2: zoroark954|move: Stealth Rock
|
|-heal|p1a: Clefable|342\/394|[from] item: Leftovers
|upkeep
|turn|5
|choice|*switch 4|*
|choice|*|*move 3
|choice|switch 4|move hurricane
|
|switch|p1a: Heatran|Heatran, F|386\/386
|move|p2a: Tornadus|Hurricane|p1a: Heatran
|-resisted|p1a: Heatran
|-damage|p1a: Heatran|300\/386
|
|-heal|p1a: Heatran|324\/386|[from] item: Leftovers
|upkeep
|turn|6
|choice|*move 1|*
|choice|*|*move 4
|choice|move magmastorm|move defog
|
|move|p2a: Tornadus|Defog|p1a: Heatran
|-unboost|p1a: Heatran|evasion|1
|-sideend|p2: zoroark954|Stealth Rock|[from] move: Defog|[of] p2a: Tornadus
|move|p1a: Heatran|Magma Storm|p2a: Tornadus
|-damage|p2a: Tornadus|136\/299
|-activate|p2a: Tornadus|move: Magma Storm|[of] p1a: Heatran
|
|-heal|p1a: Heatran|348\/386|[from] item: Leftovers
|-damage|p2a: Tornadus|99\/299|[from] move: Magma Storm|[partiallytrapped]
|upkeep
|turn|7
|choice|*|*move 1
|choice|*move 4|*
|choice|move toxic|move uturn
|
|move|p2a: Tornadus|U-turn|p1a: Heatran
|-resisted|p1a: Heatran
|-damage|p1a: Heatran|338\/386
|choice|*|*switch 2
|choice||switch 2
|
|switch|p2a: Tyranitar|Tyranitar, F|404\/404|[from]move: U-turn
|-weather|Sandstorm|[from] ability: Sand Stream|[of] p2a: Tyranitar
|move|p1a: Heatran|Toxic|p2a: Tyranitar
|-status|p2a: Tyranitar|tox
|
|-weather|Sandstorm|[upkeep]
|-heal|p1a: Heatran|362\/386|[from] item: Leftovers
|-damage|p2a: Tyranitar|379\/404 tox|[from] psn
|upkeep
|turn|8
|choice|*|*move 4
|choice|*switch 5|*
|choice|switch 5|move earthquake
|
|switch|p1a: Landorus|Landorus-Therian, M|339\/339
|-ability|p1a: Landorus|Intimidate|boost
|-unboost|p2a: Tyranitar|atk|1
|move|p2a: Tyranitar|Earthquake|p1a: Landorus
|-immune|p1a: Landorus|[msg]
|
|-weather|Sandstorm|[upkeep]
|-damage|p2a: Tyranitar|329\/404 tox|[from] psn
|upkeep
|turn|9
|choice|*move 2|*
|choice|*|*move 1
|choice|move uturn|move stoneedge
|
|move|p1a: Landorus|U-turn|p2a: Tyranitar
|-supereffective|p2a: Tyranitar
|-crit|p2a: Tyranitar
|-damage|p2a: Tyranitar|75\/404 tox
|choice|*switch 4|*
|choice|switch 4|
|
|switch|p1a: Clefable|Clefable, M|342\/394|[from]move: U-turn
|move|p2a: Tyranitar|Stone Edge|p1a: Clefable
|-damage|p1a: Clefable|219\/394
|
|-weather|Sandstorm|[upkeep]
|-heal|p1a: Clefable|243\/394|[from] item: Leftovers
|-damage|p2a: Tyranitar|0 fnt|[from] psn
|upkeep
|faint|p2a: Tyranitar
|choice|*|*switch 5
|choice||switch 5
|
|switch|p2a: Excadrill|Excadrill, F|361\/361
|turn|10
|choice|*switch 4|*
|choice|*|*move 1
|choice|switch 4|move swordsdance
|
|switch|p1a: Landorus|Landorus-Therian, M|339\/339
|-ability|p1a: Landorus|Intimidate|boost
|-unboost|p2a: Excadrill|atk|1
|move|p2a: Excadrill|Swords Dance|p2a: Excadrill
|-boost|p2a: Excadrill|atk|2
|
|-weather|Sandstorm|[upkeep]
|upkeep
|turn|11
|choice|*|*move 3
|choice|*switch 5|*
|choice|switch 5|move rockslide
|
|switch|p1a: Heatran|Heatran, F|362\/386
|move|p2a: Excadrill|Rock Slide|p1a: Heatran
|-damage|p1a: Heatran|230\/386
|
|-weather|Sandstorm|[upkeep]
|-heal|p1a: Heatran|254\/386|[from] item: Leftovers
|upkeep
|turn|12
|choice|*switch 5|*
|choice|*|*move 3
|choice|switch 5|move rockslide
|
|switch|p1a: Landorus|Landorus-Therian, M|339\/339
|-ability|p1a: Landorus|Intimidate|boost
|-unboost|p2a: Excadrill|atk|1
|move|p2a: Excadrill|Rock Slide|p1a: Landorus
|-damage|p1a: Landorus|246\/339
|
|-weather|Sandstorm|[upkeep]
|upkeep
|turn|13
|choice|*move 1|*
|choice|*|*move 3
|choice|move earthquake|move rockslide
|
|move|p2a: Excadrill|Rock Slide|p1a: Landorus
|-damage|p1a: Landorus|154\/339
|move|p1a: Landorus|Earthquake|p2a: Excadrill
|-supereffective|p2a: Excadrill
|-damage|p2a: Excadrill|0 fnt
|faint|p2a: Excadrill
|
|-weather|Sandstorm|[upkeep]
|upkeep
|choice|*|*switch 4
|choice||switch 4
|
|switch|p2a: Dedenne|Dedenne, M|277\/277
|turn|14
|choice|*|*move 2
|choice|*move 1|*
|choice|*|*move 2
|choice|move earthquake|move charm
|
|move|p1a: Landorus|Earthquake|p2a: Dedenne
|-supereffective|p2a: Dedenne
|-damage|p2a: Dedenne|0 fnt
|faint|p2a: Dedenne
|
|-weather|none
|upkeep
|choice|*|*switch 2
|choice||switch 2
|
|switch|p2a: Tornadus|Tornadus-Therian, M|198\/299
|turn|15
|choice|*|*move 3
|choice|*switch 5|*
|choice|switch 5|move hurricane
|
|switch|p1a: Heatran|Heatran, F|254\/386
|move|p2a: Tornadus|Hurricane|p1a: Heatran
|-resisted|p1a: Heatran
|-damage|p1a: Heatran|173\/386
|
|-heal|p1a: Heatran|197\/386|[from] item: Leftovers
|upkeep
|turn|16
|choice|*move 1|*
|choice|*|*move 3
|choice|move magmastorm|move hurricane
|
|move|p2a: Tornadus|Hurricane|p1a: Heatran
|-resisted|p1a: Heatran
|-damage|p1a: Heatran|110\/386
|-start|p1a: Heatran|confusion
|-activate|p1a: Heatran|confusion
|move|p1a: Heatran|Magma Storm|p2a: Tornadus
|-damage|p2a: Tornadus|39\/299
|-activate|p2a: Tornadus|move: Magma Storm|[of] p1a: Heatran
|
|-heal|p1a: Heatran|134\/386|[from] item: Leftovers
|-damage|p2a: Tornadus|2\/299|[from] move: Magma Storm|[partiallytrapped]
|upkeep
|turn|17
|choice|*|*move 3
|choice|*move 1|*
|choice|move magmastorm|move hurricane
|
|move|p2a: Tornadus|Hurricane|p1a: Heatran|[miss]
|-miss|p2a: Tornadus|p1a: Heatran
|-activate|p1a: Heatran|confusion
|-damage|p1a: Heatran|111\/386|[from] confusion
|
|-heal|p1a: Heatran|135\/386|[from] item: Leftovers
|-damage|p2a: Tornadus|0 fnt|[from] move: Magma Storm|[partiallytrapped]
|upkeep
|faint|p2a: Tornadus
|choice|*|*switch 6
|choice||switch 6
|
|switch|p2a: Chansey|Chansey, F|703\/703
|turn|18
|choice|*|*move 2
|choice|*switch 3|*
|choice|switch 3|move seismictoss
|
|switch|p1a: Bewear|Bewear, F|443\/443
|move|p2a: Chansey|Seismic Toss|p1a: Bewear
|-damage|p1a: Bewear|343\/443
|
|upkeep
|turn|19
|choice|*move 2|*
|choice|*|*move 3
|choice|move superpower|move toxic
|
|move|p1a: Bewear|Superpower|p2a: Chansey
|-supereffective|p2a: Chansey
|-damage|p2a: Chansey|0 fnt
|-unboost|p1a: Bewear|atk|1
|-unboost|p1a: Bewear|def|1
|faint|p2a: Chansey
|
|win|Yeluu
</script>
</div>
<div class="battle-log battle-log-inline"><div class="inner"><div class="battle-options"></div><div class="inner"><div class=""><small>Format:</small> <br><strong>OU</strong></div><div class=""><small><em>Cláusula-Mod de Dormir:</em> solo puedes dormir a uno de tus oponentes a la vez.</small></div><div class=""><small><em>Cláusula de Especie:</em> Hasta un Pokémon de cada especie</small></div><div class=""><small><em>Cláusula de Golpe Fulminante:</em> los movimientos fulminantes (OHKO) estan prohibidos</small></div><div class=""><small><em>Cláusula de Veleta:</em> la habilidad Veleta está prohibida</small></div><div class=""><small><em>Cláusula de Movimientos Evasivos:</em> los movimientos de Evasión están prohibidos.</small></div><div class=""><small><em>Cláusula de Batallas Eternas:</em> forzar batallas eternas está prohibido</small></div><div class="chat battle-history"><strong>Yeluu's team:</strong> <em style="color:#445566;display:block;">Bewear / Gastrodon / Landorus-Therian / Clefable / Heatran / Greninja</em></div><div class="chat battle-history"><strong>zoroark954's team:</strong> <em style="color:#445566;display:block;">Excadrill / Tyranitar / Tornadus-Therian / Dedenne / Gengar / Chansey</em></div><div class="spacer battle-history"><br></div><div class="battle-history">Battle started between Yeluu and zoroark954!<br></div><div class="spacer battle-history"><br></div><div class="battle-history">Go! Landorus (<strong>Landorus-Therian</strong>)!<br></div><div class="spacer battle-history"><br></div><div class="battle-history">zoroark954 sent out <strong>Gengar</strong>!<br></div><div class="battle-history"><small>[Landorus's Intimidate]</small><br></div><div class="battle-history"><small>The opposing Gengar's Attack fell!</small><br></div><div class="spacer battle-history"><br></div><h2 class="battle-history">Turn 1</h2><div class="spacer battle-history"><br></div><div class="battle-history">Landorus used <strong>Earthquake</strong>!<br></div><div class="battle-history"><small>It's super effective!</small><br></div><div class="battle-history"><small>(The opposing Gengar lost <abbr title="−262/262">100%</abbr> of its health!)</small><br></div><div class="spacer battle-history"><br></div><div class="battle-history">The opposing Gengar fainted!<br></div><div class="spacer battle-history"><br></div><div class="battle-history">zoroark954 sent out Tornadus (<strong>Tornadus-Therian</strong>)!<br></div><div class="spacer battle-history"><br></div><h2 class="battle-history">Turn 2</h2><div class="spacer battle-history"><br></div><div class="battle-history">Landorus, come back!<br></div><div class="battle-history">Go! <strong>Heatran</strong>!<br></div><div class="spacer battle-history"><br></div><div class="battle-history">zoroark954 withdrew Tornadus!<br></div><div class="battle-history">zoroark954 sent out <strong>Chansey</strong>!<br></div><div class="spacer battle-history"><br></div><h2 class="battle-history">Turn 3</h2><div class="spacer battle-history"><br></div><div class="battle-history">Heatran, come back!<br></div><div class="battle-history">Go! <strong>Clefable</strong>!<br></div><div class="spacer battle-history"><br></div><div class="battle-history">The opposing Chansey used <strong>Seismic Toss</strong>!<br></div><div class="battle-history"><small>(Clefable lost <abbr title="−100/394">25.4%</abbr> of its health!)</small><br></div><div class="spacer battle-history"><br></div><div class="battle-history"><small>Clefable restored a little HP using its Leftovers!</small><br></div><div class="spacer battle-history"><br></div><h2 class="battle-history">Turn 4</h2><div class="spacer battle-history"><br></div><div class="battle-history">zoroark954 withdrew Chansey!<br></div><div class="battle-history">zoroark954 sent out Tornadus (<strong>Tornadus-Therian</strong>)!<br></div><div class="spacer battle-history"><br></div><div class="battle-history">Clefable used <strong>Stealth Rock</strong>!<br></div><div class="battle-history"><small>Pointed stones float in the air around the opposing team!</small><br></div><div class="spacer battle-history"><br></div><div class="battle-history"><small>Clefable restored a little HP using its Leftovers!</small><br></div><div class="spacer battle-history"><br></div><h2 class="battle-history">Turn 5</h2><div class="spacer battle-history"><br></div><div class="battle-history">Clefable, come back!<br></div><div class="battle-history">Go! <strong>Heatran</strong>!<br></div><div class="spacer battle-history"><br></div><div class="battle-history">The opposing Tornadus used <strong>Hurricane</strong>!<br></div><div class="battle-history"><small>It's not very effective...</small><br></div><div class="battle-history"><small>(Heatran lost <abbr title="−86/386">22.3%</abbr> of its health!)</small><br></div><div class="spacer battle-history"><br></div><div class="battle-history"><small>Heatran restored a little HP using its Leftovers!</small><br></div><div class="spacer battle-history"><br></div><h2 class="battle-history">Turn 6</h2><div class="spacer battle-history"><br></div><div class="battle-history">The opposing Tornadus used <strong>Defog</strong>!<br></div><div class="battle-history"><small>Heatran's evasiveness fell!</small><br></div><div class="battle-history"><small>The pointed stones disappeared from around the opposing team!</small><br></div><div class="spacer battle-history"><br></div><div class="battle-history">Heatran used <strong>Magma Storm</strong>!<br></div><div class="battle-history"><small>(The opposing Tornadus lost <abbr title="−163/299">54.5%</abbr> of its health!)</small><br></div><div class="battle-history"><small>The opposing Tornadus became trapped by swirling magma!</small><br></div><div class="spacer battle-history"><br></div><div class="battle-history"><small>Heatran restored a little HP using its Leftovers!</small><br></div><div class="battle-history"><small>The opposing Tornadus is hurt by Magma Storm!</small><br></div><div class="spacer battle-history"><br></div><h2 class="battle-history">Turn 7</h2><div class="spacer battle-history"><br></div><div class="battle-history">The opposing Tornadus used <strong>U-turn</strong>!<br></div><div class="battle-history"><small>It's not very effective...</small><br></div><div class="battle-history"><small>(Heatran lost <abbr title="−10/386">2.6%</abbr> of its health!)</small><br></div><div class="spacer battle-history"><br></div><div class="battle-history">The opposing Tornadus went back to zoroark954!<br></div><div class="battle-history">zoroark954 sent out <strong>Tyranitar</strong>!<br></div><div class="battle-history"><small>[The opposing Tyranitar's Sand Stream]</small><br><small>A sandstorm kicked up!</small><br></div><div class="spacer battle-history"><br></div><div class="battle-history">Heatran used <strong>Toxic</strong>!<br></div><div class="battle-history"><small>The opposing Tyranitar was badly poisoned!</small><br></div><div class="spacer battle-history"><br></div><div class="battle-history"><small>The sandstorm is raging.</small><br></div><div class="battle-history"><small>Heatran restored a little HP using its Leftovers!</small><br></div><div class="battle-history"><small>The opposing Tyranitar was hurt by poison!</small><br></div><div class="spacer battle-history"><br></div><h2 class="battle-history">Turn 8</h2><div class="spacer battle-history"><br></div><div class="battle-history">Heatran, come back!<br></div><div class="battle-history">Go! Landorus (<strong>Landorus-Therian</strong>)!<br></div><div class="battle-history"><small>[Landorus's Intimidate]</small><br></div><div class="battle-history"><small>The opposing Tyranitar's Attack fell!</small><br></div><div class="spacer battle-history"><br></div><div class="battle-history">The opposing Tyranitar used <strong>Earthquake</strong>!<br></div><div class="battle-history"><small>It doesn't affect Landorus...</small><br></div><div class="spacer battle-history"><br></div><div class="battle-history"><small>The sandstorm is raging.</small><br></div><div class="battle-history"><small>The opposing Tyranitar was hurt by poison!</small><br></div><div class="spacer battle-history"><br></div><h2 class="battle-history">Turn 9</h2><div class="spacer battle-history"><br></div><div class="battle-history">Landorus used <strong>U-turn</strong>!<br></div><div class="battle-history"><small>It's super effective!</small><br></div><div class="battle-history"><small>A critical hit!</small><br></div><div class="battle-history"><small>(The opposing Tyranitar lost <abbr title="−254/404">62.9%</abbr> of its health!)</small><br></div><div class="spacer battle-history"><br></div><div class="battle-history">Landorus went back to Yeluu!<br></div><div class="battle-history">Go! <strong>Clefable</strong>!<br></div><div class="spacer battle-history"><br></div><div class="battle-history">The opposing Tyranitar used <strong>Stone Edge</strong>!<br></div><div class="battle-history"><small>(Clefable lost <abbr title="−123/394">31.2%</abbr> of its health!)</small><br></div><div class="spacer battle-history"><br></div><div class="battle-history"><small>The sandstorm is raging.</small><br></div><div class="battle-history"><small>Clefable restored a little HP using its Leftovers!</small><br></div><div class="battle-history"><small>The opposing Tyranitar was hurt by poison!</small><br></div><div class="spacer battle-history"><br></div><div class="battle-history">The opposing Tyranitar fainted!<br></div><div class="spacer battle-history"><br></div><div class="battle-history">zoroark954 sent out <strong>Excadrill</strong>!<br></div><div class="spacer battle-history"><br></div><h2 class="battle-history">Turn 10</h2><div class="spacer battle-history"><br></div><div class="battle-history">Clefable, come back!<br></div><div class="battle-history">Go! Landorus (<strong>Landorus-Therian</strong>)!<br></div><div class="battle-history"><small>[Landorus's Intimidate]</small><br></div><div class="battle-history"><small>The opposing Excadrill's Attack fell!</small><br></div><div class="spacer battle-history"><br></div><div class="battle-history">The opposing Excadrill used <strong>Swords Dance</strong>!<br></div><div class="battle-history"><small>The opposing Excadrill's Attack rose sharply!</small><br></div><div class="spacer battle-history"><br></div><div class="battle-history"><small>The sandstorm is raging.</small><br></div><div class="spacer battle-history"><br></div><h2 class="battle-history">Turn 11</h2><div class="spacer battle-history"><br></div><div class="battle-history">Landorus, come back!<br></div><div class="battle-history">Go! <strong>Heatran</strong>!<br></div><div class="spacer battle-history"><br></div><div class="battle-history">The opposing Excadrill used <strong>Rock Slide</strong>!<br></div><div class="battle-history"><small>(Heatran lost <abbr title="−132/386">34.2%</abbr> of its health!)</small><br></div><div class="spacer battle-history"><br></div><div class="battle-history"><small>The sandstorm is raging.</small><br></div><div class="battle-history"><small>Heatran restored a little HP using its Leftovers!</small><br></div><div class="spacer battle-history"><br></div><h2 class="battle-history">Turn 12</h2><div class="spacer battle-history"><br></div><div class="battle-history">Heatran, come back!<br></div><div class="battle-history">Go! Landorus (<strong>Landorus-Therian</strong>)!<br></div><div class="battle-history"><small>[Landorus's Intimidate]</small><br></div><div class="battle-history"><small>The opposing Excadrill's Attack fell!</small><br></div><div class="spacer battle-history"><br></div><div class="battle-history">The opposing Excadrill used <strong>Rock Slide</strong>!<br></div><div class="battle-history"><small>(Landorus lost <abbr title="−93/339">27.4%</abbr> of its health!)</small><br></div><div class="spacer battle-history"><br></div><div class="battle-history"><small>The sandstorm is raging.</small><br></div><div class="spacer battle-history"><br></div><h2 class="battle-history">Turn 13</h2><div class="spacer battle-history"><br></div><div class="battle-history">The opposing Excadrill used <strong>Rock Slide</strong>!<br></div><div class="battle-history"><small>(Landorus lost <abbr title="−92/339">27.1%</abbr> of its health!)</small><br></div><div class="spacer battle-history"><br></div><div class="battle-history">Landorus used <strong>Earthquake</strong>!<br></div><div class="battle-history"><small>It's super effective!</small><br></div><div class="battle-history"><small>(The opposing Excadrill lost <abbr title="−361/361">100%</abbr> of its health!)</small><br></div><div class="spacer battle-history"><br></div><div class="battle-history">The opposing Excadrill fainted!<br></div><div class="spacer battle-history"><br></div><div class="battle-history"><small>The sandstorm is raging.</small><br></div><div class="spacer battle-history"><br></div><div class="battle-history">zoroark954 sent out <strong>Dedenne</strong>!<br></div><div class="spacer battle-history"><br></div><h2 class="battle-history">Turn 14</h2><div class="spacer battle-history"><br></div><div class="battle-history">Landorus used <strong>Earthquake</strong>!<br></div><div class="battle-history"><small>It's super effective!</small><br></div><div class="battle-history"><small>(The opposing Dedenne lost <abbr title="−277/277">100%</abbr> of its health!)</small><br></div><div class="spacer battle-history"><br></div><div class="battle-history">The opposing Dedenne fainted!<br></div><div class="spacer battle-history"><br></div><div class="battle-history"><small>The sandstorm subsided.</small><br></div><div class="spacer battle-history"><br></div><div class="battle-history">zoroark954 sent out Tornadus (<strong>Tornadus-Therian</strong>)!<br></div><div class="spacer battle-history"><br></div><h2 class="battle-history">Turn 15</h2><div class="spacer battle-history"><br></div><div class="battle-history">Landorus, come back!<br></div><div class="battle-history">Go! <strong>Heatran</strong>!<br></div><div class="spacer battle-history"><br></div><div class="battle-history">The opposing Tornadus used <strong>Hurricane</strong>!<br></div><div class="battle-history"><small>It's not very effective...</small><br></div><div class="battle-history"><small>(Heatran lost <abbr title="−81/386">21.0%</abbr> of its health!)</small><br></div><div class="spacer battle-history"><br></div><div class="battle-history"><small>Heatran restored a little HP using its Leftovers!</small><br></div><div class="spacer battle-history"><br></div><h2 class="battle-history">Turn 16</h2><div class="spacer battle-history"><br></div><div class="battle-history">The opposing Tornadus used <strong>Hurricane</strong>!<br></div><div class="battle-history"><small>It's not very effective...</small><br></div><div class="battle-history"><small>(Heatran lost <abbr title="−87/386">22.5%</abbr> of its health!)</small><br></div><div class="battle-history"><small>Heatran became confused!</small><br></div><div class="spacer battle-history"><br></div><div class="battle-history"><small>Heatran is confused!</small><br></div><div class="battle-history">Heatran used <strong>Magma Storm</strong>!<br></div><div class="battle-history"><small>(The opposing Tornadus lost <abbr title="−159/299">53.2%</abbr> of its health!)</small><br></div><div class="battle-history"><small>The opposing Tornadus became trapped by swirling magma!</small><br></div><div class="spacer battle-history"><br></div><div class="battle-history"><small>Heatran restored a little HP using its Leftovers!</small><br></div><div class="battle-history"><small>The opposing Tornadus is hurt by Magma Storm!</small><br></div><div class="spacer battle-history"><br></div><h2 class="battle-history">Turn 17</h2><div class="spacer battle-history"><br></div><div class="battle-history">The opposing Tornadus used <strong>Hurricane</strong>!<br></div><div class="battle-history"><small>Heatran avoided the attack!</small><br></div><div class="spacer battle-history"><br></div><div class="battle-history"><small>Heatran is confused!</small><br></div><div class="battle-history">It hurt itself in its confusion!<br></div><div class="spacer battle-history"><br></div><div class="battle-history"><small>Heatran restored a little HP using its Leftovers!</small><br></div><div class="battle-history"><small>The opposing Tornadus is hurt by Magma Storm!</small><br></div><div class="spacer battle-history"><br></div><div class="battle-history">The opposing Tornadus fainted!<br></div><div class="spacer battle-history"><br></div><div class="battle-history">zoroark954 sent out <strong>Chansey</strong>!<br></div><div class="spacer battle-history"><br></div><h2 class="battle-history">Turn 18</h2><div class="spacer battle-history"><br></div><div class="battle-history">Heatran, come back!<br></div><div class="battle-history">Go! <strong>Bewear</strong>!<br></div><div class="spacer battle-history"><br></div><div class="battle-history">The opposing Chansey used <strong>Seismic Toss</strong>!<br></div><div class="battle-history"><small>(Bewear lost <abbr title="−100/443">22.6%</abbr> of its health!)</small><br></div><div class="spacer battle-history"><br></div><h2 class="battle-history">Turn 19</h2><div class="spacer battle-history"><br></div><div class="battle-history">Bewear used <strong>Superpower</strong>!<br></div><div class="battle-history"><small>It's super effective!</small><br></div><div class="battle-history"><small>(The opposing Chansey lost <abbr title="−703/703">100%</abbr> of its health!)</small><br></div><div class="battle-history"><small>Bewear's Attack fell!</small><br></div><div class="battle-history"><small>Bewear's Defense fell!</small><br></div><div class="spacer battle-history"><br></div><div class="battle-history">The opposing Chansey fainted!<br></div><div class="spacer battle-history"><br></div><div class="battle-history"><strong>Yeluu</strong> won the battle!<br></div></div><div class="inner-preempt"></div></div></div>
</div>
<script>
let daily = Math.floor(Date.now()/1000/60/60/24);document.write('<script src="https://play.pokemonshowdown.com/js/replay-embed.js?version'+daily+'"></'+'script>');
</script>
