<!DOCTYPE html>
<meta charset="utf-8" />
<!-- version 1 -->
<title>OU replay: DraconSer vs. RedShadow Z</title>
<style>
html,body {font-family:Verdana, sans-serif;font-size:10pt;margin:0;padding:0;}body{padding:12px 0;} .battle-log {font-family:Verdana, sans-serif;font-size:10pt;} .battle-log-inline {border:1px solid #AAAAAA;background:#EEF2F5;color:black;max-width:640px;margin:0 auto 80px;padding-bottom:5px;} .battle-log .inner {padding:4px 8px 0px 8px;} .battle-log .inner-preempt {padding:0 8px 4px 8px;} .battle-log .inner-after {margin-top:0.5em;} .battle-log h2 {margin:0.5em -8px;padding:4px 8px;border:1px solid #AAAAAA;background:#E0E7EA;border-left:0;border-right:0;font-family:Verdana, sans-serif;font-size:13pt;} .battle-log .chat {vertical-align:middle;padding:3px 0 3px 0;font-size:8pt;} .battle-log .chat strong {color:#40576A;} .battle-log .chat em {padding:1px 4px 1px 3px;color:#000000;font-style:normal;} .chat.mine {background:rgba(0,0,0,0.05);margin-left:-8px;margin-right:-8px;padding-left:8px;padding-right:8px;} .spoiler {color:#BBBBBB;background:#BBBBBB;padding:0px 3px;} .spoiler:hover, .spoiler:active, .spoiler-shown {color:#000000;background:#E2E2E2;padding:0px 3px;} .spoiler a {color:#BBBBBB;} .spoiler:hover a, .spoiler:active a, .spoiler-shown a {color:#2288CC;} .chat code, .chat .spoiler:hover code, .chat .spoiler:active code, .chat .spoiler-shown code {border:1px solid #C0C0C0;background:#EEEEEE;color:black;padding:0 2px;} .chat .spoiler code {border:1px solid #CCCCCC;background:#CCCCCC;color:#CCCCCC;} .battle-log .rated {padding:3px 4px;} .battle-log .rated strong {color:white;background:#89A;padding:1px 4px;border-radius:4px;} .spacer {margin-top:0.5em;} .message-announce {background:#6688AA;color:white;padding:1px 4px 2px;} .message-announce a, .broadcast-green a, .broadcast-blue a, .broadcast-red a {color:#DDEEFF;} .broadcast-green {background-color:#559955;color:white;padding:2px 4px;} .broadcast-blue {background-color:#6688AA;color:white;padding:2px 4px;} .infobox {border:1px solid #6688AA;padding:2px 4px;} .infobox-limited {max-height:200px;overflow:auto;overflow-x:hidden;} .broadcast-red {background-color:#AA5544;color:white;padding:2px 4px;} .message-learn-canlearn {font-weight:bold;color:#228822;text-decoration:underline;} .message-learn-cannotlearn {font-weight:bold;color:#CC2222;text-decoration:underline;} .message-effect-weak {font-weight:bold;color:#CC2222;} .message-effect-resist {font-weight:bold;color:#6688AA;} .message-effect-immune {font-weight:bold;color:#666666;} .message-learn-list {margin-top:0;margin-bottom:0;} .message-throttle-notice, .message-error {color:#992222;} .message-overflow, .chat small.message-overflow {font-size:0pt;} .message-overflow::before {font-size:9pt;content:'...';} .subtle {color:#3A4A66;}
</style>
<div class="wrapper replay-wrapper" style="max-width:1180px;margin:0 auto">
<input type="hidden" name="replayid" value="destiny-ou-509744" />
<div class="battle"></div><div class="battle-log"></div><div class="replay-controls"></div><div class="replay-controls-2"></div>
<h1 style="font-weight:normal;text-align:center"><strong>OU</strong><br /><a href="http://pokemonshowdown.com/users/draconser" class="subtle" target="_blank">DraconSer</a> vs. <a href="http://pokemonshowdown.com/users/redshadowz" class="subtle" target="_blank">RedShadow Z</a></h1>
<script type="text/plain" class="battle-log-data">|player|p1|DraconSer|1084
|teamsize|p1|6
|player|p2|RedShadow Z|2064
|teamsize|p2|6
|teamsize|p1|6
|teamsize|p2|6
|gametype|singles
|gen|7
|tier|OU
|seed|62226,51797,22230,39117
|rule|Cláusula-Mod de Dormir: solo puedes dormir a uno de tus oponentes a la vez.
|rule|Cláusula de Especie: Hasta un Pokémon de cada especie
|rule|Cláusula de Golpe Fulminante: los movimientos fulminantes (OHKO) estan prohibidos
|rule|Cláusula de Veleta: la habilidad Veleta está prohibida
|rule|Cláusula de Movimientos Evasivos: los movimientos de Evasión están prohibidos.
|rule|Cláusula de Batallas Eternas: forzar batallas eternas está prohibido
|clearpoke
|poke|p1|Mimikyu, M|item
|poke|p1|Lopunny, M, shiny|item
|poke|p1|Scizor, M|item
|poke|p1|Toxapex, M|item
|poke|p1|Serperior, F|item
|poke|p1|Zygarde|item
|poke|p2|Garchomp, F|item
|poke|p2|Decidueye, M|item
|poke|p2|Salamence, M|item
|poke|p2|Tyranitar, M|item
|poke|p2|Volcanion|item
|poke|p2|Gyarados, M, shiny|item
|teampreview|undefined
|choice|*team 423156|*
|choice|*team 123456|*
|c|☆DraconSer|3
|c|☆DraconSer|2
|c|☆DraconSer|1
|choice|*|*team 623451
|choice|team 1, 2, 3, 4, 5, 6|team 6, 2, 3, 4, 5, 1
|
|start
|switch|p1a: Mimikyu|Mimikyu, M|251\/251
|switch|p2a: Gyarados|Gyarados, M, shiny|394\/394
|-ability|p2a: Gyarados|Intimidate|boost
|-unboost|p1a: Mimikyu|atk|1
|turn|1
|choice|*move 3|*
|choice|*move 3|*
|choice|*|*switch 5
|choice|move swordsdance|switch 5
|
|switch|p2a: Volcanion|Volcanion|363\/363
|move|p1a: Mimikyu|Swords Dance|p1a: Mimikyu
|-boost|p1a: Mimikyu|atk|2
|
|upkeep
|turn|2
|choice|*move 3|*
|choice|*|*move 4
|choice|move swordsdance|move toxic
|
|move|p1a: Mimikyu|Swords Dance|p1a: Mimikyu
|-boost|p1a: Mimikyu|atk|2
|move|p2a: Volcanion|Toxic|p1a: Mimikyu
|-status|p1a: Mimikyu|tox
|
|-damage|p1a: Mimikyu|236\/251 tox|[from] psn
|upkeep
|turn|3
|choice|*move 2|*
|choice|*|*move 1
|choice|move playrough|move protect
|
|move|p2a: Volcanion|Protect|p2a: Volcanion
|-singleturn|p2a: Volcanion|Protect
|move|p1a: Mimikyu|Play Rough|p2a: Volcanion
|-activate|p2a: Volcanion|move: Protect
|
|-damage|p1a: Mimikyu|206\/251 tox|[from] psn
|upkeep
|turn|4
|choice|*move 4|*
|choice|*|*move 3
|choice|move shadowsneak|move flamethrower
|
|move|p1a: Mimikyu|Shadow Sneak|p2a: Volcanion
|-damage|p2a: Volcanion|279\/363
|move|p2a: Volcanion|Flamethrower|p1a: Mimikyu
|-activate|p1a: Mimikyu|ability: Disguise
|-damage|p1a: Mimikyu|206\/251 tox
|detailschange|p1a: Mimikyu|Mimikyu-Busted, M
|
|-damage|p1a: Mimikyu|161\/251 tox|[from] psn
|upkeep
|turn|5
|choice|*move 2|*
|choice|*|*move 1
|choice|move playrough|move protect
|
|move|p2a: Volcanion|Protect|p2a: Volcanion
|-singleturn|p2a: Volcanion|Protect
|move|p1a: Mimikyu|Play Rough|p2a: Volcanion
|-activate|p2a: Volcanion|move: Protect
|
|-damage|p1a: Mimikyu|101\/251 tox|[from] psn
|upkeep
|-enditem|p1a: Mimikyu|Sitrus Berry|[eat]
|-heal|p1a: Mimikyu|163\/251 tox|[from] item: Sitrus Berry
|turn|6
|choice|*move 2|*
|choice|*|*move 2
|choice|move playrough|move scald
|
|move|p1a: Mimikyu|Play Rough|p2a: Volcanion
|-resisted|p2a: Volcanion
|-damage|p2a: Volcanion|178\/363
|move|p2a: Volcanion|Scald|p1a: Mimikyu
|-damage|p1a: Mimikyu|39\/251 tox
|
|-damage|p1a: Mimikyu|0 fnt|[from] psn
|upkeep
|faint|p1a: Mimikyu
|c|☆DraconSer|.__.
|choice|*switch 5|*
|choice|switch 5|
|
|switch|p1a: Serperior|Serperior, F|291\/291
|turn|7
|choice|*move 2|*
|c|☆RedShadow Z|xdxdxd
|c|☆DraconSer|mi koomo -oo ya lo habria derrotado :V
|choice|*|*move 4
|choice|move knockoff|move toxic
|
|move|p1a: Serperior|Knock Off|p2a: Volcanion
|-damage|p2a: Volcanion|142\/363
|move|p2a: Volcanion|Toxic|p1a: Serperior
|-status|p1a: Serperior|tox
|
|-damage|p1a: Serperior|273\/291 tox|[from] psn
|upkeep
|turn|8
|choice|*move 3|*
|choice|*|*move 1
|choice|move leafstorm|move protect
|
|move|p2a: Volcanion|Protect|p2a: Volcanion
|-singleturn|p2a: Volcanion|Protect
|move|p1a: Serperior|Leaf Storm|p2a: Volcanion
|-activate|p2a: Volcanion|move: Protect
|
|-heal|p1a: Serperior|291\/291 tox|[from] item: Leftovers
|-damage|p1a: Serperior|255\/291 tox|[from] psn
|upkeep
|turn|9
|choice|*move 3|*
|choice|*move 3|*
|choice|*|*move 3
|choice|move leafstorm|move flamethrower
|
|move|p1a: Serperior|Leaf Storm|p2a: Volcanion
|-damage|p2a: Volcanion|0 fnt
|-boost|p1a: Serperior|spa|2
|faint|p2a: Volcanion
|
|-heal|p1a: Serperior|273\/291 tox|[from] item: Leftovers
|-damage|p1a: Serperior|219\/291 tox|[from] psn
|upkeep
|c|☆DraconSer|.___.
|choice|*|*switch 4
|choice||switch 4
|
|switch|p2a: Tyranitar|Tyranitar, M|341\/341
|-ability|p2a: Tyranitar|Unnerve|p1: DraconSer
|turn|10
|choice|*move 3|*
|choice|*|*move 2 mega
|choice|move leafstorm|move protect mega
|
|-mega|p2a: Tyranitar|Tyranitar|Tyranitarite
|detailschange|p2a: Tyranitar|Tyranitar-Mega, M
|-weather|Sandstorm|[from] ability: Sand Stream|[of] p2a: Tyranitar
|move|p2a: Tyranitar|Protect|p2a: Tyranitar
|-singleturn|p2a: Tyranitar|Protect
|move|p1a: Serperior|Leaf Storm|p2a: Tyranitar
|-activate|p2a: Tyranitar|move: Protect
|
|-weather|Sandstorm|[upkeep]
|-damage|p1a: Serperior|201\/291 tox|[from] sandstorm
|-heal|p1a: Serperior|219\/291 tox|[from] item: Leftovers
|-damage|p1a: Serperior|147\/291 tox|[from] psn
|upkeep
|turn|11
|choice|*move 3|*
|choice|*|*move 3
|choice|move leafstorm|move flamethrower
|
|move|p1a: Serperior|Leaf Storm|p2a: Tyranitar|[miss]
|-miss|p1a: Serperior|p2a: Tyranitar
|move|p2a: Tyranitar|Flamethrower|p1a: Serperior
|-supereffective|p1a: Serperior
|-damage|p1a: Serperior|0 fnt
|faint|p1a: Serperior
|
|-weather|Sandstorm|[upkeep]
|upkeep
|choice|*switch 2|*
|choice|switch 2|
|
|switch|p1a: Lopunny|Lopunny, M, shiny|271\/271
|turn|12
|choice|*move 1 mega|*
|choice|*|*move 2
|choice|move return mega|move protect
|
|-mega|p1a: Lopunny|Lopunny|Lopunnite
|detailschange|p1a: Lopunny|Lopunny-Mega, M, shiny
|move|p2a: Tyranitar|Protect|p2a: Tyranitar
|-singleturn|p2a: Tyranitar|Protect
|move|p1a: Lopunny|Return|p2a: Tyranitar
|-activate|p2a: Tyranitar|move: Protect
|
|-weather|Sandstorm|[upkeep]
|-damage|p1a: Lopunny|255\/271|[from] sandstorm
|upkeep
|turn|13
|choice|*move 4|*
|choice|*|*move 4
|choice|move highjumpkick|move dragonpulse
|
|move|p1a: Lopunny|High Jump Kick|p2a: Tyranitar
|-supereffective|p2a: Tyranitar
|-damage|p2a: Tyranitar|0 fnt
|faint|p2a: Tyranitar
|
|-weather|Sandstorm|[upkeep]
|-damage|p1a: Lopunny|239\/271|[from] sandstorm
|upkeep
|choice|*|*switch 2
|choice||switch 2
|
|switch|p2a: Decidueye|Decidueye, M|359\/359
|turn|14
|choice|*move 2|*
|choice|*|*move 1 zmove
|choice|move icepunch|move spiritshackle zmove
|
|move|p1a: Lopunny|Ice Punch|p2a: Decidueye
|-supereffective|p2a: Decidueye
|-damage|p2a: Decidueye|127\/359
|-status|p2a: Decidueye|frz
|cant|p2a: Decidueye|frz
|
|-weather|none
|upkeep
|turn|15
|choice|*move 2|*
|choice|*|*switch 5
|choice|move icepunch|switch 5
|
|switch|p2a: Gyarados|Gyarados, M, shiny|394\/394
|-ability|p2a: Gyarados|Intimidate|boost
|-unboost|p1a: Lopunny|atk|1
|move|p1a: Lopunny|Ice Punch|p2a: Gyarados
|-damage|p2a: Gyarados|322\/394
|
|upkeep
|turn|16
|choice|*move 3|*
|choice|*|*move 1
|choice|move thunderpunch|move earthquake
|
|move|p1a: Lopunny|Thunder Punch|p2a: Gyarados
|-supereffective|p2a: Gyarados
|-damage|p2a: Gyarados|30\/394
|move|p2a: Gyarados|Earthquake|p1a: Lopunny
|-damage|p1a: Lopunny|108\/271
|
|upkeep
|turn|17
|choice|*move 3|*
|choice|*move 2|*
|choice|*|*move 1
|choice|move icepunch|move earthquake
|
|move|p1a: Lopunny|Ice Punch|p2a: Gyarados
|-damage|p2a: Gyarados|0 fnt
|faint|p2a: Gyarados
|
|upkeep
|c|☆DraconSer|ahora odiaras a los tipo lucha :V
|choice|*|*switch 3
|choice||switch 3
|
|switch|p2a: Salamence|Salamence, M|331\/331
|-ability|p2a: Salamence|Intimidate|boost
|-unboost|p1a: Lopunny|atk|1
|turn|18
|choice|*move 2|*
|choice|*|*move 3 zmove
|choice|move icepunch|move dragonpulse zmove
|
|move|p1a: Lopunny|Ice Punch|p2a: Salamence
|-supereffective|p2a: Salamence
|-damage|p2a: Salamence|123\/331
|-zpower|p2a: Salamence
|move|p2a: Salamence|Devastating Drake|p1a: Lopunny|[zeffect]
|-damage|p1a: Lopunny|0 fnt
|faint|p1a: Lopunny
|
|upkeep
|choice|*switch 3|*
|choice|switch 3|
|
|switch|p1a: Scizor|Scizor, M|344\/344
|turn|19
|choice|*move 3|*
|choice|*switch 4|*
|choice|*|*move 4
|choice|switch 4|move flamethrower
|
|switch|p1a: Toxapex|Toxapex, M|303\/303
|move|p2a: Salamence|Flamethrower|p1a: Toxapex
|-resisted|p1a: Toxapex
|-damage|p1a: Toxapex|275\/303
|
|upkeep
|turn|20
|choice|*move 3|*
|choice|*|*move 2
|choice|move knockoff|move earthquake
|
|move|p2a: Salamence|Earthquake|p1a: Toxapex
|-supereffective|p1a: Toxapex
|-damage|p1a: Toxapex|125\/303
|move|p1a: Toxapex|Knock Off|p2a: Salamence
|-damage|p2a: Salamence|80\/331
|
|upkeep
|turn|21
|choice|*move 1|*
|choice|*|*move 2
|choice|move banefulbunker|move earthquake
|
|move|p1a: Toxapex|Baneful Bunker|p1a: Toxapex
|-singleturn|p1a: Toxapex|move: Protect
|move|p2a: Salamence|Earthquake|p1a: Toxapex
|-activate|p1a: Toxapex|move: Protect
|
|upkeep
|turn|22
|choice|*move 4|*
|choice|*|*move 2
|choice|move liquidation|move earthquake
|
|move|p2a: Salamence|Earthquake|p1a: Toxapex
|-supereffective|p1a: Toxapex
|-damage|p1a: Toxapex|0 fnt
|faint|p1a: Toxapex
|
|upkeep
|choice|*switch 6|*
|choice|switch 6|
|
|switch|p1a: Zygarde|Zygarde|420\/420
|-ability|p1a: Zygarde|Aura Break
|turn|23
|choice|*move 3|*
|choice|*move 1|*
|choice|*|*move 3
|choice|move coreenforcer|move dragonpulse
|
|move|p2a: Salamence|Dragon Pulse|p1a: Zygarde
|-supereffective|p1a: Zygarde
|-damage|p1a: Zygarde|262\/420
|move|p1a: Zygarde|Core Enforcer|p2a: Salamence
|-supereffective|p2a: Salamence
|-damage|p2a: Salamence|0 fnt
|faint|p2a: Salamence
|
|upkeep
|choice|*|*switch 6
|choice||switch 6
|
|switch|p2a: Garchomp|Garchomp, F|420\/420
|turn|24
|choice|*move 1|*
|choice|*|*move 3
|choice|move coreenforcer|move dragonclaw
|
|move|p2a: Garchomp|Dragon Claw|p1a: Zygarde
|-supereffective|p1a: Zygarde
|-crit|p1a: Zygarde
|-damage|p1a: Zygarde|0 fnt
|faint|p1a: Zygarde
|
|upkeep
|choice|*switch 4|*
|choice|switch 4|
|
|switch|p1a: Scizor|Scizor, M|344\/344
|turn|25
|choice|*move 1|*
|choice|*|*move 4
|choice|move ironhead|move flamethrower
|
|move|p2a: Garchomp|Flamethrower|p1a: Scizor
|-supereffective|p1a: Scizor
|-damage|p1a: Scizor|0 fnt
|faint|p1a: Scizor
|
|win|RedShadow Z
|c|☆RedShadow Z|na
</script>
</div>
<div class="battle-log battle-log-inline"><div class="inner"><div class="battle-options"></div><div class="inner"><div class=""><small>Format:</small> <br><strong>OU</strong></div><div class=""><small><em>Cláusula-Mod de Dormir:</em> solo puedes dormir a uno de tus oponentes a la vez.</small></div><div class=""><small><em>Cláusula de Especie:</em> Hasta un Pokémon de cada especie</small></div><div class=""><small><em>Cláusula de Golpe Fulminante:</em> los movimientos fulminantes (OHKO) estan prohibidos</small></div><div class=""><small><em>Cláusula de Veleta:</em> la habilidad Veleta está prohibida</small></div><div class=""><small><em>Cláusula de Movimientos Evasivos:</em> los movimientos de Evasión están prohibidos.</small></div><div class=""><small><em>Cláusula de Batallas Eternas:</em> forzar batallas eternas está prohibido</small></div><div class="chat battle-history"><strong>DraconSer's team:</strong> <em style="color:#445566;display:block;">Mimikyu / Lopunny / Scizor / Toxapex / Serperior / Zygarde</em></div><div class="chat battle-history"><strong>RedShadow Z's team:</strong> <em style="color:#445566;display:block;">Garchomp / Decidueye / Salamence / Tyranitar / Volcanion / Gyarados</em></div><div class="chat chatmessage-draconser"><strong style="color:hsl(100,46%,42%)"><small>☆</small><span class="username" data-name="DraconSer">DraconSer</span>:</strong> <em>3</em></div><div class="chat chatmessage-draconser"><strong style="color:hsl(100,46%,42%)"><small>☆</small><span class="username" data-name="DraconSer">DraconSer</span>:</strong> <em>2</em></div><div class="chat chatmessage-draconser"><strong style="color:hsl(100,46%,42%)"><small>☆</small><span class="username" data-name="DraconSer">DraconSer</span>:</strong> <em>1</em></div><div class="spacer battle-history"><br></div><div class="battle-history">Battle started between DraconSer and RedShadow Z!<br></div><div class="spacer battle-history"><br></div><div class="battle-history">Go! <strong>Mimikyu</strong>!<br></div><div class="spacer battle-history"><br></div><div class="battle-history">RedShadow Z sent out <strong>Gyarados</strong>!<br></div><div class="battle-history"><small>[The opposing Gyarados's Intimidate]</small><br></div><div class="battle-history"><small>Mimikyu's Attack fell!</small><br></div><div class="spacer battle-history"><br></div><h2 class="battle-history">Turn 1</h2><div class="spacer battle-history"><br></div><div class="battle-history">RedShadow Z withdrew Gyarados!<br></div><div class="battle-history">RedShadow Z sent out <strong>Volcanion</strong>!<br></div><div class="spacer battle-history"><br></div><div class="battle-history">Mimikyu used <strong>Swords Dance</strong>!<br></div><div class="battle-history"><small>Mimikyu's Attack rose sharply!</small><br></div><div class="spacer battle-history"><br></div><h2 class="battle-history">Turn 2</h2><div class="spacer battle-history"><br></div><div class="battle-history">Mimikyu used <strong>Swords Dance</strong>!<br></div><div class="battle-history"><small>Mimikyu's Attack rose sharply!</small><br></div><div class="spacer battle-history"><br></div><div class="battle-history">The opposing Volcanion used <strong>Toxic</strong>!<br></div><div class="battle-history"><small>Mimikyu was badly poisoned!</small><br></div><div class="spacer battle-history"><br></div><div class="battle-history"><small>Mimikyu was hurt by poison!</small><br></div><div class="spacer battle-history"><br></div><h2 class="battle-history">Turn 3</h2><div class="spacer battle-history"><br></div><div class="battle-history">The opposing Volcanion used <strong>Protect</strong>!<br></div><div class="battle-history"><small>The opposing Volcanion protected itself!</small><br></div><div class="spacer battle-history"><br></div><div class="battle-history">Mimikyu used <strong>Play Rough</strong>!<br></div><div class="battle-history"><small>The opposing Volcanion protected itself!</small><br></div><div class="spacer battle-history"><br></div><div class="battle-history"><small>Mimikyu was hurt by poison!</small><br></div><div class="spacer battle-history"><br></div><h2 class="battle-history">Turn 4</h2><div class="spacer battle-history"><br></div><div class="battle-history">Mimikyu used <strong>Shadow Sneak</strong>!<br></div><div class="battle-history"><small>(The opposing Volcanion lost <abbr title="−84/363">23.1%</abbr> of its health!)</small><br></div><div class="spacer battle-history"><br></div><div class="battle-history">The opposing Volcanion used <strong>Flamethrower</strong>!<br></div><div class="battle-history"><small>[Mimikyu's Disguise]</small><br><small>Its disguise served it as a decoy!</small><br></div><div class="battle-history"><small>(Mimikyu lost <abbr title="0/251">0%</abbr> of its health!)</small><br></div><div class="battle-history">Mimikyu's disguise was busted!<br></div><div class="spacer battle-history"><br></div><div class="battle-history"><small>Mimikyu was hurt by poison!</small><br></div><div class="spacer battle-history"><br></div><h2 class="battle-history">Turn 5</h2><div class="spacer battle-history"><br></div><div class="battle-history">The opposing Volcanion used <strong>Protect</strong>!<br></div><div class="battle-history"><small>The opposing Volcanion protected itself!</small><br></div><div class="spacer battle-history"><br></div><div class="battle-history">Mimikyu used <strong>Play Rough</strong>!<br></div><div class="battle-history"><small>The opposing Volcanion protected itself!</small><br></div><div class="spacer battle-history"><br></div><div class="battle-history"><small>Mimikyu was hurt by poison!</small><br></div><div class="spacer battle-history"><br></div><div class="battle-history"><small>Mimikyu ate its Sitrus Berry!</small><br></div><div class="battle-history"><small>Mimikyu restored HP using its Sitrus Berry!</small><br></div><div class="spacer battle-history"><br></div><h2 class="battle-history">Turn 6</h2><div class="spacer battle-history"><br></div><div class="battle-history">Mimikyu used <strong>Play Rough</strong>!<br></div><div class="battle-history"><small>It's not very effective...</small><br></div><div class="battle-history"><small>(The opposing Volcanion lost <abbr title="−101/363">27.8%</abbr> of its health!)</small><br></div><div class="spacer battle-history"><br></div><div class="battle-history">The opposing Volcanion used <strong>Scald</strong>!<br></div><div class="battle-history"><small>(Mimikyu lost <abbr title="−124/251">49.4%</abbr> of its health!)</small><br></div><div class="spacer battle-history"><br></div><div class="battle-history"><small>Mimikyu was hurt by poison!</small><br></div><div class="spacer battle-history"><br></div><div class="battle-history">Mimikyu fainted!<br></div><div class="chat chatmessage-draconser"><strong style="color:hsl(100,46%,42%)"><small>☆</small><span class="username" data-name="DraconSer">DraconSer</span>:</strong> <em>.__.</em></div><div class="spacer battle-history"><br></div><div class="battle-history">Go! <strong>Serperior</strong>!<br></div><div class="spacer battle-history"><br></div><h2 class="battle-history">Turn 7</h2><div class="chat chatmessage-redshadowz"><strong style="color:hsl(75,69%,37.29097606824%)"><small>☆</small><span class="username" data-name="RedShadow Z">RedShadow Z</span>:</strong> <em>xdxdxd</em></div><div class="chat chatmessage-draconser"><strong style="color:hsl(100,46%,42%)"><small>☆</small><span class="username" data-name="DraconSer">DraconSer</span>:</strong> <em>mi koomo -oo ya lo habria derrotado :V</em></div><div class="spacer battle-history"><br></div><div class="battle-history">Serperior used <strong>Knock Off</strong>!<br></div><div class="battle-history"><small>(The opposing Volcanion lost <abbr title="−36/363">9.9%</abbr> of its health!)</small><br></div><div class="spacer battle-history"><br></div><div class="battle-history">The opposing Volcanion used <strong>Toxic</strong>!<br></div><div class="battle-history"><small>Serperior was badly poisoned!</small><br></div><div class="spacer battle-history"><br></div><div class="battle-history"><small>Serperior was hurt by poison!</small><br></div><div class="spacer battle-history"><br></div><h2 class="battle-history">Turn 8</h2><div class="spacer battle-history"><br></div><div class="battle-history">The opposing Volcanion used <strong>Protect</strong>!<br></div><div class="battle-history"><small>The opposing Volcanion protected itself!</small><br></div><div class="spacer battle-history"><br></div><div class="battle-history">Serperior used <strong>Leaf Storm</strong>!<br></div><div class="battle-history"><small>The opposing Volcanion protected itself!</small><br></div><div class="spacer battle-history"><br></div><div class="battle-history"><small>Serperior restored a little HP using its Leftovers!</small><br></div><div class="battle-history"><small>Serperior was hurt by poison!</small><br></div><div class="spacer battle-history"><br></div><h2 class="battle-history">Turn 9</h2><div class="spacer battle-history"><br></div><div class="battle-history">Serperior used <strong>Leaf Storm</strong>!<br></div><div class="battle-history"><small>(The opposing Volcanion lost <abbr title="−142/363">39.1%</abbr> of its health!)</small><br></div><div class="battle-history"><small>Serperior's Special Attack rose sharply!</small><br></div><div class="spacer battle-history"><br></div><div class="battle-history">The opposing Volcanion fainted!<br></div><div class="spacer battle-history"><br></div><div class="battle-history"><small>Serperior restored a little HP using its Leftovers!</small><br></div><div class="battle-history"><small>Serperior was hurt by poison!</small><br></div><div class="chat chatmessage-draconser"><strong style="color:hsl(100,46%,42%)"><small>☆</small><span class="username" data-name="DraconSer">DraconSer</span>:</strong> <em>.___.</em></div><div class="spacer battle-history"><br></div><div class="battle-history">RedShadow Z sent out <strong>Tyranitar</strong>!<br></div><div class="battle-history"><small>[The opposing Tyranitar's Unnerve]</small><br><small>Your team is too nervous to eat Berries!</small><br></div><div class="spacer battle-history"><br></div><h2 class="battle-history">Turn 10</h2><div class="spacer battle-history"><br></div><div class="battle-history"><small>The opposing Tyranitar's Tyranitarite is reacting to the Key Stone!</small><br>The opposing Tyranitar has Mega Evolved into Mega Tyranitar!<br></div><div class="battle-history"><small>[The opposing Tyranitar's Sand Stream]</small><br><small>A sandstorm kicked up!</small><br></div><div class="spacer battle-history"><br></div><div class="battle-history">The opposing Tyranitar used <strong>Protect</strong>!<br></div><div class="battle-history"><small>The opposing Tyranitar protected itself!</small><br></div><div class="spacer battle-history"><br></div><div class="battle-history">Serperior used <strong>Leaf Storm</strong>!<br></div><div class="battle-history"><small>The opposing Tyranitar protected itself!</small><br></div><div class="spacer battle-history"><br></div><div class="battle-history"><small>The sandstorm is raging.</small><br></div><div class="battle-history"><small>Serperior is buffeted by the sandstorm!</small><br></div><div class="battle-history"><small>Serperior restored a little HP using its Leftovers!</small><br></div><div class="battle-history"><small>Serperior was hurt by poison!</small><br></div><div class="spacer battle-history"><br></div><h2 class="battle-history">Turn 11</h2><div class="spacer battle-history"><br></div><div class="battle-history">Serperior used <strong>Leaf Storm</strong>!<br></div><div class="battle-history"><small>The opposing Tyranitar avoided the attack!</small><br></div><div class="spacer battle-history"><br></div><div class="battle-history">The opposing Tyranitar used <strong>Flamethrower</strong>!<br></div><div class="battle-history"><small>It's super effective!</small><br></div><div class="battle-history"><small>(Serperior lost <abbr title="−147/291">50.5%</abbr> of its health!)</small><br></div><div class="spacer battle-history"><br></div><div class="battle-history">Serperior fainted!<br></div><div class="spacer battle-history"><br></div><div class="battle-history"><small>The sandstorm is raging.</small><br></div><div class="spacer battle-history"><br></div><div class="battle-history">Go! <strong>Lopunny</strong>!<br></div><div class="spacer battle-history"><br></div><h2 class="battle-history">Turn 12</h2><div class="spacer battle-history"><br></div><div class="battle-history"><small>Lopunny's Lopunnite is reacting to the Key Stone!</small><br>Lopunny has Mega Evolved into Mega Lopunny!<br></div><div class="spacer battle-history"><br></div><div class="battle-history">The opposing Tyranitar used <strong>Protect</strong>!<br></div><div class="battle-history"><small>The opposing Tyranitar protected itself!</small><br></div><div class="spacer battle-history"><br></div><div class="battle-history">Lopunny used <strong>Return</strong>!<br></div><div class="battle-history"><small>The opposing Tyranitar protected itself!</small><br></div><div class="spacer battle-history"><br></div><div class="battle-history"><small>The sandstorm is raging.</small><br></div><div class="battle-history"><small>Lopunny is buffeted by the sandstorm!</small><br></div><div class="spacer battle-history"><br></div><h2 class="battle-history">Turn 13</h2><div class="spacer battle-history"><br></div><div class="battle-history">Lopunny used <strong>High Jump Kick</strong>!<br></div><div class="battle-history"><small>It's super effective!</small><br></div><div class="battle-history"><small>(The opposing Tyranitar lost <abbr title="−341/341">100%</abbr> of its health!)</small><br></div><div class="spacer battle-history"><br></div><div class="battle-history">The opposing Tyranitar fainted!<br></div><div class="spacer battle-history"><br></div><div class="battle-history"><small>The sandstorm is raging.</small><br></div><div class="battle-history"><small>Lopunny is buffeted by the sandstorm!</small><br></div><div class="spacer battle-history"><br></div><div class="battle-history">RedShadow Z sent out <strong>Decidueye</strong>!<br></div><div class="spacer battle-history"><br></div><h2 class="battle-history">Turn 14</h2><div class="spacer battle-history"><br></div><div class="battle-history">Lopunny used <strong>Ice Punch</strong>!<br></div><div class="battle-history"><small>It's super effective!</small><br></div><div class="battle-history"><small>(The opposing Decidueye lost <abbr title="−232/359">64.6%</abbr> of its health!)</small><br></div><div class="battle-history"><small>The opposing Decidueye was frozen solid!</small><br></div><div class="spacer battle-history"><br></div><div class="battle-history">The opposing Decidueye is frozen solid!<br></div><div class="spacer battle-history"><br></div><div class="battle-history"><small>The sandstorm subsided.</small><br></div><div class="spacer battle-history"><br></div><h2 class="battle-history">Turn 15</h2><div class="spacer battle-history"><br></div><div class="battle-history">RedShadow Z withdrew Decidueye!<br></div><div class="battle-history">RedShadow Z sent out <strong>Gyarados</strong>!<br></div><div class="battle-history"><small>[The opposing Gyarados's Intimidate]</small><br></div><div class="battle-history"><small>Lopunny's Attack fell!</small><br></div><div class="spacer battle-history"><br></div><div class="battle-history">Lopunny used <strong>Ice Punch</strong>!<br></div><div class="battle-history"><small>(The opposing Gyarados lost <abbr title="−72/394">18.3%</abbr> of its health!)</small><br></div><div class="spacer battle-history"><br></div><h2 class="battle-history">Turn 16</h2><div class="spacer battle-history"><br></div><div class="battle-history">Lopunny used <strong>Thunder Punch</strong>!<br></div><div class="battle-history"><small>It's super effective!</small><br></div><div class="battle-history"><small>(The opposing Gyarados lost <abbr title="−292/394">74.1%</abbr> of its health!)</small><br></div><div class="spacer battle-history"><br></div><div class="battle-history">The opposing Gyarados used <strong>Earthquake</strong>!<br></div><div class="battle-history"><small>(Lopunny lost <abbr title="−131/271">48.3%</abbr> of its health!)</small><br></div><div class="spacer battle-history"><br></div><h2 class="battle-history">Turn 17</h2><div class="spacer battle-history"><br></div><div class="battle-history">Lopunny used <strong>Ice Punch</strong>!<br></div><div class="battle-history"><small>(The opposing Gyarados lost <abbr title="−30/394">7.6%</abbr> of its health!)</small><br></div><div class="spacer battle-history"><br></div><div class="battle-history">The opposing Gyarados fainted!<br></div><div class="chat chatmessage-draconser"><strong style="color:hsl(100,46%,42%)"><small>☆</small><span class="username" data-name="DraconSer">DraconSer</span>:</strong> <em>ahora odiaras a los tipo lucha :V</em></div><div class="spacer battle-history"><br></div><div class="battle-history">RedShadow Z sent out <strong>Salamence</strong>!<br></div><div class="battle-history"><small>[The opposing Salamence's Intimidate]</small><br></div><div class="battle-history"><small>Lopunny's Attack fell!</small><br></div><div class="spacer battle-history"><br></div><h2 class="battle-history">Turn 18</h2><div class="spacer battle-history"><br></div><div class="battle-history">Lopunny used <strong>Ice Punch</strong>!<br></div><div class="battle-history"><small>It's super effective!</small><br></div><div class="battle-history"><small>(The opposing Salamence lost <abbr title="−208/331">62.8%</abbr> of its health!)</small><br></div><div class="battle-history"><small>The opposing Salamence surrounded itself with its Z-Power!</small><br></div><div class="spacer battle-history"><br></div><div class="battle-history">The opposing Salamence used <strong>Devastating Drake</strong>!<br></div><div class="battle-history"><small>(Lopunny lost <abbr title="−108/271">39.9%</abbr> of its health!)</small><br></div><div class="spacer battle-history"><br></div><div class="battle-history">Lopunny fainted!<br></div><div class="spacer battle-history"><br></div><div class="battle-history">Go! <strong>Scizor</strong>!<br></div><div class="spacer battle-history"><br></div><h2 class="battle-history">Turn 19</h2><div class="spacer battle-history"><br></div><div class="battle-history">Scizor, come back!<br></div><div class="battle-history">Go! <strong>Toxapex</strong>!<br></div><div class="spacer battle-history"><br></div><div class="battle-history">The opposing Salamence used <strong>Flamethrower</strong>!<br></div><div class="battle-history"><small>It's not very effective...</small><br></div><div class="battle-history"><small>(Toxapex lost <abbr title="−28/303">9.2%</abbr> of its health!)</small><br></div><div class="spacer battle-history"><br></div><h2 class="battle-history">Turn 20</h2><div class="spacer battle-history"><br></div><div class="battle-history">The opposing Salamence used <strong>Earthquake</strong>!<br></div><div class="battle-history"><small>It's super effective!</small><br></div><div class="battle-history"><small>(Toxapex lost <abbr title="−150/303">49.5%</abbr> of its health!)</small><br></div><div class="spacer battle-history"><br></div><div class="battle-history">Toxapex used <strong>Knock Off</strong>!<br></div><div class="battle-history"><small>(The opposing Salamence lost <abbr title="−43/331">13.0%</abbr> of its health!)</small><br></div><div class="spacer battle-history"><br></div><h2 class="battle-history">Turn 21</h2><div class="spacer battle-history"><br></div><div class="battle-history">Toxapex used <strong>Baneful Bunker</strong>!<br></div><div class="battle-history"><small>Toxapex protected itself!</small><br></div><div class="spacer battle-history"><br></div><div class="battle-history">The opposing Salamence used <strong>Earthquake</strong>!<br></div><div class="battle-history"><small>Toxapex protected itself!</small><br></div><div class="spacer battle-history"><br></div><h2 class="battle-history">Turn 22</h2><div class="spacer battle-history"><br></div><div class="battle-history">The opposing Salamence used <strong>Earthquake</strong>!<br></div><div class="battle-history"><small>It's super effective!</small><br></div><div class="battle-history"><small>(Toxapex lost <abbr title="−125/303">41.3%</abbr> of its health!)</small><br></div><div class="spacer battle-history"><br></div><div class="battle-history">Toxapex fainted!<br></div><div class="spacer battle-history"><br></div><div class="battle-history">Go! <strong>Zygarde</strong>!<br></div><div class="battle-history"><small>[Zygarde's Aura Break]</small><br><small>Zygarde reversed all other Pokémon's auras!</small><br></div><div class="spacer battle-history"><br></div><h2 class="battle-history">Turn 23</h2><div class="spacer battle-history"><br></div><div class="battle-history">The opposing Salamence used <strong>Dragon Pulse</strong>!<br></div><div class="battle-history"><small>It's super effective!</small><br></div><div class="battle-history"><small>(Zygarde lost <abbr title="−158/420">37.6%</abbr> of its health!)</small><br></div><div class="spacer battle-history"><br></div><div class="battle-history">Zygarde used <strong>Core Enforcer</strong>!<br></div><div class="battle-history"><small>It's super effective!</small><br></div><div class="battle-history"><small>(The opposing Salamence lost <abbr title="−80/331">24.2%</abbr> of its health!)</small><br></div><div class="spacer battle-history"><br></div><div class="battle-history">The opposing Salamence fainted!<br></div><div class="spacer battle-history"><br></div><div class="battle-history">RedShadow Z sent out <strong>Garchomp</strong>!<br></div><div class="spacer battle-history"><br></div><h2 class="battle-history">Turn 24</h2><div class="spacer battle-history"><br></div><div class="battle-history">The opposing Garchomp used <strong>Dragon Claw</strong>!<br></div><div class="battle-history"><small>It's super effective!</small><br></div><div class="battle-history"><small>A critical hit!</small><br></div><div class="battle-history"><small>(Zygarde lost <abbr title="−262/420">62.4%</abbr> of its health!)</small><br></div><div class="spacer battle-history"><br></div><div class="battle-history">Zygarde fainted!<br></div><div class="spacer battle-history"><br></div><div class="battle-history">Go! <strong>Scizor</strong>!<br></div><div class="spacer battle-history"><br></div><h2 class="battle-history">Turn 25</h2><div class="spacer battle-history"><br></div><div class="battle-history">The opposing Garchomp used <strong>Flamethrower</strong>!<br></div><div class="battle-history"><small>It's super effective!</small><br></div><div class="battle-history"><small>(Scizor lost <abbr title="−344/344">100%</abbr> of its health!)</small><br></div><div class="spacer battle-history"><br></div><div class="battle-history">Scizor fainted!<br></div><div class="spacer battle-history"><br></div><div class="battle-history"><strong>RedShadow Z</strong> won the battle!<br></div><div class="chat chatmessage-redshadowz"><strong style="color:hsl(75,69%,37.29097606824%)"><small>☆</small><span class="username" data-name="RedShadow Z">RedShadow Z</span>:</strong> <em>na</em></div></div><div class="inner-preempt"></div></div></div>
</div>
<script>
let daily = Math.floor(Date.now()/1000/60/60/24);document.write('<script src="https://play.pokemonshowdown.com/js/replay-embed.js?version'+daily+'"></'+'script>');
</script>
