<!DOCTYPE html>
<meta charset="utf-8" />
<!-- version 1 -->
<title>OU replay: AdderJo vs. Mahvel Party</title>
<style>
html,body {font-family:Verdana, sans-serif;font-size:10pt;margin:0;padding:0;}body{padding:12px 0;} .battle-log {font-family:Verdana, sans-serif;font-size:10pt;} .battle-log-inline {border:1px solid #AAAAAA;background:#EEF2F5;color:black;max-width:640px;margin:0 auto 80px;padding-bottom:5px;} .battle-log .inner {padding:4px 8px 0px 8px;} .battle-log .inner-preempt {padding:0 8px 4px 8px;} .battle-log .inner-after {margin-top:0.5em;} .battle-log h2 {margin:0.5em -8px;padding:4px 8px;border:1px solid #AAAAAA;background:#E0E7EA;border-left:0;border-right:0;font-family:Verdana, sans-serif;font-size:13pt;} .battle-log .chat {vertical-align:middle;padding:3px 0 3px 0;font-size:8pt;} .battle-log .chat strong {color:#40576A;} .battle-log .chat em {padding:1px 4px 1px 3px;color:#000000;font-style:normal;} .chat.mine {background:rgba(0,0,0,0.05);margin-left:-8px;margin-right:-8px;padding-left:8px;padding-right:8px;} .spoiler {color:#BBBBBB;background:#BBBBBB;padding:0px 3px;} .spoiler:hover, .spoiler:active, .spoiler-shown {color:#000000;background:#E2E2E2;padding:0px 3px;} .spoiler a {color:#BBBBBB;} .spoiler:hover a, .spoiler:active a, .spoiler-shown a {color:#2288CC;} .chat code, .chat .spoiler:hover code, .chat .spoiler:active code, .chat .spoiler-shown code {border:1px solid #C0C0C0;background:#EEEEEE;color:black;padding:0 2px;} .chat .spoiler code {border:1px solid #CCCCCC;background:#CCCCCC;color:#CCCCCC;} .battle-log .rated {padding:3px 4px;} .battle-log .rated strong {color:white;background:#89A;padding:1px 4px;border-radius:4px;} .spacer {margin-top:0.5em;} .message-announce {background:#6688AA;color:white;padding:1px 4px 2px;} .message-announce a, .broadcast-green a, .broadcast-blue a, .broadcast-red a {color:#DDEEFF;} .broadcast-green {background-color:#559955;color:white;padding:2px 4px;} .broadcast-blue {background-color:#6688AA;color:white;padding:2px 4px;} .infobox {border:1px solid #6688AA;padding:2px 4px;} .infobox-limited {max-height:200px;overflow:auto;overflow-x:hidden;} .broadcast-red {background-color:#AA5544;color:white;padding:2px 4px;} .message-learn-canlearn {font-weight:bold;color:#228822;text-decoration:underline;} .message-learn-cannotlearn {font-weight:bold;color:#CC2222;text-decoration:underline;} .message-effect-weak {font-weight:bold;color:#CC2222;} .message-effect-resist {font-weight:bold;color:#6688AA;} .message-effect-immune {font-weight:bold;color:#666666;} .message-learn-list {margin-top:0;margin-bottom:0;} .message-throttle-notice, .message-error {color:#992222;} .message-overflow, .chat small.message-overflow {font-size:0pt;} .message-overflow::before {font-size:9pt;content:'...';} .subtle {color:#3A4A66;}
</style>
<div class="wrapper replay-wrapper" style="max-width:1180px;margin:0 auto">
<input type="hidden" name="replayid" value="destiny-ou-454105" />
<div class="battle"></div><div class="battle-log"></div><div class="replay-controls"></div><div class="replay-controls-2"></div>
<h1 style="font-weight:normal;text-align:center"><strong>OU</strong><br /><a href="http://pokemonshowdown.com/users/adderjo" class="subtle" target="_blank">AdderJo</a> vs. <a href="http://pokemonshowdown.com/users/mahvelparty" class="subtle" target="_blank">Mahvel Party</a></h1>
<script type="text/plain" class="battle-log-data">|player|p1|AdderJo|1
|teamsize|p1|6
|player|p2|Mahvel Party|169
|teamsize|p2|6
|teamsize|p1|6
|teamsize|p2|6
|gametype|singles
|gen|7
|tier|OU
|rated
|seed|48946,40333,40896,35640
|rule|Cláusula-Mod de Dormir: solo puedes dormir a uno de tus oponentes a la vez.
|rule|Cláusula de Especie: Hasta un Pokémon de cada especie
|rule|Cláusula de Golpe Fulminante: los movimientos fulminantes (OHKO) estan prohibidos
|rule|Cláusula de Veleta: la habilidad Veleta está prohibida
|rule|Cláusula de Movimientos Evasivos: los movimientos de Evasión están prohibidos.
|rule|Cláusula de Batallas Eternas: forzar batallas eternas está prohibido
|clearpoke
|poke|p1|Lopunny, M|item
|poke|p1|Mew|item
|poke|p1|Gyarados, M|item
|poke|p1|Magnezone|item
|poke|p1|Volcarona, M|item
|poke|p1|Amoonguss, M|item
|poke|p2|Alomomola, F|item
|poke|p2|Medicham, M|item
|poke|p2|Snorlax, F|item
|poke|p2|Landorus-Therian, M|item
|poke|p2|Rotom-Wash|item
|poke|p2|Blacephalon|item
|teampreview|undefined
|choice|*team 213456|*
|inactive|Reloj de batalla ENCENDIDO. El jugador inactivo será descalificado (solicitado por AdderJo).
|choice|*|*team 213456
|choice|team 2, 1, 3, 4, 5, 6|team 2, 1, 3, 4, 5, 6
|
|start
|switch|p1a: Mew|Mew|404\/404
|switch|p2a: Medicham|Medicham, M|261\/261
|turn|1
|choice|*move 1|*
|choice|*|*move 1 mega
|choice|move willowisp|move fakeout mega
|
|-mega|p2a: Medicham|Medicham|Medichamite
|detailschange|p2a: Medicham|Medicham-Mega, M
|move|p2a: Medicham|Fake Out|p1a: Mew
|-damage|p1a: Mew|345\/404
|-damage|p2a: Medicham|218\/261|[from] item: Rocky Helmet|[of] p1a: Mew
|cant|p1a: Mew|flinch
|
|upkeep
|turn|2
|choice|*move 1|*
|choice|*|*switch 5
|choice|move willowisp|switch 5
|
|switch|p2a: Rotom|Rotom-Wash|304\/304
|move|p1a: Mew|Will-O-Wisp|p2a: Rotom|[miss]
|-miss|p1a: Mew|p2a: Rotom
|
|upkeep
|turn|3
|choice|*switch 6|*
|choice|*|*move 1
|choice|switch 6|move voltswitch
|
|switch|p1a: Amoonguss|Amoonguss, M|432\/432
|move|p2a: Rotom|Volt Switch|p1a: Amoonguss
|-resisted|p1a: Amoonguss
|-damage|p1a: Amoonguss|397\/432
|inactive|Mahvel Party tiene 135 segundos restantes.
|choice|*|*switch 3
|choice||switch 3
|
|switch|p2a: Snorlax|Snorlax, F|524\/524|[from]move: Volt Switch
|
|-heal|p1a: Amoonguss|424\/432|[from] item: Black Sludge
|upkeep
|turn|4
|choice|*|*move 3
|choice|*move 1|*
|choice|move spore|move flamethrower
|
|move|p1a: Amoonguss|Spore|p2a: Snorlax
|-status|p2a: Snorlax|slp
|cant|p2a: Snorlax|slp
|
|-heal|p1a: Amoonguss|432\/432|[from] item: Black Sludge
|upkeep
|turn|5
|choice|*switch 2|*
|choice|*|*switch 6
|choice|switch 2|switch 6
|
|switch|p1a: Lopunny|Lopunny, M|271\/271
|switch|p2a: Blacephalon|Blacephalon|247\/247
|
|upkeep
|turn|6
|choice|*move 1 mega|*
|inactive|Mahvel Party tiene 135 segundos restantes.
|choice|*|*switch 4
|choice|move fakeout mega|switch 4
|
|switch|p2a: Landorus|Landorus-Therian, M|382\/382
|-ability|p2a: Landorus|Intimidate|boost
|-unboost|p1a: Lopunny|atk|1
|-mega|p1a: Lopunny|Lopunny|Lopunnite
|detailschange|p1a: Lopunny|Lopunny-Mega, M
|move|p1a: Lopunny|Fake Out|p2a: Landorus
|-damage|p2a: Landorus|340\/382
|-damage|p1a: Lopunny|226\/271|[from] item: Rocky Helmet|[of] p2a: Landorus
|
|upkeep
|turn|7
|choice|*move 4|*
|choice|*|*move 2
|choice|move icepunch|move stealthrock
|
|move|p1a: Lopunny|Ice Punch|p2a: Landorus
|-supereffective|p2a: Landorus
|-damage|p2a: Landorus|148\/382
|-damage|p1a: Lopunny|181\/271|[from] item: Rocky Helmet|[of] p2a: Landorus
|move|p2a: Landorus|Stealth Rock|p1a: Lopunny
|-sidestart|p1: AdderJo|move: Stealth Rock
|
|upkeep
|turn|8
|choice|*move 4|*
|choice|*|*switch 2
|choice|*move 2|*
|choice|move return|switch 2
|
|switch|p2a: Alomomola|Alomomola, F|534\/534
|move|p1a: Lopunny|Return|p2a: Alomomola
|-damage|p2a: Alomomola|435\/534
|
|-heal|p2a: Alomomola|468\/534|[from] item: Leftovers
|upkeep
|turn|9
|choice|*switch 6|*
|choice|*|*move 2
|choice|switch 6|move wish
|
|switch|p1a: Mew|Mew|345\/404
|-damage|p1a: Mew|295\/404|[from] Stealth Rock
|move|p2a: Alomomola|Wish|p2a: Alomomola
|
|-heal|p2a: Alomomola|501\/534|[from] item: Leftovers
|upkeep
|turn|10
|choice|*move 3|*
|choice|*|*switch 3
|choice|move defog|switch 3
|
|switch|p2a: Rotom|Rotom-Wash|304\/304
|move|p1a: Mew|Defog|p2a: Rotom
|-unboost|p2a: Rotom|evasion|1
|-sideend|p1: AdderJo|Stealth Rock|[from] move: Defog|[of] p1a: Mew
|
|upkeep
|turn|11
|choice|*move 1|*
|choice|*|*move 1
|choice|*switch 5|*
|choice|switch 5|move voltswitch
|
|switch|p1a: Volcarona|Volcarona, M|311\/311
|move|p2a: Rotom|Volt Switch|p1a: Volcarona
|-damage|p1a: Volcarona|230\/311
|inactive|Mahvel Party tiene 135 segundos restantes.
|inactive|Mahvel Party tiene 120 segundos restantes.
|choice|*|*switch 4
|choice||switch 4
|
|switch|p2a: Blacephalon|Blacephalon|247\/247|[from]move: Volt Switch
|
|upkeep
|turn|12
|choice|*|*move 2
|choice|*switch 2|*
|choice|switch 2|move flamethrower
|
|switch|p1a: Amoonguss|Amoonguss, M|432\/432
|move|p2a: Blacephalon|Flamethrower|p1a: Amoonguss
|-supereffective|p1a: Amoonguss
|-damage|p1a: Amoonguss|130\/432
|
|-heal|p1a: Amoonguss|157\/432|[from] item: Black Sludge
|upkeep
|turn|13
|choice|*switch 3|*
|choice|*|*move 2
|choice|switch 3|move flamethrower
|
|switch|p1a: Gyarados|Gyarados, M|331\/331
|move|p2a: Blacephalon|Flamethrower|p1a: Gyarados
|-resisted|p1a: Gyarados
|-damage|p1a: Gyarados|236\/331
|
|upkeep
|turn|14
|choice|*move 1|*
|choice|*|*switch 4
|choice|move dragondance|switch 4
|
|switch|p2a: Rotom|Rotom-Wash|304\/304
|move|p1a: Gyarados|Dragon Dance|p1a: Gyarados
|-boost|p1a: Gyarados|atk|1
|-boost|p1a: Gyarados|spe|1
|
|upkeep
|turn|15
|choice|*|*move 4
|choice|*switch 4|*
|choice|switch 4|move willowisp
|
|switch|p1a: Magnezone|Magnezone|343\/343
|move|p2a: Rotom|Will-O-Wisp|p1a: Magnezone|[miss]
|-miss|p2a: Rotom|p1a: Magnezone
|
|upkeep
|turn|16
|choice|*move 4|*
|choice|*|*move 1
|choice|move voltswitch|move voltswitch
|
|move|p2a: Rotom|Volt Switch|p1a: Magnezone
|-resisted|p1a: Magnezone
|-damage|p1a: Magnezone|292\/343
|choice|*|*switch 2
|choice||switch 2
|
|switch|p2a: Landorus|Landorus-Therian, M|148\/382|[from]move: Volt Switch
|-ability|p2a: Landorus|Intimidate|boost
|-unboost|p1a: Magnezone|atk|1
|move|p1a: Magnezone|Volt Switch|p2a: Landorus
|-immune|p2a: Landorus|[msg]
|
|upkeep
|turn|17
|choice|*switch 5|*
|choice|*switch 5|*
|choice|*|*move 2
|choice|*switch 5|*
|choice|switch 5|move stealthrock
|
|switch|p1a: Mew|Mew|295\/404
|move|p2a: Landorus|Stealth Rock|p1a: Mew
|-sidestart|p1: AdderJo|move: Stealth Rock
|
|upkeep
|turn|18
|choice|*|*switch 2
|choice|*move 3|*
|choice|move defog|switch 2
|
|switch|p2a: Rotom|Rotom-Wash|304\/304
|move|p1a: Mew|Defog|p2a: Rotom
|-unboost|p2a: Rotom|evasion|1
|-sideend|p1: AdderJo|Stealth Rock|[from] move: Defog|[of] p1a: Mew
|
|upkeep
|turn|19
|choice|*move 1|*
|choice|*move 1|*
|choice|*|*move 1
|choice|move willowisp|move voltswitch
|
|move|p1a: Mew|Will-O-Wisp|p2a: Rotom
|-status|p2a: Rotom|brn
|move|p2a: Rotom|Volt Switch|p1a: Mew
|-damage|p1a: Mew|204\/404
|inactive|Mahvel Party tiene 135 segundos restantes.
|choice|*|*switch 4
|choice||switch 4
|
|switch|p2a: Blacephalon|Blacephalon|247\/247|[from]move: Volt Switch
|
|upkeep
|turn|20
|choice|*switch 3|*
|choice|*|*move 1
|choice|switch 3|move shadowball
|
|switch|p1a: Amoonguss|Amoonguss, M|301\/432
|move|p2a: Blacephalon|Shadow Ball|p1a: Amoonguss
|-damage|p1a: Amoonguss|174\/432
|
|-heal|p1a: Amoonguss|201\/432|[from] item: Black Sludge
|upkeep
|turn|21
|choice|*move 4|*
|inactive|Mahvel Party tiene 135 segundos restantes.
|choice|*|*switch 4
|choice|move toxic|switch 4
|
|switch|p2a: Rotom|Rotom-Wash|304\/304 brn
|move|p1a: Amoonguss|Toxic|p2a: Rotom
|-fail|p2a: Rotom
|
|-heal|p1a: Amoonguss|228\/432|[from] item: Black Sludge
|-damage|p2a: Rotom|285\/304 brn|[from] brn
|upkeep
|turn|22
|choice|*move 2|*
|choice|*move 4|*
|choice|*|*move 1
|choice|move toxic|move voltswitch
|
|move|p2a: Rotom|Volt Switch|p1a: Amoonguss
|-resisted|p1a: Amoonguss
|-damage|p1a: Amoonguss|192\/432
|choice|*|*switch 4
|choice||switch 4
|
|switch|p2a: Blacephalon|Blacephalon|247\/247|[from]move: Volt Switch
|move|p1a: Amoonguss|Toxic|p2a: Blacephalon
|-status|p2a: Blacephalon|tox
|
|-heal|p1a: Amoonguss|219\/432|[from] item: Black Sludge
|-damage|p2a: Blacephalon|232\/247 tox|[from] psn
|upkeep
|turn|23
|choice|*|*move 2
|choice|*switch 2|*
|choice|switch 2|move flamethrower
|
|switch|p1a: Volcarona|Volcarona, M|230\/311
|move|p2a: Blacephalon|Flamethrower|p1a: Volcarona
|-damage|p1a: Volcarona|58\/311
|
|-damage|p2a: Blacephalon|202\/247 tox|[from] psn
|upkeep
|turn|24
|choice|*move 1|*
|choice|*|*move 2
|choice|move quiverdance|move flamethrower
|
|move|p2a: Blacephalon|Flamethrower|p1a: Volcarona
|-damage|p1a: Volcarona|0 fnt
|faint|p1a: Volcarona
|-ability|p2a: Blacephalon|Beast Boost|boost
|-boost|p2a: Blacephalon|spa|1
|
|-damage|p2a: Blacephalon|157\/247 tox|[from] psn
|upkeep
|choice|*switch 6|*
|choice|switch 6|
|
|switch|p1a: Lopunny|Lopunny-Mega, M|181\/271
|turn|25
|choice|*move 1|*
|choice|*|*switch 2
|choice|move fakeout|switch 2
|
|switch|p2a: Landorus|Landorus-Therian, M|148\/382
|-ability|p2a: Landorus|Intimidate|boost
|-unboost|p1a: Lopunny|atk|1
|move|p1a: Lopunny|Fake Out|p2a: Landorus
|-damage|p2a: Landorus|111\/382
|-damage|p1a: Lopunny|136\/271|[from] item: Rocky Helmet|[of] p2a: Landorus
|
|upkeep
|turn|26
|choice|*move 2|*
|choice|*|*switch 3
|choice|*move 4|*
|choice|move icepunch|switch 3
|
|switch|p2a: Alomomola|Alomomola, F|534\/534
|move|p1a: Lopunny|Ice Punch|p2a: Alomomola
|-resisted|p2a: Alomomola
|-damage|p2a: Alomomola|508\/534
|
|-heal|p2a: Alomomola|534\/534|[from] item: Leftovers
|upkeep
|turn|27
|choice|*|*move 2
|choice|*switch 5|*
|choice|switch 5|move wish
|
|switch|p1a: Magnezone|Magnezone|292\/343
|move|p2a: Alomomola|Wish|p2a: Alomomola
|
|upkeep
|turn|28
|choice|*move 2|*
|choice|*|*switch 4
|choice|move flashcannon|switch 4
|
|switch|p2a: Rotom|Rotom-Wash|285\/304 brn
|move|p1a: Magnezone|Flash Cannon|p2a: Rotom
|-resisted|p2a: Rotom
|-damage|p2a: Rotom|237\/304 brn
|
|-heal|p2a: Rotom|304\/304 brn|[from] move: Wish|[wisher] Alomomola
|-damage|p2a: Rotom|285\/304 brn|[from] brn
|upkeep
|turn|29
|choice|*switch 2|*
|choice|*|*move 4
|choice|switch 2|move willowisp
|
|switch|p1a: Amoonguss|Amoonguss, M|363\/432
|move|p2a: Rotom|Will-O-Wisp|p1a: Amoonguss|[miss]
|-miss|p2a: Rotom|p1a: Amoonguss
|
|-heal|p2a: Rotom|304\/304 brn|[from] item: Leftovers
|-heal|p1a: Amoonguss|390\/432|[from] item: Black Sludge
|-damage|p2a: Rotom|285\/304 brn|[from] brn
|upkeep
|turn|30
|choice|*move 2|*
|choice|*|*move 4
|choice|move gigadrain|move willowisp
|
|move|p2a: Rotom|Will-O-Wisp|p1a: Amoonguss
|-status|p1a: Amoonguss|brn
|move|p1a: Amoonguss|Giga Drain|p2a: Rotom
|-supereffective|p2a: Rotom
|-damage|p2a: Rotom|169\/304 brn
|-heal|p1a: Amoonguss|432\/432 brn|[from] drain|[of] p2a: Rotom
|
|-heal|p2a: Rotom|188\/304 brn|[from] item: Leftovers
|-damage|p2a: Rotom|169\/304 brn|[from] brn
|-damage|p1a: Amoonguss|405\/432 brn|[from] brn
|upkeep
|turn|31
|choice|*move 3|*
|choice|*|*move 1
|choice|move sludgebomb|move voltswitch
|
|move|p2a: Rotom|Volt Switch|p1a: Amoonguss
|-resisted|p1a: Amoonguss
|-damage|p1a: Amoonguss|369\/432 brn
|choice|*|*switch 5
|choice||switch 5
|
|switch|p2a: Medicham|Medicham-Mega, M|218\/261|[from]move: Volt Switch
|move|p1a: Amoonguss|Sludge Bomb|p2a: Medicham
|-damage|p2a: Medicham|110\/261
|
|-heal|p1a: Amoonguss|396\/432 brn|[from] item: Black Sludge
|-damage|p1a: Amoonguss|369\/432 brn|[from] brn
|upkeep
|turn|32
|choice|*switch 3|*
|choice|*|*switch 4
|choice|switch 3|switch 4
|
|switch|p2a: Alomomola|Alomomola, F|534\/534
|switch|p1a: Mew|Mew|204\/404
|
|upkeep
|turn|33
|choice|*move 2|*
|choice|*|*move 2
|choice|move softboiled|move wish
|
|move|p1a: Mew|Soft-Boiled|p1a: Mew
|-heal|p1a: Mew|404\/404
|move|p2a: Alomomola|Wish|p2a: Alomomola
|
|upkeep
|turn|34
|choice|*move 1|*
|choice|*|*switch 3
|choice|move willowisp|switch 3
|
|switch|p2a: Landorus|Landorus-Therian, M|111\/382
|-ability|p2a: Landorus|Intimidate|boost
|-unboost|p1a: Mew|atk|1
|move|p1a: Mew|Will-O-Wisp|p2a: Landorus
|-status|p2a: Landorus|brn
|
|-heal|p2a: Landorus|378\/382 brn|[from] move: Wish|[wisher] Alomomola
|-damage|p2a: Landorus|355\/382 brn|[from] brn
|upkeep
|turn|35
|choice|*move 4|*
|choice|*|*move 4
|choice|move icebeam|move knockoff
|
|move|p1a: Mew|Ice Beam|p2a: Landorus
|-supereffective|p2a: Landorus
|-damage|p2a: Landorus|15\/382 brn
|move|p2a: Landorus|Knock Off|p1a: Mew
|-supereffective|p1a: Mew
|-damage|p1a: Mew|333\/404
|-damage|p2a: Landorus|0 fnt|[from] item: Rocky Helmet|[of] p1a: Mew
|faint|p2a: Landorus
|
|upkeep
|inactive|Mahvel Party tiene 135 segundos restantes.
|choice|*|*switch 2
|choice||switch 2
|
|switch|p2a: Blacephalon|Blacephalon|157\/247 tox
|turn|36
|choice|*|*move 2
|choice|*switch 3|*
|choice|switch 3|move flamethrower
|
|switch|p1a: Amoonguss|Amoonguss, M|432\/432 brn
|move|p2a: Blacephalon|Flamethrower|p1a: Amoonguss
|-supereffective|p1a: Amoonguss
|-damage|p1a: Amoonguss|142\/432 brn
|
|-heal|p1a: Amoonguss|169\/432 brn|[from] item: Black Sludge
|-damage|p2a: Blacephalon|142\/247 tox|[from] psn
|-damage|p1a: Amoonguss|142\/432 brn|[from] brn
|upkeep
|turn|37
|choice|*switch 4|*
|choice|*|*switch 5
|choice|switch 4|switch 5
|
|switch|p2a: Rotom|Rotom-Wash|169\/304 brn
|switch|p1a: Gyarados|Gyarados, M|236\/331
|
|-heal|p2a: Rotom|188\/304 brn|[from] item: Leftovers
|-damage|p2a: Rotom|169\/304 brn|[from] brn
|upkeep
|turn|38
|choice|*switch 4|*
|choice|*|*move 1
|choice|switch 4|move voltswitch
|
|switch|p1a: Amoonguss|Amoonguss, M|286\/432 brn
|move|p2a: Rotom|Volt Switch|p1a: Amoonguss
|-resisted|p1a: Amoonguss
|-damage|p1a: Amoonguss|251\/432 brn
|choice|*|*switch 5
|choice||switch 5
|
|switch|p2a: Blacephalon|Blacephalon|142\/247 tox|[from]move: Volt Switch
|
|-heal|p1a: Amoonguss|278\/432 brn|[from] item: Black Sludge
|-damage|p2a: Blacephalon|127\/247 tox|[from] psn
|-damage|p1a: Amoonguss|251\/432 brn|[from] brn
|upkeep
|turn|39
|choice|*|*move 2
|choice|*switch 2|*
|choice|switch 2|move flamethrower
|
|switch|p1a: Magnezone|Magnezone|292\/343
|move|p2a: Blacephalon|Flamethrower|p1a: Magnezone
|-supereffective|p1a: Magnezone
|-damage|p1a: Magnezone|0 fnt
|faint|p1a: Magnezone
|-ability|p2a: Blacephalon|Beast Boost|boost
|-boost|p2a: Blacephalon|spa|1
|
|-damage|p2a: Blacephalon|97\/247 tox|[from] psn
|upkeep
|choice|*switch 5|*
|choice|switch 5|
|
|switch|p1a: Lopunny|Lopunny-Mega, M|136\/271
|turn|40
|choice|*move 1|*
|choice|*|*switch 3
|choice|move fakeout|switch 3
|
|switch|p2a: Alomomola|Alomomola, F|534\/534
|move|p1a: Lopunny|Fake Out|p2a: Alomomola
|-damage|p2a: Alomomola|474\/534
|
|-heal|p2a: Alomomola|507\/534|[from] item: Leftovers
|upkeep
|turn|41
|choice|*move 3|*
|choice|*|*move 2
|choice|move highjumpkick|move wish
|
|move|p1a: Lopunny|High Jump Kick|p2a: Alomomola
|-damage|p2a: Alomomola|320\/534
|move|p2a: Alomomola|Wish|p2a: Alomomola
|
|-heal|p2a: Alomomola|353\/534|[from] item: Leftovers
|upkeep
|turn|42
|choice|*|*move 3
|choice|*switch 2|*
|choice|switch 2|move toxic
|
|switch|p1a: Amoonguss|Amoonguss, M|395\/432 brn
|move|p2a: Alomomola|Toxic|p1a: Amoonguss
|-fail|p1a: Amoonguss
|
|-heal|p2a: Alomomola|534\/534|[from] move: Wish|[wisher] Alomomola
|-heal|p1a: Amoonguss|422\/432 brn|[from] item: Black Sludge
|-damage|p1a: Amoonguss|395\/432 brn|[from] brn
|upkeep
|turn|43
|choice|*move 4|*
|choice|*|*move 2
|choice|move toxic|move wish
|
|move|p2a: Alomomola|Wish|p2a: Alomomola
|move|p1a: Amoonguss|Toxic|p2a: Alomomola
|-status|p2a: Alomomola|tox
|
|-heal|p1a: Amoonguss|422\/432 brn|[from] item: Black Sludge
|-damage|p2a: Alomomola|501\/534 tox|[from] psn
|-damage|p1a: Amoonguss|395\/432 brn|[from] brn
|upkeep
|turn|44
|choice|*move 3|*
|choice|*|*switch 5
|choice|move sludgebomb|switch 5
|
|switch|p2a: Rotom|Rotom-Wash|169\/304 brn
|move|p1a: Amoonguss|Sludge Bomb|p2a: Rotom
|-damage|p2a: Rotom|100\/304 brn
|
|-heal|p2a: Rotom|304\/304 brn|[from] move: Wish|[wisher] Alomomola
|-heal|p1a: Amoonguss|422\/432 brn|[from] item: Black Sludge
|-damage|p2a: Rotom|285\/304 brn|[from] brn
|-damage|p1a: Amoonguss|395\/432 brn|[from] brn
|upkeep
|turn|45
|choice|*move 2|*
|choice|*|*move 1
|choice|move gigadrain|move voltswitch
|
|move|p2a: Rotom|Volt Switch|p1a: Amoonguss
|-resisted|p1a: Amoonguss
|-damage|p1a: Amoonguss|356\/432 brn
|choice|*|*switch 6
|choice||switch 6
|
|switch|p2a: Snorlax|Snorlax, F|524\/524 slp|[from]move: Volt Switch
|move|p1a: Amoonguss|Giga Drain|p2a: Snorlax
|-damage|p2a: Snorlax|464\/524 slp
|-heal|p1a: Amoonguss|386\/432 brn|[from] drain|[of] p2a: Snorlax
|
|-heal|p1a: Amoonguss|413\/432 brn|[from] item: Black Sludge
|-heal|p2a: Snorlax|496\/524 slp|[from] item: Leftovers
|-damage|p1a: Amoonguss|386\/432 brn|[from] brn
|upkeep
|turn|46
|choice|*switch 2|*
|choice|*|*move 2
|choice|switch 2|move facade
|
|switch|p1a: Lopunny|Lopunny-Mega, M|136\/271
|-curestatus|p2a: Snorlax|slp|[msg]
|move|p2a: Snorlax|Facade|p1a: Lopunny
|-damage|p1a: Lopunny|43\/271
|
|-heal|p2a: Snorlax|524\/524|[from] item: Leftovers
|upkeep
|turn|47
|choice|*move 3|*
|choice|*|*switch 5
|choice|move highjumpkick|switch 5
|
|switch|p2a: Alomomola|Alomomola, F|534\/534 tox
|move|p1a: Lopunny|High Jump Kick|p2a: Alomomola
|-damage|p2a: Alomomola|351\/534 tox
|
|-heal|p2a: Alomomola|384\/534 tox|[from] item: Leftovers
|-damage|p2a: Alomomola|351\/534 tox|[from] psn
|upkeep
|turn|48
|choice|*|*move 2
|choice|*switch 4|*
|choice|switch 4|move wish
|
|switch|p1a: Gyarados|Gyarados, M|236\/331
|move|p2a: Alomomola|Wish|p2a: Alomomola
|
|-heal|p2a: Alomomola|384\/534 tox|[from] item: Leftovers
|-damage|p2a: Alomomola|318\/534 tox|[from] psn
|upkeep
|turn|49
|choice|*switch 2|*
|choice|*|*switch 6
|choice|switch 2|switch 6
|
|switch|p1a: Amoonguss|Amoonguss, M|432\/432 brn
|switch|p2a: Rotom|Rotom-Wash|285\/304 brn
|
|-heal|p2a: Rotom|304\/304 brn|[from] move: Wish|[wisher] Alomomola
|-damage|p2a: Rotom|285\/304 brn|[from] brn
|-damage|p1a: Amoonguss|405\/432 brn|[from] brn
|upkeep
|turn|50
|choice|*move 2|*
|choice|*|*move 1
|choice|*move 2|*
|choice|move gigadrain|move voltswitch
|
|move|p2a: Rotom|Volt Switch|p1a: Amoonguss
|-resisted|p1a: Amoonguss
|-crit|p1a: Amoonguss
|-damage|p1a: Amoonguss|354\/432 brn
|choice|*|*switch 5
|choice||switch 5
|
|switch|p2a: Snorlax|Snorlax, F|524\/524|[from]move: Volt Switch
|move|p1a: Amoonguss|Giga Drain|p2a: Snorlax
|-damage|p2a: Snorlax|473\/524
|-heal|p1a: Amoonguss|380\/432 brn|[from] drain|[of] p2a: Snorlax
|
|-heal|p1a: Amoonguss|407\/432 brn|[from] item: Black Sludge
|-heal|p2a: Snorlax|505\/524|[from] item: Leftovers
|-damage|p1a: Amoonguss|380\/432 brn|[from] brn
|upkeep
|turn|51
|choice|*move 1|*
|choice|*|*move 2
|choice|move spore|move facade
|
|move|p1a: Amoonguss|Spore|p2a: Snorlax
|-status|p2a: Snorlax|slp
|cant|p2a: Snorlax|slp
|
|-heal|p1a: Amoonguss|407\/432 brn|[from] item: Black Sludge
|-heal|p2a: Snorlax|524\/524 slp|[from] item: Leftovers
|-damage|p1a: Amoonguss|380\/432 brn|[from] brn
|upkeep
|turn|52
|choice|*switch 3|*
|choice|*|*move 2
|choice|switch 3|move facade
|
|switch|p1a: Mew|Mew|333\/404
|-curestatus|p2a: Snorlax|slp|[msg]
|move|p2a: Snorlax|Facade|p1a: Mew
|-damage|p1a: Mew|269\/404
|-damage|p2a: Snorlax|437\/524|[from] item: Rocky Helmet|[of] p1a: Mew
|
|-heal|p2a: Snorlax|469\/524|[from] item: Leftovers
|upkeep
|turn|53
|choice|*move 2|*
|choice|*|*switch 6
|choice|move softboiled|switch 6
|
|switch|p2a: Alomomola|Alomomola, F|496\/534 tox
|move|p1a: Mew|Soft-Boiled|p1a: Mew
|-heal|p1a: Mew|404\/404
|
|-heal|p2a: Alomomola|529\/534 tox|[from] item: Leftovers
|-damage|p2a: Alomomola|496\/534 tox|[from] psn
|upkeep
|turn|54
|choice|*switch 3|*
|choice|*|*move 2
|choice|switch 3|move wish
|
|switch|p1a: Amoonguss|Amoonguss, M|432\/432 brn
|move|p2a: Alomomola|Wish|p2a: Alomomola
|
|-heal|p2a: Alomomola|529\/534 tox|[from] item: Leftovers
|-damage|p2a: Alomomola|463\/534 tox|[from] psn
|-damage|p1a: Amoonguss|405\/432 brn|[from] brn
|upkeep
|turn|55
|choice|*move 1|*
|choice|*|*switch 4
|choice|*move 2|*
|choice|move gigadrain|switch 4
|
|switch|p2a: Medicham|Medicham-Mega, M|110\/261
|move|p1a: Amoonguss|Giga Drain|p2a: Medicham
|-damage|p2a: Medicham|25\/261
|-heal|p1a: Amoonguss|432\/432 brn|[from] drain|[of] p2a: Medicham
|
|-heal|p2a: Medicham|261\/261|[from] move: Wish|[wisher] Alomomola
|-damage|p1a: Amoonguss|405\/432 brn|[from] brn
|upkeep
|turn|56
|choice|*switch 3|*
|inactive|Mahvel Party tiene 135 segundos restantes.
|choice|*|*switch 6
|choice|switch 3|switch 6
|
|switch|p2a: Snorlax|Snorlax, F|469\/524
|switch|p1a: Mew|Mew|404\/404
|
|-heal|p2a: Snorlax|501\/524|[from] item: Leftovers
|upkeep
|turn|57
|choice|*move 4|*
|choice|*|*switch 5
|choice|move icebeam|switch 5
|
|switch|p2a: Rotom|Rotom-Wash|285\/304 brn
|move|p1a: Mew|Ice Beam|p2a: Rotom
|-resisted|p2a: Rotom
|-damage|p2a: Rotom|258\/304 brn
|
|-heal|p2a: Rotom|277\/304 brn|[from] item: Leftovers
|-damage|p2a: Rotom|258\/304 brn|[from] brn
|upkeep
|turn|58
|choice|*switch 3|*
|choice|*|*move 1
|choice|switch 3|move voltswitch
|
|switch|p1a: Amoonguss|Amoonguss, M|432\/432 brn
|move|p2a: Rotom|Volt Switch|p1a: Amoonguss
|-resisted|p1a: Amoonguss
|-damage|p1a: Amoonguss|396\/432 brn
|choice|*|*switch 3
|choice||switch 3
|
|switch|p2a: Blacephalon|Blacephalon|97\/247 tox|[from]move: Volt Switch
|
|-heal|p1a: Amoonguss|423\/432 brn|[from] item: Black Sludge
|-damage|p2a: Blacephalon|82\/247 tox|[from] psn
|-damage|p1a: Amoonguss|396\/432 brn|[from] brn
|upkeep
|turn|59
|choice|*move 3|*
|choice|*|*move 2
|choice|move sludgebomb|move flamethrower
|
|move|p2a: Blacephalon|Flamethrower|p1a: Amoonguss
|-supereffective|p1a: Amoonguss
|-damage|p1a: Amoonguss|120\/432 brn
|move|p1a: Amoonguss|Sludge Bomb|p2a: Blacephalon
|-resisted|p2a: Blacephalon
|-damage|p2a: Blacephalon|23\/247 tox
|
|-heal|p1a: Amoonguss|147\/432 brn|[from] item: Black Sludge
|-damage|p2a: Blacephalon|0 fnt|[from] psn
|-damage|p1a: Amoonguss|120\/432 brn|[from] brn
|upkeep
|faint|p2a: Blacephalon
|inactive|Mahvel Party tiene 135 segundos restantes.
|c|☆AdderJo|ya ma aburri xd
|inactive|Mahvel Party tiene 120 segundos restantes.
|choice|*|*switch 3
|choice||switch 3
|
|switch|p2a: Rotom|Rotom-Wash|258\/304 brn
|turn|60
|choice|*move 1|*
|choice|*|*move 3
|choice|move spore|move hydropump
|
|move|p2a: Rotom|Hydro Pump|p1a: Amoonguss
|-resisted|p1a: Amoonguss
|-damage|p1a: Amoonguss|67\/432 brn
|move|p1a: Amoonguss|Spore|p2a: Rotom
|-fail|p2a: Rotom
|
|-heal|p2a: Rotom|277\/304 brn|[from] item: Leftovers
|-heal|p1a: Amoonguss|94\/432 brn|[from] item: Black Sludge
|-damage|p2a: Rotom|258\/304 brn|[from] brn
|-damage|p1a: Amoonguss|67\/432 brn|[from] brn
|upkeep
|turn|61
|choice|*move 2|*
|choice|*|*move 1
|choice|move gigadrain|move voltswitch
|
|move|p2a: Rotom|Volt Switch|p1a: Amoonguss
|-resisted|p1a: Amoonguss
|-damage|p1a: Amoonguss|28\/432 brn
|choice|*|*switch 5
|choice||switch 5
|
|switch|p2a: Snorlax|Snorlax, F|501\/524|[from]move: Volt Switch
|move|p1a: Amoonguss|Giga Drain|p2a: Snorlax
|-damage|p2a: Snorlax|447\/524
|-heal|p1a: Amoonguss|55\/432 brn|[from] drain|[of] p2a: Snorlax
|
|-heal|p1a: Amoonguss|82\/432 brn|[from] item: Black Sludge
|-heal|p2a: Snorlax|479\/524|[from] item: Leftovers
|-damage|p1a: Amoonguss|55\/432 brn|[from] brn
|upkeep
|turn|62
|choice|*move 1|*
|choice|*switch 3|*
|choice|*|*move 4
|choice|switch 3|move yawn
|
|switch|p1a: Mew|Mew|404\/404
|move|p2a: Snorlax|Yawn|p1a: Mew
|-start|p1a: Mew|move: Yawn|[of] p2a: Snorlax
|
|-heal|p2a: Snorlax|511\/524|[from] item: Leftovers
|upkeep
|turn|63
|choice|*|*switch 5
|choice|*switch 2|*
|choice|switch 2|switch 5
|
|switch|p1a: Gyarados|Gyarados, M|236\/331
|switch|p2a: Rotom|Rotom-Wash|258\/304 brn
|
|-heal|p2a: Rotom|277\/304 brn|[from] item: Leftovers
|-damage|p2a: Rotom|258\/304 brn|[from] brn
|upkeep
|turn|64
|choice|*switch 3|*
|choice|*|*move 1
|choice|switch 3|move voltswitch
|
|switch|p1a: Amoonguss|Amoonguss, M|199\/432 brn
|move|p2a: Rotom|Volt Switch|p1a: Amoonguss
|-resisted|p1a: Amoonguss
|-damage|p1a: Amoonguss|166\/432 brn
|choice|*|*switch 5
|choice||switch 5
|
|switch|p2a: Snorlax|Snorlax, F|511\/524|[from]move: Volt Switch
|
|-heal|p1a: Amoonguss|193\/432 brn|[from] item: Black Sludge
|-heal|p2a: Snorlax|524\/524|[from] item: Leftovers
|-damage|p1a: Amoonguss|166\/432 brn|[from] brn
|upkeep
|turn|65
|choice|*move 1|*
|choice|*|*move 3
|choice|move spore|move flamethrower
|
|move|p1a: Amoonguss|Spore|p2a: Snorlax
|-status|p2a: Snorlax|slp
|cant|p2a: Snorlax|slp
|
|-heal|p1a: Amoonguss|193\/432 brn|[from] item: Black Sludge
|-damage|p1a: Amoonguss|166\/432 brn|[from] brn
|upkeep
|turn|66
|choice|*switch 4|*
|choice|*|*move 2
|choice|switch 4|move facade
|
|switch|p1a: Lopunny|Lopunny-Mega, M|43\/271
|cant|p2a: Snorlax|slp
|
|upkeep
|turn|67
|choice|*move 3|*
|choice|*|*switch 4
|choice|move highjumpkick|switch 4
|
|switch|p2a: Alomomola|Alomomola, F|534\/534 tox
|move|p1a: Lopunny|High Jump Kick|p2a: Alomomola
|-damage|p2a: Alomomola|351\/534 tox
|
|-heal|p2a: Alomomola|384\/534 tox|[from] item: Leftovers
|-damage|p2a: Alomomola|351\/534 tox|[from] psn
|upkeep
|turn|68
|choice|*move 3|*
|choice|*|*move 2
|choice|move highjumpkick|move wish
|
|move|p1a: Lopunny|High Jump Kick|p2a: Alomomola
|-damage|p2a: Alomomola|159\/534 tox
|move|p2a: Alomomola|Wish|p2a: Alomomola
|
|-heal|p2a: Alomomola|192\/534 tox|[from] item: Leftovers
|-damage|p2a: Alomomola|126\/534 tox|[from] psn
|upkeep
|turn|69
|choice|*move 2|*
|choice|*|*move 4
|choice|move return|move protect
|
|move|p2a: Alomomola|Protect|p2a: Alomomola
|-singleturn|p2a: Alomomola|Protect
|move|p1a: Lopunny|Return|p2a: Alomomola
|-activate|p2a: Alomomola|move: Protect
|
|-heal|p2a: Alomomola|393\/534 tox|[from] move: Wish|[wisher] Alomomola
|-heal|p2a: Alomomola|426\/534 tox|[from] item: Leftovers
|-damage|p2a: Alomomola|327\/534 tox|[from] psn
|upkeep
|turn|70
|choice|*switch 2|*
|choice|*|*move 2
|choice|*switch 4|*
|choice|switch 4|move wish
|
|switch|p1a: Amoonguss|Amoonguss, M|310\/432 brn
|move|p2a: Alomomola|Wish|p2a: Alomomola
|
|-heal|p2a: Alomomola|360\/534 tox|[from] item: Leftovers
|-heal|p1a: Amoonguss|337\/432 brn|[from] item: Black Sludge
|-damage|p2a: Alomomola|228\/534 tox|[from] psn
|-damage|p1a: Amoonguss|310\/432 brn|[from] brn
|upkeep
|turn|71
|choice|*move 2|*
|choice|*|*switch 4
|choice|move gigadrain|switch 4
|
|switch|p2a: Snorlax|Snorlax, F|524\/524 slp
|move|p1a: Amoonguss|Giga Drain|p2a: Snorlax
|-damage|p2a: Snorlax|466\/524 slp
|-heal|p1a: Amoonguss|339\/432 brn|[from] drain|[of] p2a: Snorlax
|
|-heal|p2a: Snorlax|524\/524 slp|[from] move: Wish|[wisher] Alomomola
|-heal|p1a: Amoonguss|366\/432 brn|[from] item: Black Sludge
|-damage|p1a: Amoonguss|339\/432 brn|[from] brn
|upkeep
|turn|72
|choice|*move 2|*
|choice|*|*move 2
|choice|*move 2|*
|choice|move gigadrain|move facade
|
|move|p1a: Amoonguss|Giga Drain|p2a: Snorlax
|-damage|p2a: Snorlax|473\/524 slp
|-heal|p1a: Amoonguss|365\/432 brn|[from] drain|[of] p2a: Snorlax
|-curestatus|p2a: Snorlax|slp|[msg]
|move|p2a: Snorlax|Facade|p1a: Amoonguss
|-damage|p1a: Amoonguss|239\/432 brn
|
|-heal|p1a: Amoonguss|266\/432 brn|[from] item: Black Sludge
|-heal|p2a: Snorlax|505\/524|[from] item: Leftovers
|-damage|p1a: Amoonguss|239\/432 brn|[from] brn
|upkeep
|turn|73
|choice|*move 1|*
|choice|*|*move 4
|choice|move spore|move yawn
|
|move|p1a: Amoonguss|Spore|p2a: Snorlax
|-status|p2a: Snorlax|slp
|cant|p2a: Snorlax|slp
|
|-heal|p1a: Amoonguss|266\/432 brn|[from] item: Black Sludge
|-heal|p2a: Snorlax|524\/524 slp|[from] item: Leftovers
|-damage|p1a: Amoonguss|239\/432 brn|[from] brn
|upkeep
|turn|74
|choice|*switch 3|*
|choice|*|*move 3
|choice|switch 3|move flamethrower
|
|switch|p1a: Gyarados|Gyarados, M|236\/331
|cant|p2a: Snorlax|slp
|
|upkeep
|turn|75
|choice|*|*switch 5
|choice|*move 2|*
|choice|move waterfall|switch 5
|
|switch|p2a: Rotom|Rotom-Wash|258\/304 brn
|move|p1a: Gyarados|Waterfall|p2a: Rotom
|-resisted|p2a: Rotom
|-damage|p2a: Rotom|199\/304 brn
|
|-heal|p2a: Rotom|218\/304 brn|[from] item: Leftovers
|-damage|p2a: Rotom|199\/304 brn|[from] brn
|upkeep
|turn|76
|choice|*|*move 1
|choice|*switch 3|*
|choice|switch 3|move voltswitch
|
|switch|p1a: Amoonguss|Amoonguss, M|383\/432 brn
|move|p2a: Rotom|Volt Switch|p1a: Amoonguss
|-resisted|p1a: Amoonguss
|-damage|p1a: Amoonguss|349\/432 brn
|choice|*|*switch 5
|choice||switch 5
|
|switch|p2a: Snorlax|Snorlax, F|524\/524 slp|[from]move: Volt Switch
|
|-heal|p1a: Amoonguss|376\/432 brn|[from] item: Black Sludge
|-damage|p1a: Amoonguss|349\/432 brn|[from] brn
|upkeep
|turn|77
|choice|*|*move 2
|choice|*switch 3|*
|choice|switch 3|move facade
|
|switch|p1a: Gyarados|Gyarados, M|236\/331
|-curestatus|p2a: Snorlax|slp|[msg]
|move|p2a: Snorlax|Facade|p1a: Gyarados
|-damage|p1a: Gyarados|136\/331
|
|upkeep
|turn|78
|choice|*move 2|*
|choice|*|*move 4
|choice|move waterfall|move yawn
|
|move|p1a: Gyarados|Waterfall|p2a: Snorlax
|-damage|p2a: Snorlax|316\/524
|move|p2a: Snorlax|Yawn|p1a: Gyarados
|-start|p1a: Gyarados|move: Yawn|[of] p2a: Snorlax
|
|-heal|p2a: Snorlax|348\/524|[from] item: Leftovers
|upkeep
|turn|79
|choice|*move 3|*
|choice|*|*switch 4
|choice|move bounce|switch 4
|
|switch|p2a: Alomomola|Alomomola, F|406\/534 tox
|move|p1a: Gyarados|Bounce|p2a: Alomomola|[still]
|-prepare|p1a: Gyarados|Bounce|p2a: Alomomola
|
|-end|p1a: Gyarados|move: Yawn|[silent]
|-status|p1a: Gyarados|slp
|-heal|p2a: Alomomola|439\/534 tox|[from] item: Leftovers
|-damage|p2a: Alomomola|406\/534 tox|[from] psn
|upkeep
|turn|80
|choice|*move 1|*
|choice|*|*move 2
|choice|move bounce|move wish
|
|cant|p1a: Gyarados|slp
|move|p2a: Alomomola|Wish|p2a: Alomomola
|
|-heal|p2a: Alomomola|439\/534 tox|[from] item: Leftovers
|-damage|p2a: Alomomola|373\/534 tox|[from] psn
|upkeep
|turn|81
|choice|*move 1|*
|choice|*|*switch 4
|choice|move dragondance|switch 4
|
|switch|p2a: Snorlax|Snorlax, F|348\/524
|-curestatus|p1a: Gyarados|slp|[msg]
|move|p1a: Gyarados|Dragon Dance|p1a: Gyarados
|-boost|p1a: Gyarados|atk|1
|-boost|p1a: Gyarados|spe|1
|
|-heal|p2a: Snorlax|524\/524|[from] move: Wish|[wisher] Alomomola
|upkeep
|turn|82
|choice|*|*switch 4
|choice|*move 3 zmove|*
|choice|move bounce zmove|switch 4
|
|switch|p2a: Alomomola|Alomomola, F|534\/534 tox
|-zpower|p1a: Gyarados
|move|p1a: Gyarados|Supersonic Skystrike|p2a: Alomomola|[zeffect]
|-damage|p2a: Alomomola|141\/534 tox
|
|-heal|p2a: Alomomola|174\/534 tox|[from] item: Leftovers
|-damage|p2a: Alomomola|141\/534 tox|[from] psn
|upkeep
|turn|83
|choice|*move 4|*
|choice|*|*switch 5
|choice|move earthquake|switch 5
|
|switch|p2a: Rotom|Rotom-Wash|199\/304 brn
|move|p1a: Gyarados|Earthquake|p2a: Rotom
|-immune|p2a: Rotom|[msg]|[from] ability: Levitate
|
|-heal|p2a: Rotom|218\/304 brn|[from] item: Leftovers
|-damage|p2a: Rotom|199\/304 brn|[from] brn
|upkeep
|turn|84
|choice|*switch 3|*
|choice|*|*move 1
|choice|switch 3|move voltswitch
|
|switch|p1a: Amoonguss|Amoonguss, M|432\/432 brn
|move|p2a: Rotom|Volt Switch|p1a: Amoonguss
|-resisted|p1a: Amoonguss
|-damage|p1a: Amoonguss|396\/432 brn
|choice|*|*switch 4
|choice||switch 4
|
|switch|p2a: Snorlax|Snorlax, F|524\/524|[from]move: Volt Switch
|
|-heal|p1a: Amoonguss|423\/432 brn|[from] item: Black Sludge
|-damage|p1a: Amoonguss|396\/432 brn|[from] brn
|upkeep
|turn|85
|choice|*move 1|*
|choice|*|*switch 4
|choice|move spore|switch 4
|
|switch|p2a: Rotom|Rotom-Wash|199\/304 brn
|move|p1a: Amoonguss|Spore|p2a: Rotom
|-fail|p2a: Rotom
|
|-heal|p2a: Rotom|218\/304 brn|[from] item: Leftovers
|-heal|p1a: Amoonguss|423\/432 brn|[from] item: Black Sludge
|-damage|p2a: Rotom|199\/304 brn|[from] brn
|-damage|p1a: Amoonguss|396\/432 brn|[from] brn
|upkeep
|turn|86
|choice|*move 2|*
|choice|*|*switch 4
|choice|move gigadrain|switch 4
|
|switch|p2a: Snorlax|Snorlax, F|524\/524
|move|p1a: Amoonguss|Giga Drain|p2a: Snorlax
|-damage|p2a: Snorlax|472\/524
|-heal|p1a: Amoonguss|422\/432 brn|[from] drain|[of] p2a: Snorlax
|
|-heal|p1a: Amoonguss|432\/432 brn|[from] item: Black Sludge
|-heal|p2a: Snorlax|504\/524|[from] item: Leftovers
|-damage|p1a: Amoonguss|405\/432 brn|[from] brn
|upkeep
|turn|87
|choice|*move 1|*
|choice|*move 1|*
|choice|*|*move 2
|choice|move spore|move facade
|
|move|p1a: Amoonguss|Spore|p2a: Snorlax
|-status|p2a: Snorlax|slp
|cant|p2a: Snorlax|slp
|
|-heal|p1a: Amoonguss|432\/432 brn|[from] item: Black Sludge
|-heal|p2a: Snorlax|524\/524 slp|[from] item: Leftovers
|-damage|p1a: Amoonguss|405\/432 brn|[from] brn
|upkeep
|turn|88
|choice|*switch 4|*
|choice|*|*move 2
|choice|switch 4|move facade
|
|switch|p1a: Lopunny|Lopunny-Mega, M|43\/271
|cant|p2a: Snorlax|slp
|
|upkeep
|turn|89
|choice|*move 3|*
|choice|*move 3|*
|choice|*|*switch 5
|choice|move highjumpkick|switch 5
|
|switch|p2a: Alomomola|Alomomola, F|319\/534 tox
|move|p1a: Lopunny|High Jump Kick|p2a: Alomomola
|-damage|p2a: Alomomola|132\/534 tox
|
|-heal|p2a: Alomomola|165\/534 tox|[from] item: Leftovers
|-damage|p2a: Alomomola|132\/534 tox|[from] psn
|upkeep
|turn|90
|choice|*move 2|*
|choice|*|*switch 4
|choice|move return|switch 4
|
|switch|p2a: Rotom|Rotom-Wash|199\/304 brn
|move|p1a: Lopunny|Return|p2a: Rotom
|-damage|p2a: Rotom|37\/304 brn
|
|-heal|p2a: Rotom|56\/304 brn|[from] item: Leftovers
|-damage|p2a: Rotom|37\/304 brn|[from] brn
|upkeep
|turn|91
|choice|*move 3|*
|choice|*|*move 1
|choice|move highjumpkick|move voltswitch
|
|move|p1a: Lopunny|High Jump Kick|p2a: Rotom
|-damage|p2a: Rotom|0 fnt
|faint|p2a: Rotom
|
|upkeep
|choice|*|*switch 6
|choice||switch 6
|
|switch|p2a: Medicham|Medicham-Mega, M|261\/261
|turn|92
|choice|*switch 2|*
|choice|*|*move 3
|choice|switch 2|move icepunch
|
|switch|p1a: Mew|Mew|404\/404
|move|p2a: Medicham|Ice Punch|p1a: Mew
|-damage|p1a: Mew|292\/404
|-damage|p2a: Medicham|218\/261|[from] item: Rocky Helmet|[of] p1a: Mew
|
|upkeep
|turn|93
|choice|*|*switch 4
|choice|*switch 4|*
|choice|switch 4|switch 4
|
|switch|p2a: Alomomola|Alomomola, F|310\/534 tox
|switch|p1a: Amoonguss|Amoonguss, M|432\/432 brn
|
|-heal|p2a: Alomomola|343\/534 tox|[from] item: Leftovers
|-damage|p2a: Alomomola|310\/534 tox|[from] psn
|-damage|p1a: Amoonguss|405\/432 brn|[from] brn
|upkeep
|turn|94
|choice|*move 2|*
|choice|*|*move 2
|choice|move gigadrain|move wish
|
|move|p2a: Alomomola|Wish|p2a: Alomomola
|move|p1a: Amoonguss|Giga Drain|p2a: Alomomola
|-supereffective|p2a: Alomomola
|-damage|p2a: Alomomola|14\/534 tox
|-heal|p1a: Amoonguss|432\/432 brn|[from] drain|[of] p2a: Alomomola
|
|-heal|p2a: Alomomola|47\/534 tox|[from] item: Leftovers
|-damage|p2a: Alomomola|0 fnt|[from] psn
|-damage|p1a: Amoonguss|405\/432 brn|[from] brn
|upkeep
|faint|p2a: Alomomola
|inactive|Mahvel Party tiene 135 segundos restantes.
|choice|*|*switch 4
|choice||switch 4
|
|switch|p2a: Medicham|Medicham-Mega, M|218\/261
|turn|95
|choice|*|*move 1
|choice|*switch 4|*
|choice|switch 4|move fakeout
|
|switch|p1a: Mew|Mew|292\/404
|move|p2a: Medicham|Fake Out|p1a: Mew
|-damage|p1a: Mew|238\/404
|-damage|p2a: Medicham|175\/261|[from] item: Rocky Helmet|[of] p1a: Mew
|
|-heal|p2a: Medicham|261\/261|[from] move: Wish|[wisher] Alomomola
|upkeep
|turn|96
|choice|*|*move 3
|choice|*move 2|*
|choice|move softboiled|move icepunch
|
|move|p2a: Medicham|Ice Punch|p1a: Mew
|-damage|p1a: Mew|135\/404
|-damage|p2a: Medicham|218\/261|[from] item: Rocky Helmet|[of] p1a: Mew
|move|p1a: Mew|Soft-Boiled|p1a: Mew
|-heal|p1a: Mew|337\/404
|
|upkeep
|turn|97
|choice|*|*move 3
|choice|*move 1|*
|choice|move willowisp|move icepunch
|
|move|p2a: Medicham|Ice Punch|p1a: Mew
|-damage|p1a: Mew|230\/404
|-damage|p2a: Medicham|175\/261|[from] item: Rocky Helmet|[of] p1a: Mew
|move|p1a: Mew|Will-O-Wisp|p2a: Medicham
|-status|p2a: Medicham|brn
|
|-damage|p2a: Medicham|159\/261 brn|[from] brn
|upkeep
|turn|98
|-message|Mahvel Party se rindió.
|
|win|AdderJo
AdderJo ha ganado 9.25 PokeDolares.
|raw|Puntaje de AdderJo: 1397 &rarr; <strong>1411<\/strong><br \/>(+14 por ganar)
|raw|Puntaje de Mahvel Party: 1288 &rarr; <strong>1270<\/strong><br \/>(-18 por perder)
</script>
</div>
<div class="battle-log battle-log-inline"><div class="inner"><div class="battle-options"></div><div class="inner"><div class=""><small>Format:</small> <br><strong>OU</strong></div><div class="rated"><strong>Rated battle</strong></div><div class=""><small><em>Cláusula-Mod de Dormir:</em> solo puedes dormir a uno de tus oponentes a la vez.</small></div><div class=""><small><em>Cláusula de Especie:</em> Hasta un Pokémon de cada especie</small></div><div class=""><small><em>Cláusula de Golpe Fulminante:</em> los movimientos fulminantes (OHKO) estan prohibidos</small></div><div class=""><small><em>Cláusula de Veleta:</em> la habilidad Veleta está prohibida</small></div><div class=""><small><em>Cláusula de Movimientos Evasivos:</em> los movimientos de Evasión están prohibidos.</small></div><div class=""><small><em>Cláusula de Batallas Eternas:</em> forzar batallas eternas está prohibido</small></div><div class="chat battle-history"><strong>AdderJo's team:</strong> <em style="color:#445566;display:block;">Lopunny / Mew / Gyarados / Magnezone / Volcarona / Amoonguss</em></div><div class="chat battle-history"><strong>Mahvel Party's team:</strong> <em style="color:#445566;display:block;">Alomomola / Medicham / Snorlax / Landorus-Therian / Rotom-Wash / Blacephalon</em></div><div class="chat message-error">Reloj de batalla ENCENDIDO. El jugador inactivo será descalificado (solicitado por AdderJo).</div><div class="spacer battle-history"><br></div><div class="battle-history">Battle started between AdderJo and Mahvel Party!<br></div><div class="spacer battle-history"><br></div><div class="battle-history">Go! <strong>Mew</strong>!<br></div><div class="spacer battle-history"><br></div><div class="battle-history">Mahvel Party sent out <strong>Medicham</strong>!<br></div><div class="spacer battle-history"><br></div><h2 class="battle-history">Turn 1</h2><div class="spacer battle-history"><br></div><div class="battle-history"><small>The opposing Medicham's Medichamite is reacting to the Key Stone!</small><br>The opposing Medicham has Mega Evolved into Mega Medicham!<br></div><div class="spacer battle-history"><br></div><div class="battle-history">The opposing Medicham used <strong>Fake Out</strong>!<br></div><div class="battle-history"><small>(Mew lost <abbr title="−59/404">14.6%</abbr> of its health!)</small><br></div><div class="battle-history"><small>The opposing Medicham was hurt by the Rocky Helmet!</small><br></div><div class="spacer battle-history"><br></div><div class="battle-history">Mew flinched and couldn't move!<br></div><div class="spacer battle-history"><br></div><h2 class="battle-history">Turn 2</h2><div class="spacer battle-history"><br></div><div class="battle-history">Mahvel Party withdrew Medicham!<br></div><div class="battle-history">Mahvel Party sent out Rotom (<strong>Rotom-Wash</strong>)!<br></div><div class="spacer battle-history"><br></div><div class="battle-history">Mew used <strong>Will-O-Wisp</strong>!<br></div><div class="battle-history"><small>The opposing Rotom avoided the attack!</small><br></div><div class="spacer battle-history"><br></div><h2 class="battle-history">Turn 3</h2><div class="spacer battle-history"><br></div><div class="battle-history">Mew, come back!<br></div><div class="battle-history">Go! <strong>Amoonguss</strong>!<br></div><div class="spacer battle-history"><br></div><div class="battle-history">The opposing Rotom used <strong>Volt Switch</strong>!<br></div><div class="battle-history"><small>It's not very effective...</small><br></div><div class="battle-history"><small>(Amoonguss lost <abbr title="−35/432">8.1%</abbr> of its health!)</small><br></div><div class="chat message-error">Mahvel Party tiene 135 segundos restantes.</div><div class="spacer battle-history"><br></div><div class="battle-history">The opposing Rotom went back to Mahvel Party!<br></div><div class="battle-history">Mahvel Party sent out <strong>Snorlax</strong>!<br></div><div class="spacer battle-history"><br></div><div class="battle-history"><small>Amoonguss restored a little HP using its Black Sludge!</small><br></div><div class="spacer battle-history"><br></div><h2 class="battle-history">Turn 4</h2><div class="spacer battle-history"><br></div><div class="battle-history">Amoonguss used <strong>Spore</strong>!<br></div><div class="battle-history"><small>The opposing Snorlax fell asleep!</small><br></div><div class="spacer battle-history"><br></div><div class="battle-history">The opposing Snorlax is fast asleep.<br></div><div class="spacer battle-history"><br></div><div class="battle-history"><small>Amoonguss restored a little HP using its Black Sludge!</small><br></div><div class="spacer battle-history"><br></div><h2 class="battle-history">Turn 5</h2><div class="spacer battle-history"><br></div><div class="battle-history">Amoonguss, come back!<br></div><div class="battle-history">Go! <strong>Lopunny</strong>!<br></div><div class="spacer battle-history"><br></div><div class="battle-history">Mahvel Party withdrew Snorlax!<br></div><div class="battle-history">Mahvel Party sent out <strong>Blacephalon</strong>!<br></div><div class="spacer battle-history"><br></div><h2 class="battle-history">Turn 6</h2><div class="chat message-error">Mahvel Party tiene 135 segundos restantes.</div><div class="spacer battle-history"><br></div><div class="battle-history">Mahvel Party withdrew Blacephalon!<br></div><div class="battle-history">Mahvel Party sent out Landorus (<strong>Landorus-Therian</strong>)!<br></div><div class="battle-history"><small>[The opposing Landorus's Intimidate]</small><br></div><div class="battle-history"><small>Lopunny's Attack fell!</small><br></div><div class="spacer battle-history"><br></div><div class="battle-history"><small>Lopunny's Lopunnite is reacting to the Key Stone!</small><br>Lopunny has Mega Evolved into Mega Lopunny!<br></div><div class="spacer battle-history"><br></div><div class="battle-history">Lopunny used <strong>Fake Out</strong>!<br></div><div class="battle-history"><small>(The opposing Landorus lost <abbr title="−42/382">11.0%</abbr> of its health!)</small><br></div><div class="battle-history"><small>Lopunny was hurt by the Rocky Helmet!</small><br></div><div class="spacer battle-history"><br></div><h2 class="battle-history">Turn 7</h2><div class="spacer battle-history"><br></div><div class="battle-history">Lopunny used <strong>Ice Punch</strong>!<br></div><div class="battle-history"><small>It's super effective!</small><br></div><div class="battle-history"><small>(The opposing Landorus lost <abbr title="−192/382">50.3%</abbr> of its health!)</small><br></div><div class="battle-history"><small>Lopunny was hurt by the Rocky Helmet!</small><br></div><div class="spacer battle-history"><br></div><div class="battle-history">The opposing Landorus used <strong>Stealth Rock</strong>!<br></div><div class="battle-history"><small>Pointed stones float in the air around your team!</small><br></div><div class="spacer battle-history"><br></div><h2 class="battle-history">Turn 8</h2><div class="spacer battle-history"><br></div><div class="battle-history">Mahvel Party withdrew Landorus!<br></div><div class="battle-history">Mahvel Party sent out <strong>Alomomola</strong>!<br></div><div class="spacer battle-history"><br></div><div class="battle-history">Lopunny used <strong>Return</strong>!<br></div><div class="battle-history"><small>(The opposing Alomomola lost <abbr title="−99/534">18.5%</abbr> of its health!)</small><br></div><div class="spacer battle-history"><br></div><div class="battle-history"><small>The opposing Alomomola restored a little HP using its Leftovers!</small><br></div><div class="spacer battle-history"><br></div><h2 class="battle-history">Turn 9</h2><div class="spacer battle-history"><br></div><div class="battle-history">Lopunny, come back!<br></div><div class="battle-history">Go! <strong>Mew</strong>!<br></div><div class="battle-history"><small>Pointed stones dug into Mew!</small><br></div><div class="spacer battle-history"><br></div><div class="battle-history">The opposing Alomomola used <strong>Wish</strong>!<br></div><div class="spacer battle-history"><br></div><div class="battle-history"><small>The opposing Alomomola restored a little HP using its Leftovers!</small><br></div><div class="spacer battle-history"><br></div><h2 class="battle-history">Turn 10</h2><div class="spacer battle-history"><br></div><div class="battle-history">Mahvel Party withdrew Alomomola!<br></div><div class="battle-history">Mahvel Party sent out Rotom (<strong>Rotom-Wash</strong>)!<br></div><div class="spacer battle-history"><br></div><div class="battle-history">Mew used <strong>Defog</strong>!<br></div><div class="battle-history"><small>The opposing Rotom's evasiveness fell!</small><br></div><div class="battle-history"><small>The pointed stones disappeared from around your team!</small><br></div><div class="spacer battle-history"><br></div><h2 class="battle-history">Turn 11</h2><div class="spacer battle-history"><br></div><div class="battle-history">Mew, come back!<br></div><div class="battle-history">Go! <strong>Volcarona</strong>!<br></div><div class="spacer battle-history"><br></div><div class="battle-history">The opposing Rotom used <strong>Volt Switch</strong>!<br></div><div class="battle-history"><small>(Volcarona lost <abbr title="−81/311">26.0%</abbr> of its health!)</small><br></div><div class="chat message-error">Mahvel Party tiene 135 segundos restantes.</div><div class="chat message-error">Mahvel Party tiene 120 segundos restantes.</div><div class="spacer battle-history"><br></div><div class="battle-history">The opposing Rotom went back to Mahvel Party!<br></div><div class="battle-history">Mahvel Party sent out <strong>Blacephalon</strong>!<br></div><div class="spacer battle-history"><br></div><h2 class="battle-history">Turn 12</h2><div class="spacer battle-history"><br></div><div class="battle-history">Volcarona, come back!<br></div><div class="battle-history">Go! <strong>Amoonguss</strong>!<br></div><div class="spacer battle-history"><br></div><div class="battle-history">The opposing Blacephalon used <strong>Flamethrower</strong>!<br></div><div class="battle-history"><small>It's super effective!</small><br></div><div class="battle-history"><small>(Amoonguss lost <abbr title="−302/432">69.9%</abbr> of its health!)</small><br></div><div class="spacer battle-history"><br></div><div class="battle-history"><small>Amoonguss restored a little HP using its Black Sludge!</small><br></div><div class="spacer battle-history"><br></div><h2 class="battle-history">Turn 13</h2><div class="spacer battle-history"><br></div><div class="battle-history">Amoonguss, come back!<br></div><div class="battle-history">Go! <strong>Gyarados</strong>!<br></div><div class="spacer battle-history"><br></div><div class="battle-history">The opposing Blacephalon used <strong>Flamethrower</strong>!<br></div><div class="battle-history"><small>It's not very effective...</small><br></div><div class="battle-history"><small>(Gyarados lost <abbr title="−95/331">28.7%</abbr> of its health!)</small><br></div><div class="spacer battle-history"><br></div><h2 class="battle-history">Turn 14</h2><div class="spacer battle-history"><br></div><div class="battle-history">Mahvel Party withdrew Blacephalon!<br></div><div class="battle-history">Mahvel Party sent out Rotom (<strong>Rotom-Wash</strong>)!<br></div><div class="spacer battle-history"><br></div><div class="battle-history">Gyarados used <strong>Dragon Dance</strong>!<br></div><div class="battle-history"><small>Gyarados's Attack rose!</small><br></div><div class="battle-history"><small>Gyarados's Speed rose!</small><br></div><div class="spacer battle-history"><br></div><h2 class="battle-history">Turn 15</h2><div class="spacer battle-history"><br></div><div class="battle-history">Gyarados, come back!<br></div><div class="battle-history">Go! <strong>Magnezone</strong>!<br></div><div class="spacer battle-history"><br></div><div class="battle-history">The opposing Rotom used <strong>Will-O-Wisp</strong>!<br></div><div class="battle-history"><small>Magnezone avoided the attack!</small><br></div><div class="spacer battle-history"><br></div><h2 class="battle-history">Turn 16</h2><div class="spacer battle-history"><br></div><div class="battle-history">The opposing Rotom used <strong>Volt Switch</strong>!<br></div><div class="battle-history"><small>It's not very effective...</small><br></div><div class="battle-history"><small>(Magnezone lost <abbr title="−51/343">14.9%</abbr> of its health!)</small><br></div><div class="spacer battle-history"><br></div><div class="battle-history">The opposing Rotom went back to Mahvel Party!<br></div><div class="battle-history">Mahvel Party sent out Landorus (<strong>Landorus-Therian</strong>)!<br></div><div class="battle-history"><small>[The opposing Landorus's Intimidate]</small><br></div><div class="battle-history"><small>Magnezone's Attack fell!</small><br></div><div class="spacer battle-history"><br></div><div class="battle-history">Magnezone used <strong>Volt Switch</strong>!<br></div><div class="battle-history"><small>It doesn't affect the opposing Landorus...</small><br></div><div class="spacer battle-history"><br></div><h2 class="battle-history">Turn 17</h2><div class="spacer battle-history"><br></div><div class="battle-history">Magnezone went back to AdderJo!<br></div><div class="battle-history">Go! <strong>Mew</strong>!<br></div><div class="spacer battle-history"><br></div><div class="battle-history">The opposing Landorus used <strong>Stealth Rock</strong>!<br></div><div class="battle-history"><small>Pointed stones float in the air around your team!</small><br></div><div class="spacer battle-history"><br></div><h2 class="battle-history">Turn 18</h2><div class="spacer battle-history"><br></div><div class="battle-history">Mahvel Party withdrew Landorus!<br></div><div class="battle-history">Mahvel Party sent out Rotom (<strong>Rotom-Wash</strong>)!<br></div><div class="spacer battle-history"><br></div><div class="battle-history">Mew used <strong>Defog</strong>!<br></div><div class="battle-history"><small>The opposing Rotom's evasiveness fell!</small><br></div><div class="battle-history"><small>The pointed stones disappeared from around your team!</small><br></div><div class="spacer battle-history"><br></div><h2 class="battle-history">Turn 19</h2><div class="spacer battle-history"><br></div><div class="battle-history">Mew used <strong>Will-O-Wisp</strong>!<br></div><div class="battle-history"><small>The opposing Rotom was burned!</small><br></div><div class="spacer battle-history"><br></div><div class="battle-history">The opposing Rotom used <strong>Volt Switch</strong>!<br></div><div class="battle-history"><small>(Mew lost <abbr title="−91/404">22.5%</abbr> of its health!)</small><br></div><div class="chat message-error">Mahvel Party tiene 135 segundos restantes.</div><div class="spacer battle-history"><br></div><div class="battle-history">The opposing Rotom went back to Mahvel Party!<br></div><div class="battle-history">Mahvel Party sent out <strong>Blacephalon</strong>!<br></div><div class="spacer battle-history"><br></div><h2 class="battle-history">Turn 20</h2><div class="spacer battle-history"><br></div><div class="battle-history">Mew, come back!<br></div><div class="battle-history">Go! <strong>Amoonguss</strong>!<br></div><div class="spacer battle-history"><br></div><div class="battle-history">The opposing Blacephalon used <strong>Shadow Ball</strong>!<br></div><div class="battle-history"><small>(Amoonguss lost <abbr title="−127/432">29.4%</abbr> of its health!)</small><br></div><div class="spacer battle-history"><br></div><div class="battle-history"><small>Amoonguss restored a little HP using its Black Sludge!</small><br></div><div class="spacer battle-history"><br></div><h2 class="battle-history">Turn 21</h2><div class="chat message-error">Mahvel Party tiene 135 segundos restantes.</div><div class="spacer battle-history"><br></div><div class="battle-history">Mahvel Party withdrew Blacephalon!<br></div><div class="battle-history">Mahvel Party sent out Rotom (<strong>Rotom-Wash</strong>)!<br></div><div class="spacer battle-history"><br></div><div class="battle-history">Amoonguss used <strong>Toxic</strong>!<br></div><div class="battle-history"><small>But it failed!</small><br></div><div class="spacer battle-history"><br></div><div class="battle-history"><small>Amoonguss restored a little HP using its Black Sludge!</small><br></div><div class="battle-history"><small>The opposing Rotom was hurt by its burn!</small><br></div><div class="spacer battle-history"><br></div><h2 class="battle-history">Turn 22</h2><div class="spacer battle-history"><br></div><div class="battle-history">The opposing Rotom used <strong>Volt Switch</strong>!<br></div><div class="battle-history"><small>It's not very effective...</small><br></div><div class="battle-history"><small>(Amoonguss lost <abbr title="−36/432">8.3%</abbr> of its health!)</small><br></div><div class="spacer battle-history"><br></div><div class="battle-history">The opposing Rotom went back to Mahvel Party!<br></div><div class="battle-history">Mahvel Party sent out <strong>Blacephalon</strong>!<br></div><div class="spacer battle-history"><br></div><div class="battle-history">Amoonguss used <strong>Toxic</strong>!<br></div><div class="battle-history"><small>The opposing Blacephalon was badly poisoned!</small><br></div><div class="spacer battle-history"><br></div><div class="battle-history"><small>Amoonguss restored a little HP using its Black Sludge!</small><br></div><div class="battle-history"><small>The opposing Blacephalon was hurt by poison!</small><br></div><div class="spacer battle-history"><br></div><h2 class="battle-history">Turn 23</h2><div class="spacer battle-history"><br></div><div class="battle-history">Amoonguss, come back!<br></div><div class="battle-history">Go! <strong>Volcarona</strong>!<br></div><div class="spacer battle-history"><br></div><div class="battle-history">The opposing Blacephalon used <strong>Flamethrower</strong>!<br></div><div class="battle-history"><small>(Volcarona lost <abbr title="−172/311">55.3%</abbr> of its health!)</small><br></div><div class="spacer battle-history"><br></div><div class="battle-history"><small>The opposing Blacephalon was hurt by poison!</small><br></div><div class="spacer battle-history"><br></div><h2 class="battle-history">Turn 24</h2><div class="spacer battle-history"><br></div><div class="battle-history">The opposing Blacephalon used <strong>Flamethrower</strong>!<br></div><div class="battle-history"><small>(Volcarona lost <abbr title="−58/311">18.6%</abbr> of its health!)</small><br></div><div class="spacer battle-history"><br></div><div class="battle-history">Volcarona fainted!<br></div><div class="battle-history"><small>[The opposing Blacephalon's Beast Boost]</small><br></div><div class="battle-history"><small>The opposing Blacephalon's Special Attack rose!</small><br></div><div class="spacer battle-history"><br></div><div class="battle-history"><small>The opposing Blacephalon was hurt by poison!</small><br></div><div class="spacer battle-history"><br></div><div class="battle-history">Go! Lopunny (<strong>Lopunny-Mega</strong>)!<br></div><div class="spacer battle-history"><br></div><h2 class="battle-history">Turn 25</h2><div class="spacer battle-history"><br></div><div class="battle-history">Mahvel Party withdrew Blacephalon!<br></div><div class="battle-history">Mahvel Party sent out Landorus (<strong>Landorus-Therian</strong>)!<br></div><div class="battle-history"><small>[The opposing Landorus's Intimidate]</small><br></div><div class="battle-history"><small>Lopunny's Attack fell!</small><br></div><div class="spacer battle-history"><br></div><div class="battle-history">Lopunny used <strong>Fake Out</strong>!<br></div><div class="battle-history"><small>(The opposing Landorus lost <abbr title="−37/382">9.7%</abbr> of its health!)</small><br></div><div class="battle-history"><small>Lopunny was hurt by the Rocky Helmet!</small><br></div><div class="spacer battle-history"><br></div><h2 class="battle-history">Turn 26</h2><div class="spacer battle-history"><br></div><div class="battle-history">Mahvel Party withdrew Landorus!<br></div><div class="battle-history">Mahvel Party sent out <strong>Alomomola</strong>!<br></div><div class="spacer battle-history"><br></div><div class="battle-history">Lopunny used <strong>Ice Punch</strong>!<br></div><div class="battle-history"><small>It's not very effective...</small><br></div><div class="battle-history"><small>(The opposing Alomomola lost <abbr title="−26/534">4.9%</abbr> of its health!)</small><br></div><div class="spacer battle-history"><br></div><div class="battle-history"><small>The opposing Alomomola restored a little HP using its Leftovers!</small><br></div><div class="spacer battle-history"><br></div><h2 class="battle-history">Turn 27</h2><div class="spacer battle-history"><br></div><div class="battle-history">Lopunny, come back!<br></div><div class="battle-history">Go! <strong>Magnezone</strong>!<br></div><div class="spacer battle-history"><br></div><div class="battle-history">The opposing Alomomola used <strong>Wish</strong>!<br></div><div class="spacer battle-history"><br></div><h2 class="battle-history">Turn 28</h2><div class="spacer battle-history"><br></div><div class="battle-history">Mahvel Party withdrew Alomomola!<br></div><div class="battle-history">Mahvel Party sent out Rotom (<strong>Rotom-Wash</strong>)!<br></div><div class="spacer battle-history"><br></div><div class="battle-history">Magnezone used <strong>Flash Cannon</strong>!<br></div><div class="battle-history"><small>It's not very effective...</small><br></div><div class="battle-history"><small>(The opposing Rotom lost <abbr title="−48/304">15.8%</abbr> of its health!)</small><br></div><div class="spacer battle-history"><br></div><div class="battle-history"><small>Alomomola's wish came true!</small><br></div><div class="battle-history"><small>The opposing Rotom was hurt by its burn!</small><br></div><div class="spacer battle-history"><br></div><h2 class="battle-history">Turn 29</h2><div class="spacer battle-history"><br></div><div class="battle-history">Magnezone, come back!<br></div><div class="battle-history">Go! <strong>Amoonguss</strong>!<br></div><div class="spacer battle-history"><br></div><div class="battle-history">The opposing Rotom used <strong>Will-O-Wisp</strong>!<br></div><div class="battle-history"><small>Amoonguss avoided the attack!</small><br></div><div class="spacer battle-history"><br></div><div class="battle-history"><small>The opposing Rotom restored a little HP using its Leftovers!</small><br></div><div class="battle-history"><small>Amoonguss restored a little HP using its Black Sludge!</small><br></div><div class="battle-history"><small>The opposing Rotom was hurt by its burn!</small><br></div><div class="spacer battle-history"><br></div><h2 class="battle-history">Turn 30</h2><div class="spacer battle-history"><br></div><div class="battle-history">The opposing Rotom used <strong>Will-O-Wisp</strong>!<br></div><div class="battle-history"><small>Amoonguss was burned!</small><br></div><div class="spacer battle-history"><br></div><div class="battle-history">Amoonguss used <strong>Giga Drain</strong>!<br></div><div class="battle-history"><small>It's super effective!</small><br></div><div class="battle-history"><small>(The opposing Rotom lost <abbr title="−116/304">38.2%</abbr> of its health!)</small><br></div><div class="battle-history"><small>The opposing Rotom had its energy drained!</small><br></div><div class="spacer battle-history"><br></div><div class="battle-history"><small>The opposing Rotom restored a little HP using its Leftovers!</small><br></div><div class="battle-history"><small>The opposing Rotom was hurt by its burn!</small><br></div><div class="battle-history"><small>Amoonguss was hurt by its burn!</small><br></div><div class="spacer battle-history"><br></div><h2 class="battle-history">Turn 31</h2><div class="spacer battle-history"><br></div><div class="battle-history">The opposing Rotom used <strong>Volt Switch</strong>!<br></div><div class="battle-history"><small>It's not very effective...</small><br></div><div class="battle-history"><small>(Amoonguss lost <abbr title="−36/432">8.3%</abbr> of its health!)</small><br></div><div class="spacer battle-history"><br></div><div class="battle-history">The opposing Rotom went back to Mahvel Party!<br></div><div class="battle-history">Mahvel Party sent out Medicham (<strong>Medicham-Mega</strong>)!<br></div><div class="spacer battle-history"><br></div><div class="battle-history">Amoonguss used <strong>Sludge Bomb</strong>!<br></div><div class="battle-history"><small>(The opposing Medicham lost <abbr title="−108/261">41.4%</abbr> of its health!)</small><br></div><div class="spacer battle-history"><br></div><div class="battle-history"><small>Amoonguss restored a little HP using its Black Sludge!</small><br></div><div class="battle-history"><small>Amoonguss was hurt by its burn!</small><br></div><div class="spacer battle-history"><br></div><h2 class="battle-history">Turn 32</h2><div class="spacer battle-history"><br></div><div class="battle-history">Mahvel Party withdrew Medicham!<br></div><div class="battle-history">Mahvel Party sent out <strong>Alomomola</strong>!<br></div><div class="spacer battle-history"><br></div><div class="battle-history">Amoonguss, come back!<br></div><div class="battle-history">Go! <strong>Mew</strong>!<br></div><div class="spacer battle-history"><br></div><h2 class="battle-history">Turn 33</h2><div class="spacer battle-history"><br></div><div class="battle-history">Mew used <strong>Soft-Boiled</strong>!<br></div><div class="battle-history"><small>Mew restored its HP.</small><br></div><div class="spacer battle-history"><br></div><div class="battle-history">The opposing Alomomola used <strong>Wish</strong>!<br></div><div class="spacer battle-history"><br></div><h2 class="battle-history">Turn 34</h2><div class="spacer battle-history"><br></div><div class="battle-history">Mahvel Party withdrew Alomomola!<br></div><div class="battle-history">Mahvel Party sent out Landorus (<strong>Landorus-Therian</strong>)!<br></div><div class="battle-history"><small>[The opposing Landorus's Intimidate]</small><br></div><div class="battle-history"><small>Mew's Attack fell!</small><br></div><div class="spacer battle-history"><br></div><div class="battle-history">Mew used <strong>Will-O-Wisp</strong>!<br></div><div class="battle-history"><small>The opposing Landorus was burned!</small><br></div><div class="spacer battle-history"><br></div><div class="battle-history"><small>Alomomola's wish came true!</small><br></div><div class="battle-history"><small>The opposing Landorus was hurt by its burn!</small><br></div><div class="spacer battle-history"><br></div><h2 class="battle-history">Turn 35</h2><div class="spacer battle-history"><br></div><div class="battle-history">Mew used <strong>Ice Beam</strong>!<br></div><div class="battle-history"><small>It's super effective!</small><br></div><div class="battle-history"><small>(The opposing Landorus lost <abbr title="−340/382">89.0%</abbr> of its health!)</small><br></div><div class="spacer battle-history"><br></div><div class="battle-history">The opposing Landorus used <strong>Knock Off</strong>!<br></div><div class="battle-history"><small>It's super effective!</small><br></div><div class="battle-history"><small>(Mew lost <abbr title="−71/404">17.6%</abbr> of its health!)</small><br></div><div class="battle-history"><small>The opposing Landorus was hurt by the Rocky Helmet!</small><br></div><div class="spacer battle-history"><br></div><div class="battle-history">The opposing Landorus fainted!<br></div><div class="chat message-error">Mahvel Party tiene 135 segundos restantes.</div><div class="spacer battle-history"><br></div><div class="battle-history">Mahvel Party sent out <strong>Blacephalon</strong>!<br></div><div class="spacer battle-history"><br></div><h2 class="battle-history">Turn 36</h2><div class="spacer battle-history"><br></div><div class="battle-history">Mew, come back!<br></div><div class="battle-history">Go! <strong>Amoonguss</strong>!<br></div><div class="spacer battle-history"><br></div><div class="battle-history">The opposing Blacephalon used <strong>Flamethrower</strong>!<br></div><div class="battle-history"><small>It's super effective!</small><br></div><div class="battle-history"><small>(Amoonguss lost <abbr title="−290/432">67.1%</abbr> of its health!)</small><br></div><div class="spacer battle-history"><br></div><div class="battle-history"><small>Amoonguss restored a little HP using its Black Sludge!</small><br></div><div class="battle-history"><small>The opposing Blacephalon was hurt by poison!</small><br></div><div class="battle-history"><small>Amoonguss was hurt by its burn!</small><br></div><div class="spacer battle-history"><br></div><h2 class="battle-history">Turn 37</h2><div class="spacer battle-history"><br></div><div class="battle-history">Mahvel Party withdrew Blacephalon!<br></div><div class="battle-history">Mahvel Party sent out Rotom (<strong>Rotom-Wash</strong>)!<br></div><div class="spacer battle-history"><br></div><div class="battle-history">Amoonguss, come back!<br></div><div class="battle-history">Go! <strong>Gyarados</strong>!<br></div><div class="spacer battle-history"><br></div><div class="battle-history"><small>The opposing Rotom restored a little HP using its Leftovers!</small><br></div><div class="battle-history"><small>The opposing Rotom was hurt by its burn!</small><br></div><div class="spacer battle-history"><br></div><h2 class="battle-history">Turn 38</h2><div class="spacer battle-history"><br></div><div class="battle-history">Gyarados, come back!<br></div><div class="battle-history">Go! <strong>Amoonguss</strong>!<br></div><div class="spacer battle-history"><br></div><div class="battle-history">The opposing Rotom used <strong>Volt Switch</strong>!<br></div><div class="battle-history"><small>It's not very effective...</small><br></div><div class="battle-history"><small>(Amoonguss lost <abbr title="−35/432">8.1%</abbr> of its health!)</small><br></div><div class="spacer battle-history"><br></div><div class="battle-history">The opposing Rotom went back to Mahvel Party!<br></div><div class="battle-history">Mahvel Party sent out <strong>Blacephalon</strong>!<br></div><div class="spacer battle-history"><br></div><div class="battle-history"><small>Amoonguss restored a little HP using its Black Sludge!</small><br></div><div class="battle-history"><small>The opposing Blacephalon was hurt by poison!</small><br></div><div class="battle-history"><small>Amoonguss was hurt by its burn!</small><br></div><div class="spacer battle-history"><br></div><h2 class="battle-history">Turn 39</h2><div class="spacer battle-history"><br></div><div class="battle-history">Amoonguss, come back!<br></div><div class="battle-history">Go! <strong>Magnezone</strong>!<br></div><div class="spacer battle-history"><br></div><div class="battle-history">The opposing Blacephalon used <strong>Flamethrower</strong>!<br></div><div class="battle-history"><small>It's super effective!</small><br></div><div class="battle-history"><small>(Magnezone lost <abbr title="−292/343">85.1%</abbr> of its health!)</small><br></div><div class="spacer battle-history"><br></div><div class="battle-history">Magnezone fainted!<br></div><div class="battle-history"><small>[The opposing Blacephalon's Beast Boost]</small><br></div><div class="battle-history"><small>The opposing Blacephalon's Special Attack rose!</small><br></div><div class="spacer battle-history"><br></div><div class="battle-history"><small>The opposing Blacephalon was hurt by poison!</small><br></div><div class="spacer battle-history"><br></div><div class="battle-history">Go! Lopunny (<strong>Lopunny-Mega</strong>)!<br></div><div class="spacer battle-history"><br></div><h2 class="battle-history">Turn 40</h2><div class="spacer battle-history"><br></div><div class="battle-history">Mahvel Party withdrew Blacephalon!<br></div><div class="battle-history">Mahvel Party sent out <strong>Alomomola</strong>!<br></div><div class="spacer battle-history"><br></div><div class="battle-history">Lopunny used <strong>Fake Out</strong>!<br></div><div class="battle-history"><small>(The opposing Alomomola lost <abbr title="−60/534">11.2%</abbr> of its health!)</small><br></div><div class="spacer battle-history"><br></div><div class="battle-history"><small>The opposing Alomomola restored a little HP using its Leftovers!</small><br></div><div class="spacer battle-history"><br></div><h2 class="battle-history">Turn 41</h2><div class="spacer battle-history"><br></div><div class="battle-history">Lopunny used <strong>High Jump Kick</strong>!<br></div><div class="battle-history"><small>(The opposing Alomomola lost <abbr title="−187/534">35.0%</abbr> of its health!)</small><br></div><div class="spacer battle-history"><br></div><div class="battle-history">The opposing Alomomola used <strong>Wish</strong>!<br></div><div class="spacer battle-history"><br></div><div class="battle-history"><small>The opposing Alomomola restored a little HP using its Leftovers!</small><br></div><div class="spacer battle-history"><br></div><h2 class="battle-history">Turn 42</h2><div class="spacer battle-history"><br></div><div class="battle-history">Lopunny, come back!<br></div><div class="battle-history">Go! <strong>Amoonguss</strong>!<br></div><div class="spacer battle-history"><br></div><div class="battle-history">The opposing Alomomola used <strong>Toxic</strong>!<br></div><div class="battle-history"><small>But it failed!</small><br></div><div class="spacer battle-history"><br></div><div class="battle-history"><small>Alomomola's wish came true!</small><br></div><div class="battle-history"><small>Amoonguss restored a little HP using its Black Sludge!</small><br></div><div class="battle-history"><small>Amoonguss was hurt by its burn!</small><br></div><div class="spacer battle-history"><br></div><h2 class="battle-history">Turn 43</h2><div class="spacer battle-history"><br></div><div class="battle-history">The opposing Alomomola used <strong>Wish</strong>!<br></div><div class="spacer battle-history"><br></div><div class="battle-history">Amoonguss used <strong>Toxic</strong>!<br></div><div class="battle-history"><small>The opposing Alomomola was badly poisoned!</small><br></div><div class="spacer battle-history"><br></div><div class="battle-history"><small>Amoonguss restored a little HP using its Black Sludge!</small><br></div><div class="battle-history"><small>The opposing Alomomola was hurt by poison!</small><br></div><div class="battle-history"><small>Amoonguss was hurt by its burn!</small><br></div><div class="spacer battle-history"><br></div><h2 class="battle-history">Turn 44</h2><div class="spacer battle-history"><br></div><div class="battle-history">Mahvel Party withdrew Alomomola!<br></div><div class="battle-history">Mahvel Party sent out Rotom (<strong>Rotom-Wash</strong>)!<br></div><div class="spacer battle-history"><br></div><div class="battle-history">Amoonguss used <strong>Sludge Bomb</strong>!<br></div><div class="battle-history"><small>(The opposing Rotom lost <abbr title="−69/304">22.7%</abbr> of its health!)</small><br></div><div class="spacer battle-history"><br></div><div class="battle-history"><small>Alomomola's wish came true!</small><br></div><div class="battle-history"><small>Amoonguss restored a little HP using its Black Sludge!</small><br></div><div class="battle-history"><small>The opposing Rotom was hurt by its burn!</small><br></div><div class="battle-history"><small>Amoonguss was hurt by its burn!</small><br></div><div class="spacer battle-history"><br></div><h2 class="battle-history">Turn 45</h2><div class="spacer battle-history"><br></div><div class="battle-history">The opposing Rotom used <strong>Volt Switch</strong>!<br></div><div class="battle-history"><small>It's not very effective...</small><br></div><div class="battle-history"><small>(Amoonguss lost <abbr title="−39/432">9.0%</abbr> of its health!)</small><br></div><div class="spacer battle-history"><br></div><div class="battle-history">The opposing Rotom went back to Mahvel Party!<br></div><div class="battle-history">Mahvel Party sent out <strong>Snorlax</strong>!<br></div><div class="spacer battle-history"><br></div><div class="battle-history">Amoonguss used <strong>Giga Drain</strong>!<br></div><div class="battle-history"><small>(The opposing Snorlax lost <abbr title="−60/524">11.5%</abbr> of its health!)</small><br></div><div class="battle-history"><small>The opposing Snorlax had its energy drained!</small><br></div><div class="spacer battle-history"><br></div><div class="battle-history"><small>Amoonguss restored a little HP using its Black Sludge!</small><br></div><div class="battle-history"><small>The opposing Snorlax restored a little HP using its Leftovers!</small><br></div><div class="battle-history"><small>Amoonguss was hurt by its burn!</small><br></div><div class="spacer battle-history"><br></div><h2 class="battle-history">Turn 46</h2><div class="spacer battle-history"><br></div><div class="battle-history">Amoonguss, come back!<br></div><div class="battle-history">Go! Lopunny (<strong>Lopunny-Mega</strong>)!<br></div><div class="battle-history"><small>The opposing Snorlax woke up!</small><br></div><div class="spacer battle-history"><br></div><div class="battle-history">The opposing Snorlax used <strong>Facade</strong>!<br></div><div class="battle-history"><small>(Lopunny lost <abbr title="−93/271">34.3%</abbr> of its health!)</small><br></div><div class="spacer battle-history"><br></div><div class="battle-history"><small>The opposing Snorlax restored a little HP using its Leftovers!</small><br></div><div class="spacer battle-history"><br></div><h2 class="battle-history">Turn 47</h2><div class="spacer battle-history"><br></div><div class="battle-history">Mahvel Party withdrew Snorlax!<br></div><div class="battle-history">Mahvel Party sent out <strong>Alomomola</strong>!<br></div><div class="spacer battle-history"><br></div><div class="battle-history">Lopunny used <strong>High Jump Kick</strong>!<br></div><div class="battle-history"><small>(The opposing Alomomola lost <abbr title="−183/534">34.3%</abbr> of its health!)</small><br></div><div class="spacer battle-history"><br></div><div class="battle-history"><small>The opposing Alomomola restored a little HP using its Leftovers!</small><br></div><div class="battle-history"><small>The opposing Alomomola was hurt by poison!</small><br></div><div class="spacer battle-history"><br></div><h2 class="battle-history">Turn 48</h2><div class="spacer battle-history"><br></div><div class="battle-history">Lopunny, come back!<br></div><div class="battle-history">Go! <strong>Gyarados</strong>!<br></div><div class="spacer battle-history"><br></div><div class="battle-history">The opposing Alomomola used <strong>Wish</strong>!<br></div><div class="spacer battle-history"><br></div><div class="battle-history"><small>The opposing Alomomola restored a little HP using its Leftovers!</small><br></div><div class="battle-history"><small>The opposing Alomomola was hurt by poison!</small><br></div><div class="spacer battle-history"><br></div><h2 class="battle-history">Turn 49</h2><div class="spacer battle-history"><br></div><div class="battle-history">Gyarados, come back!<br></div><div class="battle-history">Go! <strong>Amoonguss</strong>!<br></div><div class="spacer battle-history"><br></div><div class="battle-history">Mahvel Party withdrew Alomomola!<br></div><div class="battle-history">Mahvel Party sent out Rotom (<strong>Rotom-Wash</strong>)!<br></div><div class="spacer battle-history"><br></div><div class="battle-history"><small>Alomomola's wish came true!</small><br></div><div class="battle-history"><small>The opposing Rotom was hurt by its burn!</small><br></div><div class="battle-history"><small>Amoonguss was hurt by its burn!</small><br></div><div class="spacer battle-history"><br></div><h2 class="battle-history">Turn 50</h2><div class="spacer battle-history"><br></div><div class="battle-history">The opposing Rotom used <strong>Volt Switch</strong>!<br></div><div class="battle-history"><small>It's not very effective...</small><br></div><div class="battle-history"><small>A critical hit!</small><br></div><div class="battle-history"><small>(Amoonguss lost <abbr title="−51/432">11.8%</abbr> of its health!)</small><br></div><div class="spacer battle-history"><br></div><div class="battle-history">The opposing Rotom went back to Mahvel Party!<br></div><div class="battle-history">Mahvel Party sent out <strong>Snorlax</strong>!<br></div><div class="spacer battle-history"><br></div><div class="battle-history">Amoonguss used <strong>Giga Drain</strong>!<br></div><div class="battle-history"><small>(The opposing Snorlax lost <abbr title="−51/524">9.7%</abbr> of its health!)</small><br></div><div class="battle-history"><small>The opposing Snorlax had its energy drained!</small><br></div><div class="spacer battle-history"><br></div><div class="battle-history"><small>Amoonguss restored a little HP using its Black Sludge!</small><br></div><div class="battle-history"><small>The opposing Snorlax restored a little HP using its Leftovers!</small><br></div><div class="battle-history"><small>Amoonguss was hurt by its burn!</small><br></div><div class="spacer battle-history"><br></div><h2 class="battle-history">Turn 51</h2><div class="spacer battle-history"><br></div><div class="battle-history">Amoonguss used <strong>Spore</strong>!<br></div><div class="battle-history"><small>The opposing Snorlax fell asleep!</small><br></div><div class="spacer battle-history"><br></div><div class="battle-history">The opposing Snorlax is fast asleep.<br></div><div class="spacer battle-history"><br></div><div class="battle-history"><small>Amoonguss restored a little HP using its Black Sludge!</small><br></div><div class="battle-history"><small>The opposing Snorlax restored a little HP using its Leftovers!</small><br></div><div class="battle-history"><small>Amoonguss was hurt by its burn!</small><br></div><div class="spacer battle-history"><br></div><h2 class="battle-history">Turn 52</h2><div class="spacer battle-history"><br></div><div class="battle-history">Amoonguss, come back!<br></div><div class="battle-history">Go! <strong>Mew</strong>!<br></div><div class="battle-history"><small>The opposing Snorlax woke up!</small><br></div><div class="spacer battle-history"><br></div><div class="battle-history">The opposing Snorlax used <strong>Facade</strong>!<br></div><div class="battle-history"><small>(Mew lost <abbr title="−64/404">15.8%</abbr> of its health!)</small><br></div><div class="battle-history"><small>The opposing Snorlax was hurt by the Rocky Helmet!</small><br></div><div class="spacer battle-history"><br></div><div class="battle-history"><small>The opposing Snorlax restored a little HP using its Leftovers!</small><br></div><div class="spacer battle-history"><br></div><h2 class="battle-history">Turn 53</h2><div class="spacer battle-history"><br></div><div class="battle-history">Mahvel Party withdrew Snorlax!<br></div><div class="battle-history">Mahvel Party sent out <strong>Alomomola</strong>!<br></div><div class="spacer battle-history"><br></div><div class="battle-history">Mew used <strong>Soft-Boiled</strong>!<br></div><div class="battle-history"><small>Mew restored its HP.</small><br></div><div class="spacer battle-history"><br></div><div class="battle-history"><small>The opposing Alomomola restored a little HP using its Leftovers!</small><br></div><div class="battle-history"><small>The opposing Alomomola was hurt by poison!</small><br></div><div class="spacer battle-history"><br></div><h2 class="battle-history">Turn 54</h2><div class="spacer battle-history"><br></div><div class="battle-history">Mew, come back!<br></div><div class="battle-history">Go! <strong>Amoonguss</strong>!<br></div><div class="spacer battle-history"><br></div><div class="battle-history">The opposing Alomomola used <strong>Wish</strong>!<br></div><div class="spacer battle-history"><br></div><div class="battle-history"><small>The opposing Alomomola restored a little HP using its Leftovers!</small><br></div><div class="battle-history"><small>The opposing Alomomola was hurt by poison!</small><br></div><div class="battle-history"><small>Amoonguss was hurt by its burn!</small><br></div><div class="spacer battle-history"><br></div><h2 class="battle-history">Turn 55</h2><div class="spacer battle-history"><br></div><div class="battle-history">Mahvel Party withdrew Alomomola!<br></div><div class="battle-history">Mahvel Party sent out Medicham (<strong>Medicham-Mega</strong>)!<br></div><div class="spacer battle-history"><br></div><div class="battle-history">Amoonguss used <strong>Giga Drain</strong>!<br></div><div class="battle-history"><small>(The opposing Medicham lost <abbr title="−85/261">32.6%</abbr> of its health!)</small><br></div><div class="battle-history"><small>The opposing Medicham had its energy drained!</small><br></div><div class="spacer battle-history"><br></div><div class="battle-history"><small>Alomomola's wish came true!</small><br></div><div class="battle-history"><small>Amoonguss was hurt by its burn!</small><br></div><div class="spacer battle-history"><br></div><h2 class="battle-history">Turn 56</h2><div class="chat message-error">Mahvel Party tiene 135 segundos restantes.</div><div class="spacer battle-history"><br></div><div class="battle-history">Mahvel Party withdrew Medicham!<br></div><div class="battle-history">Mahvel Party sent out <strong>Snorlax</strong>!<br></div><div class="spacer battle-history"><br></div><div class="battle-history">Amoonguss, come back!<br></div><div class="battle-history">Go! <strong>Mew</strong>!<br></div><div class="spacer battle-history"><br></div><div class="battle-history"><small>The opposing Snorlax restored a little HP using its Leftovers!</small><br></div><div class="spacer battle-history"><br></div><h2 class="battle-history">Turn 57</h2><div class="spacer battle-history"><br></div><div class="battle-history">Mahvel Party withdrew Snorlax!<br></div><div class="battle-history">Mahvel Party sent out Rotom (<strong>Rotom-Wash</strong>)!<br></div><div class="spacer battle-history"><br></div><div class="battle-history">Mew used <strong>Ice Beam</strong>!<br></div><div class="battle-history"><small>It's not very effective...</small><br></div><div class="battle-history"><small>(The opposing Rotom lost <abbr title="−27/304">8.9%</abbr> of its health!)</small><br></div><div class="spacer battle-history"><br></div><div class="battle-history"><small>The opposing Rotom restored a little HP using its Leftovers!</small><br></div><div class="battle-history"><small>The opposing Rotom was hurt by its burn!</small><br></div><div class="spacer battle-history"><br></div><h2 class="battle-history">Turn 58</h2><div class="spacer battle-history"><br></div><div class="battle-history">Mew, come back!<br></div><div class="battle-history">Go! <strong>Amoonguss</strong>!<br></div><div class="spacer battle-history"><br></div><div class="battle-history">The opposing Rotom used <strong>Volt Switch</strong>!<br></div><div class="battle-history"><small>It's not very effective...</small><br></div><div class="battle-history"><small>(Amoonguss lost <abbr title="−36/432">8.3%</abbr> of its health!)</small><br></div><div class="spacer battle-history"><br></div><div class="battle-history">The opposing Rotom went back to Mahvel Party!<br></div><div class="battle-history">Mahvel Party sent out <strong>Blacephalon</strong>!<br></div><div class="spacer battle-history"><br></div><div class="battle-history"><small>Amoonguss restored a little HP using its Black Sludge!</small><br></div><div class="battle-history"><small>The opposing Blacephalon was hurt by poison!</small><br></div><div class="battle-history"><small>Amoonguss was hurt by its burn!</small><br></div><div class="spacer battle-history"><br></div><h2 class="battle-history">Turn 59</h2><div class="spacer battle-history"><br></div><div class="battle-history">The opposing Blacephalon used <strong>Flamethrower</strong>!<br></div><div class="battle-history"><small>It's super effective!</small><br></div><div class="battle-history"><small>(Amoonguss lost <abbr title="−276/432">63.9%</abbr> of its health!)</small><br></div><div class="spacer battle-history"><br></div><div class="battle-history">Amoonguss used <strong>Sludge Bomb</strong>!<br></div><div class="battle-history"><small>It's not very effective...</small><br></div><div class="battle-history"><small>(The opposing Blacephalon lost <abbr title="−59/247">23.9%</abbr> of its health!)</small><br></div><div class="spacer battle-history"><br></div><div class="battle-history"><small>Amoonguss restored a little HP using its Black Sludge!</small><br></div><div class="battle-history"><small>The opposing Blacephalon was hurt by poison!</small><br></div><div class="battle-history"><small>Amoonguss was hurt by its burn!</small><br></div><div class="spacer battle-history"><br></div><div class="battle-history">The opposing Blacephalon fainted!<br></div><div class="chat message-error">Mahvel Party tiene 135 segundos restantes.</div><div class="chat chatmessage-adderjo"><strong style="color:hsl(264,75%,56.933847391406246%)"><small>☆</small><span class="username" data-name="AdderJo">AdderJo</span>:</strong> <em>ya ma aburri xd</em></div><div class="chat message-error">Mahvel Party tiene 120 segundos restantes.</div><div class="spacer battle-history"><br></div><div class="battle-history">Mahvel Party sent out Rotom (<strong>Rotom-Wash</strong>)!<br></div><div class="spacer battle-history"><br></div><h2 class="battle-history">Turn 60</h2><div class="spacer battle-history"><br></div><div class="battle-history">The opposing Rotom used <strong>Hydro Pump</strong>!<br></div><div class="battle-history"><small>It's not very effective...</small><br></div><div class="battle-history"><small>(Amoonguss lost <abbr title="−53/432">12.3%</abbr> of its health!)</small><br></div><div class="spacer battle-history"><br></div><div class="battle-history">Amoonguss used <strong>Spore</strong>!<br></div><div class="battle-history"><small>But it failed!</small><br></div><div class="spacer battle-history"><br></div><div class="battle-history"><small>The opposing Rotom restored a little HP using its Leftovers!</small><br></div><div class="battle-history"><small>Amoonguss restored a little HP using its Black Sludge!</small><br></div><div class="battle-history"><small>The opposing Rotom was hurt by its burn!</small><br></div><div class="battle-history"><small>Amoonguss was hurt by its burn!</small><br></div><div class="spacer battle-history"><br></div><h2 class="battle-history">Turn 61</h2><div class="spacer battle-history"><br></div><div class="battle-history">The opposing Rotom used <strong>Volt Switch</strong>!<br></div><div class="battle-history"><small>It's not very effective...</small><br></div><div class="battle-history"><small>(Amoonguss lost <abbr title="−39/432">9.0%</abbr> of its health!)</small><br></div><div class="spacer battle-history"><br></div><div class="battle-history">The opposing Rotom went back to Mahvel Party!<br></div><div class="battle-history">Mahvel Party sent out <strong>Snorlax</strong>!<br></div><div class="spacer battle-history"><br></div><div class="battle-history">Amoonguss used <strong>Giga Drain</strong>!<br></div><div class="battle-history"><small>(The opposing Snorlax lost <abbr title="−54/524">10.3%</abbr> of its health!)</small><br></div><div class="battle-history"><small>The opposing Snorlax had its energy drained!</small><br></div><div class="spacer battle-history"><br></div><div class="battle-history"><small>Amoonguss restored a little HP using its Black Sludge!</small><br></div><div class="battle-history"><small>The opposing Snorlax restored a little HP using its Leftovers!</small><br></div><div class="battle-history"><small>Amoonguss was hurt by its burn!</small><br></div><div class="spacer battle-history"><br></div><h2 class="battle-history">Turn 62</h2><div class="spacer battle-history"><br></div><div class="battle-history">Amoonguss, come back!<br></div><div class="battle-history">Go! <strong>Mew</strong>!<br></div><div class="spacer battle-history"><br></div><div class="battle-history">The opposing Snorlax used <strong>Yawn</strong>!<br></div><div class="battle-history"><small>Mew grew drowsy!</small><br></div><div class="spacer battle-history"><br></div><div class="battle-history"><small>The opposing Snorlax restored a little HP using its Leftovers!</small><br></div><div class="spacer battle-history"><br></div><h2 class="battle-history">Turn 63</h2><div class="spacer battle-history"><br></div><div class="battle-history">Mew, come back!<br></div><div class="battle-history">Go! <strong>Gyarados</strong>!<br></div><div class="spacer battle-history"><br></div><div class="battle-history">Mahvel Party withdrew Snorlax!<br></div><div class="battle-history">Mahvel Party sent out Rotom (<strong>Rotom-Wash</strong>)!<br></div><div class="spacer battle-history"><br></div><div class="battle-history"><small>The opposing Rotom restored a little HP using its Leftovers!</small><br></div><div class="battle-history"><small>The opposing Rotom was hurt by its burn!</small><br></div><div class="spacer battle-history"><br></div><h2 class="battle-history">Turn 64</h2><div class="spacer battle-history"><br></div><div class="battle-history">Gyarados, come back!<br></div><div class="battle-history">Go! <strong>Amoonguss</strong>!<br></div><div class="spacer battle-history"><br></div><div class="battle-history">The opposing Rotom used <strong>Volt Switch</strong>!<br></div><div class="battle-history"><small>It's not very effective...</small><br></div><div class="battle-history"><small>(Amoonguss lost <abbr title="−33/432">7.6%</abbr> of its health!)</small><br></div><div class="spacer battle-history"><br></div><div class="battle-history">The opposing Rotom went back to Mahvel Party!<br></div><div class="battle-history">Mahvel Party sent out <strong>Snorlax</strong>!<br></div><div class="spacer battle-history"><br></div><div class="battle-history"><small>Amoonguss restored a little HP using its Black Sludge!</small><br></div><div class="battle-history"><small>The opposing Snorlax restored a little HP using its Leftovers!</small><br></div><div class="battle-history"><small>Amoonguss was hurt by its burn!</small><br></div><div class="spacer battle-history"><br></div><h2 class="battle-history">Turn 65</h2><div class="spacer battle-history"><br></div><div class="battle-history">Amoonguss used <strong>Spore</strong>!<br></div><div class="battle-history"><small>The opposing Snorlax fell asleep!</small><br></div><div class="spacer battle-history"><br></div><div class="battle-history">The opposing Snorlax is fast asleep.<br></div><div class="spacer battle-history"><br></div><div class="battle-history"><small>Amoonguss restored a little HP using its Black Sludge!</small><br></div><div class="battle-history"><small>Amoonguss was hurt by its burn!</small><br></div><div class="spacer battle-history"><br></div><h2 class="battle-history">Turn 66</h2><div class="spacer battle-history"><br></div><div class="battle-history">Amoonguss, come back!<br></div><div class="battle-history">Go! Lopunny (<strong>Lopunny-Mega</strong>)!<br></div><div class="spacer battle-history"><br></div><div class="battle-history">The opposing Snorlax is fast asleep.<br></div><div class="spacer battle-history"><br></div><h2 class="battle-history">Turn 67</h2><div class="spacer battle-history"><br></div><div class="battle-history">Mahvel Party withdrew Snorlax!<br></div><div class="battle-history">Mahvel Party sent out <strong>Alomomola</strong>!<br></div><div class="spacer battle-history"><br></div><div class="battle-history">Lopunny used <strong>High Jump Kick</strong>!<br></div><div class="battle-history"><small>(The opposing Alomomola lost <abbr title="−183/534">34.3%</abbr> of its health!)</small><br></div><div class="spacer battle-history"><br></div><div class="battle-history"><small>The opposing Alomomola restored a little HP using its Leftovers!</small><br></div><div class="battle-history"><small>The opposing Alomomola was hurt by poison!</small><br></div><div class="spacer battle-history"><br></div><h2 class="battle-history">Turn 68</h2><div class="spacer battle-history"><br></div><div class="battle-history">Lopunny used <strong>High Jump Kick</strong>!<br></div><div class="battle-history"><small>(The opposing Alomomola lost <abbr title="−192/534">36.0%</abbr> of its health!)</small><br></div><div class="spacer battle-history"><br></div><div class="battle-history">The opposing Alomomola used <strong>Wish</strong>!<br></div><div class="spacer battle-history"><br></div><div class="battle-history"><small>The opposing Alomomola restored a little HP using its Leftovers!</small><br></div><div class="battle-history"><small>The opposing Alomomola was hurt by poison!</small><br></div><div class="spacer battle-history"><br></div><h2 class="battle-history">Turn 69</h2><div class="spacer battle-history"><br></div><div class="battle-history">The opposing Alomomola used <strong>Protect</strong>!<br></div><div class="battle-history"><small>The opposing Alomomola protected itself!</small><br></div><div class="spacer battle-history"><br></div><div class="battle-history">Lopunny used <strong>Return</strong>!<br></div><div class="battle-history"><small>The opposing Alomomola protected itself!</small><br></div><div class="spacer battle-history"><br></div><div class="battle-history"><small>Alomomola's wish came true!</small><br></div><div class="battle-history"><small>The opposing Alomomola restored a little HP using its Leftovers!</small><br></div><div class="battle-history"><small>The opposing Alomomola was hurt by poison!</small><br></div><div class="spacer battle-history"><br></div><h2 class="battle-history">Turn 70</h2><div class="spacer battle-history"><br></div><div class="battle-history">Lopunny, come back!<br></div><div class="battle-history">Go! <strong>Amoonguss</strong>!<br></div><div class="spacer battle-history"><br></div><div class="battle-history">The opposing Alomomola used <strong>Wish</strong>!<br></div><div class="spacer battle-history"><br></div><div class="battle-history"><small>The opposing Alomomola restored a little HP using its Leftovers!</small><br></div><div class="battle-history"><small>Amoonguss restored a little HP using its Black Sludge!</small><br></div><div class="battle-history"><small>The opposing Alomomola was hurt by poison!</small><br></div><div class="battle-history"><small>Amoonguss was hurt by its burn!</small><br></div><div class="spacer battle-history"><br></div><h2 class="battle-history">Turn 71</h2><div class="spacer battle-history"><br></div><div class="battle-history">Mahvel Party withdrew Alomomola!<br></div><div class="battle-history">Mahvel Party sent out <strong>Snorlax</strong>!<br></div><div class="spacer battle-history"><br></div><div class="battle-history">Amoonguss used <strong>Giga Drain</strong>!<br></div><div class="battle-history"><small>(The opposing Snorlax lost <abbr title="−58/524">11.1%</abbr> of its health!)</small><br></div><div class="battle-history"><small>The opposing Snorlax had its energy drained!</small><br></div><div class="spacer battle-history"><br></div><div class="battle-history"><small>Alomomola's wish came true!</small><br></div><div class="battle-history"><small>Amoonguss restored a little HP using its Black Sludge!</small><br></div><div class="battle-history"><small>Amoonguss was hurt by its burn!</small><br></div><div class="spacer battle-history"><br></div><h2 class="battle-history">Turn 72</h2><div class="spacer battle-history"><br></div><div class="battle-history">Amoonguss used <strong>Giga Drain</strong>!<br></div><div class="battle-history"><small>(The opposing Snorlax lost <abbr title="−51/524">9.7%</abbr> of its health!)</small><br></div><div class="battle-history"><small>The opposing Snorlax had its energy drained!</small><br></div><div class="battle-history"><small>The opposing Snorlax woke up!</small><br></div><div class="spacer battle-history"><br></div><div class="battle-history">The opposing Snorlax used <strong>Facade</strong>!<br></div><div class="battle-history"><small>(Amoonguss lost <abbr title="−126/432">29.2%</abbr> of its health!)</small><br></div><div class="spacer battle-history"><br></div><div class="battle-history"><small>Amoonguss restored a little HP using its Black Sludge!</small><br></div><div class="battle-history"><small>The opposing Snorlax restored a little HP using its Leftovers!</small><br></div><div class="battle-history"><small>Amoonguss was hurt by its burn!</small><br></div><div class="spacer battle-history"><br></div><h2 class="battle-history">Turn 73</h2><div class="spacer battle-history"><br></div><div class="battle-history">Amoonguss used <strong>Spore</strong>!<br></div><div class="battle-history"><small>The opposing Snorlax fell asleep!</small><br></div><div class="spacer battle-history"><br></div><div class="battle-history">The opposing Snorlax is fast asleep.<br></div><div class="spacer battle-history"><br></div><div class="battle-history"><small>Amoonguss restored a little HP using its Black Sludge!</small><br></div><div class="battle-history"><small>The opposing Snorlax restored a little HP using its Leftovers!</small><br></div><div class="battle-history"><small>Amoonguss was hurt by its burn!</small><br></div><div class="spacer battle-history"><br></div><h2 class="battle-history">Turn 74</h2><div class="spacer battle-history"><br></div><div class="battle-history">Amoonguss, come back!<br></div><div class="battle-history">Go! <strong>Gyarados</strong>!<br></div><div class="spacer battle-history"><br></div><div class="battle-history">The opposing Snorlax is fast asleep.<br></div><div class="spacer battle-history"><br></div><h2 class="battle-history">Turn 75</h2><div class="spacer battle-history"><br></div><div class="battle-history">Mahvel Party withdrew Snorlax!<br></div><div class="battle-history">Mahvel Party sent out Rotom (<strong>Rotom-Wash</strong>)!<br></div><div class="spacer battle-history"><br></div><div class="battle-history">Gyarados used <strong>Waterfall</strong>!<br></div><div class="battle-history"><small>It's not very effective...</small><br></div><div class="battle-history"><small>(The opposing Rotom lost <abbr title="−59/304">19.4%</abbr> of its health!)</small><br></div><div class="spacer battle-history"><br></div><div class="battle-history"><small>The opposing Rotom restored a little HP using its Leftovers!</small><br></div><div class="battle-history"><small>The opposing Rotom was hurt by its burn!</small><br></div><div class="spacer battle-history"><br></div><h2 class="battle-history">Turn 76</h2><div class="spacer battle-history"><br></div><div class="battle-history">Gyarados, come back!<br></div><div class="battle-history">Go! <strong>Amoonguss</strong>!<br></div><div class="spacer battle-history"><br></div><div class="battle-history">The opposing Rotom used <strong>Volt Switch</strong>!<br></div><div class="battle-history"><small>It's not very effective...</small><br></div><div class="battle-history"><small>(Amoonguss lost <abbr title="−34/432">7.9%</abbr> of its health!)</small><br></div><div class="spacer battle-history"><br></div><div class="battle-history">The opposing Rotom went back to Mahvel Party!<br></div><div class="battle-history">Mahvel Party sent out <strong>Snorlax</strong>!<br></div><div class="spacer battle-history"><br></div><div class="battle-history"><small>Amoonguss restored a little HP using its Black Sludge!</small><br></div><div class="battle-history"><small>Amoonguss was hurt by its burn!</small><br></div><div class="spacer battle-history"><br></div><h2 class="battle-history">Turn 77</h2><div class="spacer battle-history"><br></div><div class="battle-history">Amoonguss, come back!<br></div><div class="battle-history">Go! <strong>Gyarados</strong>!<br></div><div class="battle-history"><small>The opposing Snorlax woke up!</small><br></div><div class="spacer battle-history"><br></div><div class="battle-history">The opposing Snorlax used <strong>Facade</strong>!<br></div><div class="battle-history"><small>(Gyarados lost <abbr title="−100/331">30.2%</abbr> of its health!)</small><br></div><div class="spacer battle-history"><br></div><h2 class="battle-history">Turn 78</h2><div class="spacer battle-history"><br></div><div class="battle-history">Gyarados used <strong>Waterfall</strong>!<br></div><div class="battle-history"><small>(The opposing Snorlax lost <abbr title="−208/524">39.7%</abbr> of its health!)</small><br></div><div class="spacer battle-history"><br></div><div class="battle-history">The opposing Snorlax used <strong>Yawn</strong>!<br></div><div class="battle-history"><small>Gyarados grew drowsy!</small><br></div><div class="spacer battle-history"><br></div><div class="battle-history"><small>The opposing Snorlax restored a little HP using its Leftovers!</small><br></div><div class="spacer battle-history"><br></div><h2 class="battle-history">Turn 79</h2><div class="spacer battle-history"><br></div><div class="battle-history">Mahvel Party withdrew Snorlax!<br></div><div class="battle-history">Mahvel Party sent out <strong>Alomomola</strong>!<br></div><div class="spacer battle-history"><br></div><div class="battle-history">Gyarados used <strong>Bounce</strong>!<br></div><div class="battle-history">Gyarados sprang up!<br></div><div class="spacer battle-history"><br></div><div class="battle-history"><small>Gyarados fell asleep!</small><br></div><div class="battle-history"><small>The opposing Alomomola restored a little HP using its Leftovers!</small><br></div><div class="battle-history"><small>The opposing Alomomola was hurt by poison!</small><br></div><div class="spacer battle-history"><br></div><h2 class="battle-history">Turn 80</h2><div class="spacer battle-history"><br></div><div class="battle-history">Gyarados is fast asleep.<br></div><div class="spacer battle-history"><br></div><div class="battle-history">The opposing Alomomola used <strong>Wish</strong>!<br></div><div class="spacer battle-history"><br></div><div class="battle-history"><small>The opposing Alomomola restored a little HP using its Leftovers!</small><br></div><div class="battle-history"><small>The opposing Alomomola was hurt by poison!</small><br></div><div class="spacer battle-history"><br></div><h2 class="battle-history">Turn 81</h2><div class="spacer battle-history"><br></div><div class="battle-history">Mahvel Party withdrew Alomomola!<br></div><div class="battle-history">Mahvel Party sent out <strong>Snorlax</strong>!<br></div><div class="battle-history"><small>Gyarados woke up!</small><br></div><div class="spacer battle-history"><br></div><div class="battle-history">Gyarados used <strong>Dragon Dance</strong>!<br></div><div class="battle-history"><small>Gyarados's Attack rose!</small><br></div><div class="battle-history"><small>Gyarados's Speed rose!</small><br></div><div class="spacer battle-history"><br></div><div class="battle-history"><small>Alomomola's wish came true!</small><br></div><div class="spacer battle-history"><br></div><h2 class="battle-history">Turn 82</h2><div class="spacer battle-history"><br></div><div class="battle-history">Mahvel Party withdrew Snorlax!<br></div><div class="battle-history">Mahvel Party sent out <strong>Alomomola</strong>!<br></div><div class="battle-history"><small>Gyarados surrounded itself with its Z-Power!</small><br></div><div class="spacer battle-history"><br></div><div class="battle-history">Gyarados used <strong>Supersonic Skystrike</strong>!<br></div><div class="battle-history"><small>(The opposing Alomomola lost <abbr title="−393/534">73.6%</abbr> of its health!)</small><br></div><div class="spacer battle-history"><br></div><div class="battle-history"><small>The opposing Alomomola restored a little HP using its Leftovers!</small><br></div><div class="battle-history"><small>The opposing Alomomola was hurt by poison!</small><br></div><div class="spacer battle-history"><br></div><h2 class="battle-history">Turn 83</h2><div class="spacer battle-history"><br></div><div class="battle-history">Mahvel Party withdrew Alomomola!<br></div><div class="battle-history">Mahvel Party sent out Rotom (<strong>Rotom-Wash</strong>)!<br></div><div class="spacer battle-history"><br></div><div class="battle-history">Gyarados used <strong>Earthquake</strong>!<br></div><div class="battle-history"><small>[The opposing Rotom's Levitate]</small><br><small>It doesn't affect the opposing Rotom...</small><br></div><div class="spacer battle-history"><br></div><div class="battle-history"><small>The opposing Rotom restored a little HP using its Leftovers!</small><br></div><div class="battle-history"><small>The opposing Rotom was hurt by its burn!</small><br></div><div class="spacer battle-history"><br></div><h2 class="battle-history">Turn 84</h2><div class="spacer battle-history"><br></div><div class="battle-history">Gyarados, come back!<br></div><div class="battle-history">Go! <strong>Amoonguss</strong>!<br></div><div class="spacer battle-history"><br></div><div class="battle-history">The opposing Rotom used <strong>Volt Switch</strong>!<br></div><div class="battle-history"><small>It's not very effective...</small><br></div><div class="battle-history"><small>(Amoonguss lost <abbr title="−36/432">8.3%</abbr> of its health!)</small><br></div><div class="spacer battle-history"><br></div><div class="battle-history">The opposing Rotom went back to Mahvel Party!<br></div><div class="battle-history">Mahvel Party sent out <strong>Snorlax</strong>!<br></div><div class="spacer battle-history"><br></div><div class="battle-history"><small>Amoonguss restored a little HP using its Black Sludge!</small><br></div><div class="battle-history"><small>Amoonguss was hurt by its burn!</small><br></div><div class="spacer battle-history"><br></div><h2 class="battle-history">Turn 85</h2><div class="spacer battle-history"><br></div><div class="battle-history">Mahvel Party withdrew Snorlax!<br></div><div class="battle-history">Mahvel Party sent out Rotom (<strong>Rotom-Wash</strong>)!<br></div><div class="spacer battle-history"><br></div><div class="battle-history">Amoonguss used <strong>Spore</strong>!<br></div><div class="battle-history"><small>But it failed!</small><br></div><div class="spacer battle-history"><br></div><div class="battle-history"><small>The opposing Rotom restored a little HP using its Leftovers!</small><br></div><div class="battle-history"><small>Amoonguss restored a little HP using its Black Sludge!</small><br></div><div class="battle-history"><small>The opposing Rotom was hurt by its burn!</small><br></div><div class="battle-history"><small>Amoonguss was hurt by its burn!</small><br></div><div class="spacer battle-history"><br></div><h2 class="battle-history">Turn 86</h2><div class="spacer battle-history"><br></div><div class="battle-history">Mahvel Party withdrew Rotom!<br></div><div class="battle-history">Mahvel Party sent out <strong>Snorlax</strong>!<br></div><div class="spacer battle-history"><br></div><div class="battle-history">Amoonguss used <strong>Giga Drain</strong>!<br></div><div class="battle-history"><small>(The opposing Snorlax lost <abbr title="−52/524">9.9%</abbr> of its health!)</small><br></div><div class="battle-history"><small>The opposing Snorlax had its energy drained!</small><br></div><div class="spacer battle-history"><br></div><div class="battle-history"><small>Amoonguss restored a little HP using its Black Sludge!</small><br></div><div class="battle-history"><small>The opposing Snorlax restored a little HP using its Leftovers!</small><br></div><div class="battle-history"><small>Amoonguss was hurt by its burn!</small><br></div><div class="spacer battle-history"><br></div><h2 class="battle-history">Turn 87</h2><div class="spacer battle-history"><br></div><div class="battle-history">Amoonguss used <strong>Spore</strong>!<br></div><div class="battle-history"><small>The opposing Snorlax fell asleep!</small><br></div><div class="spacer battle-history"><br></div><div class="battle-history">The opposing Snorlax is fast asleep.<br></div><div class="spacer battle-history"><br></div><div class="battle-history"><small>Amoonguss restored a little HP using its Black Sludge!</small><br></div><div class="battle-history"><small>The opposing Snorlax restored a little HP using its Leftovers!</small><br></div><div class="battle-history"><small>Amoonguss was hurt by its burn!</small><br></div><div class="spacer battle-history"><br></div><h2 class="battle-history">Turn 88</h2><div class="spacer battle-history"><br></div><div class="battle-history">Amoonguss, come back!<br></div><div class="battle-history">Go! Lopunny (<strong>Lopunny-Mega</strong>)!<br></div><div class="spacer battle-history"><br></div><div class="battle-history">The opposing Snorlax is fast asleep.<br></div><div class="spacer battle-history"><br></div><h2 class="battle-history">Turn 89</h2><div class="spacer battle-history"><br></div><div class="battle-history">Mahvel Party withdrew Snorlax!<br></div><div class="battle-history">Mahvel Party sent out <strong>Alomomola</strong>!<br></div><div class="spacer battle-history"><br></div><div class="battle-history">Lopunny used <strong>High Jump Kick</strong>!<br></div><div class="battle-history"><small>(The opposing Alomomola lost <abbr title="−187/534">35.0%</abbr> of its health!)</small><br></div><div class="spacer battle-history"><br></div><div class="battle-history"><small>The opposing Alomomola restored a little HP using its Leftovers!</small><br></div><div class="battle-history"><small>The opposing Alomomola was hurt by poison!</small><br></div><div class="spacer battle-history"><br></div><h2 class="battle-history">Turn 90</h2><div class="spacer battle-history"><br></div><div class="battle-history">Mahvel Party withdrew Alomomola!<br></div><div class="battle-history">Mahvel Party sent out Rotom (<strong>Rotom-Wash</strong>)!<br></div><div class="spacer battle-history"><br></div><div class="battle-history">Lopunny used <strong>Return</strong>!<br></div><div class="battle-history"><small>(The opposing Rotom lost <abbr title="−162/304">53.3%</abbr> of its health!)</small><br></div><div class="spacer battle-history"><br></div><div class="battle-history"><small>The opposing Rotom restored a little HP using its Leftovers!</small><br></div><div class="battle-history"><small>The opposing Rotom was hurt by its burn!</small><br></div><div class="spacer battle-history"><br></div><h2 class="battle-history">Turn 91</h2><div class="spacer battle-history"><br></div><div class="battle-history">Lopunny used <strong>High Jump Kick</strong>!<br></div><div class="battle-history"><small>(The opposing Rotom lost <abbr title="−37/304">12.2%</abbr> of its health!)</small><br></div><div class="spacer battle-history"><br></div><div class="battle-history">The opposing Rotom fainted!<br></div><div class="spacer battle-history"><br></div><div class="battle-history">Mahvel Party sent out Medicham (<strong>Medicham-Mega</strong>)!<br></div><div class="spacer battle-history"><br></div><h2 class="battle-history">Turn 92</h2><div class="spacer battle-history"><br></div><div class="battle-history">Lopunny, come back!<br></div><div class="battle-history">Go! <strong>Mew</strong>!<br></div><div class="spacer battle-history"><br></div><div class="battle-history">The opposing Medicham used <strong>Ice Punch</strong>!<br></div><div class="battle-history"><small>(Mew lost <abbr title="−112/404">27.7%</abbr> of its health!)</small><br></div><div class="battle-history"><small>The opposing Medicham was hurt by the Rocky Helmet!</small><br></div><div class="spacer battle-history"><br></div><h2 class="battle-history">Turn 93</h2><div class="spacer battle-history"><br></div><div class="battle-history">Mahvel Party withdrew Medicham!<br></div><div class="battle-history">Mahvel Party sent out <strong>Alomomola</strong>!<br></div><div class="spacer battle-history"><br></div><div class="battle-history">Mew, come back!<br></div><div class="battle-history">Go! <strong>Amoonguss</strong>!<br></div><div class="spacer battle-history"><br></div><div class="battle-history"><small>The opposing Alomomola restored a little HP using its Leftovers!</small><br></div><div class="battle-history"><small>The opposing Alomomola was hurt by poison!</small><br></div><div class="battle-history"><small>Amoonguss was hurt by its burn!</small><br></div><div class="spacer battle-history"><br></div><h2 class="battle-history">Turn 94</h2><div class="spacer battle-history"><br></div><div class="battle-history">The opposing Alomomola used <strong>Wish</strong>!<br></div><div class="spacer battle-history"><br></div><div class="battle-history">Amoonguss used <strong>Giga Drain</strong>!<br></div><div class="battle-history"><small>It's super effective!</small><br></div><div class="battle-history"><small>(The opposing Alomomola lost <abbr title="−296/534">55.4%</abbr> of its health!)</small><br></div><div class="battle-history"><small>The opposing Alomomola had its energy drained!</small><br></div><div class="spacer battle-history"><br></div><div class="battle-history"><small>The opposing Alomomola restored a little HP using its Leftovers!</small><br></div><div class="battle-history"><small>The opposing Alomomola was hurt by poison!</small><br></div><div class="battle-history"><small>Amoonguss was hurt by its burn!</small><br></div><div class="spacer battle-history"><br></div><div class="battle-history">The opposing Alomomola fainted!<br></div><div class="chat message-error">Mahvel Party tiene 135 segundos restantes.</div><div class="spacer battle-history"><br></div><div class="battle-history">Mahvel Party sent out Medicham (<strong>Medicham-Mega</strong>)!<br></div><div class="spacer battle-history"><br></div><h2 class="battle-history">Turn 95</h2><div class="spacer battle-history"><br></div><div class="battle-history">Amoonguss, come back!<br></div><div class="battle-history">Go! <strong>Mew</strong>!<br></div><div class="spacer battle-history"><br></div><div class="battle-history">The opposing Medicham used <strong>Fake Out</strong>!<br></div><div class="battle-history"><small>(Mew lost <abbr title="−54/404">13.4%</abbr> of its health!)</small><br></div><div class="battle-history"><small>The opposing Medicham was hurt by the Rocky Helmet!</small><br></div><div class="spacer battle-history"><br></div><div class="battle-history"><small>Alomomola's wish came true!</small><br></div><div class="spacer battle-history"><br></div><h2 class="battle-history">Turn 96</h2><div class="spacer battle-history"><br></div><div class="battle-history">The opposing Medicham used <strong>Ice Punch</strong>!<br></div><div class="battle-history"><small>(Mew lost <abbr title="−103/404">25.5%</abbr> of its health!)</small><br></div><div class="battle-history"><small>The opposing Medicham was hurt by the Rocky Helmet!</small><br></div><div class="spacer battle-history"><br></div><div class="battle-history">Mew used <strong>Soft-Boiled</strong>!<br></div><div class="battle-history"><small>Mew restored its HP.</small><br></div><div class="spacer battle-history"><br></div><h2 class="battle-history">Turn 97</h2><div class="spacer battle-history"><br></div><div class="battle-history">The opposing Medicham used <strong>Ice Punch</strong>!<br></div><div class="battle-history"><small>(Mew lost <abbr title="−107/404">26.5%</abbr> of its health!)</small><br></div><div class="battle-history"><small>The opposing Medicham was hurt by the Rocky Helmet!</small><br></div><div class="spacer battle-history"><br></div><div class="battle-history">Mew used <strong>Will-O-Wisp</strong>!<br></div><div class="battle-history"><small>The opposing Medicham was burned!</small><br></div><div class="spacer battle-history"><br></div><div class="battle-history"><small>The opposing Medicham was hurt by its burn!</small><br></div><div class="spacer battle-history"><br></div><h2 class="battle-history">Turn 98</h2><div class="spacer battle-history"><br></div><div class="battle-history"><small>Mahvel Party se rindió.</small><br></div><div class="spacer battle-history"><br></div><div class="battle-history"><strong>AdderJo</strong> won the battle!<br></div><div class="chat">AdderJo ha ganado 9.25 PokeDolares.</div><div class="chat">Puntaje de AdderJo: 1397 → <strong>1411</strong><br>(+14 por ganar)</div><div class="chat">Puntaje de Mahvel Party: 1288 → <strong>1270</strong><br>(-18 por perder)</div></div><div class="inner-preempt"></div></div></div>
</div>
<script>
let daily = Math.floor(Date.now()/1000/60/60/24);document.write('<script src="https://play.pokemonshowdown.com/js/replay-embed.js?version'+daily+'"></'+'script>');
</script>
