<!DOCTYPE html>
<meta charset="utf-8" />
<!-- version 1 -->
<title>OU replay: Telos Karma vs. RaiRaiden</title>
<style>
html,body {font-family:Verdana, sans-serif;font-size:10pt;margin:0;padding:0;}body{padding:12px 0;} .battle-log {font-family:Verdana, sans-serif;font-size:10pt;} .battle-log-inline {border:1px solid #AAAAAA;background:#EEF2F5;color:black;max-width:640px;margin:0 auto 80px;padding-bottom:5px;} .battle-log .inner {padding:4px 8px 0px 8px;} .battle-log .inner-preempt {padding:0 8px 4px 8px;} .battle-log .inner-after {margin-top:0.5em;} .battle-log h2 {margin:0.5em -8px;padding:4px 8px;border:1px solid #AAAAAA;background:#E0E7EA;border-left:0;border-right:0;font-family:Verdana, sans-serif;font-size:13pt;} .battle-log .chat {vertical-align:middle;padding:3px 0 3px 0;font-size:8pt;} .battle-log .chat strong {color:#40576A;} .battle-log .chat em {padding:1px 4px 1px 3px;color:#000000;font-style:normal;} .chat.mine {background:rgba(0,0,0,0.05);margin-left:-8px;margin-right:-8px;padding-left:8px;padding-right:8px;} .spoiler {color:#BBBBBB;background:#BBBBBB;padding:0px 3px;} .spoiler:hover, .spoiler:active, .spoiler-shown {color:#000000;background:#E2E2E2;padding:0px 3px;} .spoiler a {color:#BBBBBB;} .spoiler:hover a, .spoiler:active a, .spoiler-shown a {color:#2288CC;} .chat code, .chat .spoiler:hover code, .chat .spoiler:active code, .chat .spoiler-shown code {border:1px solid #C0C0C0;background:#EEEEEE;color:black;padding:0 2px;} .chat .spoiler code {border:1px solid #CCCCCC;background:#CCCCCC;color:#CCCCCC;} .battle-log .rated {padding:3px 4px;} .battle-log .rated strong {color:white;background:#89A;padding:1px 4px;border-radius:4px;} .spacer {margin-top:0.5em;} .message-announce {background:#6688AA;color:white;padding:1px 4px 2px;} .message-announce a, .broadcast-green a, .broadcast-blue a, .broadcast-red a {color:#DDEEFF;} .broadcast-green {background-color:#559955;color:white;padding:2px 4px;} .broadcast-blue {background-color:#6688AA;color:white;padding:2px 4px;} .infobox {border:1px solid #6688AA;padding:2px 4px;} .infobox-limited {max-height:200px;overflow:auto;overflow-x:hidden;} .broadcast-red {background-color:#AA5544;color:white;padding:2px 4px;} .message-learn-canlearn {font-weight:bold;color:#228822;text-decoration:underline;} .message-learn-cannotlearn {font-weight:bold;color:#CC2222;text-decoration:underline;} .message-effect-weak {font-weight:bold;color:#CC2222;} .message-effect-resist {font-weight:bold;color:#6688AA;} .message-effect-immune {font-weight:bold;color:#666666;} .message-learn-list {margin-top:0;margin-bottom:0;} .message-throttle-notice, .message-error {color:#992222;} .message-overflow, .chat small.message-overflow {font-size:0pt;} .message-overflow::before {font-size:9pt;content:'...';} .subtle {color:#3A4A66;}
</style>
<div class="wrapper replay-wrapper" style="max-width:1180px;margin:0 auto">
<input type="hidden" name="replayid" value="destiny-ou-502575" />
<div class="battle"></div><div class="battle-log"></div><div class="replay-controls"></div><div class="replay-controls-2"></div>
<h1 style="font-weight:normal;text-align:center"><strong>OU</strong><br /><a href="http://pokemonshowdown.com/users/teloskarma" class="subtle" target="_blank">Telos Karma</a> vs. <a href="http://pokemonshowdown.com/users/rairaiden" class="subtle" target="_blank">RaiRaiden</a></h1>
<script type="text/plain" class="battle-log-data">|player|p1|Telos Karma|167
|teamsize|p1|6
|player|p2|RaiRaiden|raiden.gif?970e8bf3
|teamsize|p2|6
|teamsize|p1|6
|teamsize|p2|6
|gametype|singles
|gen|7
|tier|OU
|rated
|seed|39867,45825,46569,7659
|rule|Cláusula-Mod de Dormir: solo puedes dormir a uno de tus oponentes a la vez.
|rule|Cláusula de Especie: Hasta un Pokémon de cada especie
|rule|Cláusula de Golpe Fulminante: los movimientos fulminantes (OHKO) estan prohibidos
|rule|Cláusula de Veleta: la habilidad Veleta está prohibida
|rule|Cláusula de Movimientos Evasivos: los movimientos de Evasión están prohibidos.
|rule|Cláusula de Batallas Eternas: forzar batallas eternas está prohibido
|clearpoke
|poke|p1|Kartana|item
|poke|p1|Heatran, F|item
|poke|p1|Tapu Lele|item
|poke|p1|Alakazam, M|item
|poke|p1|Tangrowth, M|item
|poke|p1|Gliscor, F|item
|poke|p2|Froslass, F|item
|poke|p2|Bisharp, M|item
|poke|p2|Toxapex, F|item
|poke|p2|Chansey, F|item
|poke|p2|Manectric, M|item
|poke|p2|Tapu Bulu|item
|teampreview|undefined
|choice|*|*team 123456
|choice|*team 213456|*
|choice|team 2, 1, 3, 4, 5, 6|team 1, 2, 3, 4, 5, 6
|
|start
|switch|p1a: Heatran|Heatran, F|385\/385
|switch|p2a: Froslass|Froslass, F|282\/282
|turn|1
|choice|*move 2|*
|inactive|Reloj de batalla ENCENDIDO. El jugador inactivo será descalificado (solicitado por Telos Karma).
|choice|*|*switch 4
|choice|move magmastorm|switch 4
|
|switch|p2a: Chansey|Chansey, F|703\/703
|move|p1a: Heatran|Magma Storm|p2a: Chansey
|-damage|p2a: Chansey|618\/703
|-activate|p2a: Chansey|move: Magma Storm|[of] p1a: Heatran
|
|-damage|p2a: Chansey|531\/703|[from] move: Magma Storm|[partiallytrapped]
|upkeep
|turn|2
|choice|*|*move 3
|choice|*move 3|*
|choice|move toxic|move seismictoss
|
|move|p1a: Heatran|Toxic|p2a: Chansey
|-status|p2a: Chansey|tox
|move|p2a: Chansey|Seismic Toss|p1a: Heatran
|-damage|p1a: Heatran|285\/385
|
|-heal|p1a: Heatran|309\/385|[from] item: Leftovers
|-damage|p2a: Chansey|488\/703 tox|[from] psn
|-damage|p2a: Chansey|401\/703 tox|[from] move: Magma Storm|[partiallytrapped]
|upkeep
|turn|3
|choice|*move 1|*
|choice|*|*move 1
|choice|move stealthrock|move stealthrock
|
|move|p1a: Heatran|Stealth Rock|p2a: Chansey
|-sidestart|p2: RaiRaiden|move: Stealth Rock
|move|p2a: Chansey|Stealth Rock|p1a: Heatran
|-sidestart|p1: Telos Karma|move: Stealth Rock
|
|-heal|p1a: Heatran|333\/385|[from] item: Leftovers
|-damage|p2a: Chansey|315\/703 tox|[from] psn
|-damage|p2a: Chansey|228\/703 tox|[from] move: Magma Storm|[partiallytrapped]
|upkeep
|turn|4
|choice|*|*move 4
|choice|*move 2|*
|choice|move magmastorm|move softboiled
|
|move|p1a: Heatran|Magma Storm|p2a: Chansey|[miss]
|-miss|p1a: Heatran|p2a: Chansey
|move|p2a: Chansey|Soft-Boiled|p2a: Chansey
|-heal|p2a: Chansey|580\/703 tox
|
|-heal|p1a: Heatran|357\/385|[from] item: Leftovers
|-damage|p2a: Chansey|451\/703 tox|[from] psn
|-damage|p2a: Chansey|364\/703 tox|[from] move: Magma Storm|[partiallytrapped]
|upkeep
|turn|5
|choice|*switch 2|*
|choice|*|*move 4
|choice|switch 2|move softboiled
|
|switch|p1a: Kartana|Kartana|259\/259
|-damage|p1a: Kartana|243\/259|[from] Stealth Rock
|move|p2a: Chansey|Soft-Boiled|p2a: Chansey
|-heal|p2a: Chansey|703\/703 tox
|
|-damage|p2a: Chansey|531\/703 tox|[from] psn
|-end|p2a: Chansey|Magma Storm|[partiallytrapped]
|upkeep
|turn|6
|choice|*|*switch 3
|c|☆Telos Karma|y su switch in?
|choice|*move 1|*
|choice|move leafblade|switch 3
|
|-curestatus|p2a: Chansey|tox|[from] ability: Natural Cure
|switch|p2a: Toxapex|Toxapex, F|304\/304
|-damage|p2a: Toxapex|266\/304|[from] Stealth Rock
|move|p1a: Kartana|Leaf Blade|p2a: Toxapex
|-damage|p2a: Toxapex|151\/304
|
|-heal|p2a: Toxapex|170\/304|[from] item: Black Sludge
|upkeep
|turn|7
|choice|*|*move 2
|c|☆Telos Karma|porque pitos
|c|☆Telos Karma|hablo antes
|choice|*switch 3|*
|choice|switch 3|move toxicspikes
|
|switch|p1a: Tapu Lele|Tapu Lele|313\/313
|-damage|p1a: Tapu Lele|274\/313|[from] Stealth Rock
|-fieldstart|move: Psychic Terrain|[from] ability: Psychic Surge|[of] p1a: Tapu Lele
|move|p2a: Toxapex|Toxic Spikes|p1a: Tapu Lele
|-sidestart|p1: Telos Karma|move: Toxic Spikes
|
|-heal|p2a: Toxapex|189\/304|[from] item: Black Sludge
|upkeep
|turn|8
|choice|*move 3|*
|c|☆Telos Karma|luk at dizzzzzz
|inactive|RaiRaiden tiene 135 segundos restantes.
|choice|*|*switch 2
|choice|move psyshock|switch 2
|
|switch|p2a: Bisharp|Bisharp, M|272\/272
|-damage|p2a: Bisharp|255\/272|[from] Stealth Rock
|move|p1a: Tapu Lele|Psyshock|p2a: Bisharp
|-immune|p2a: Bisharp|[msg]
|
|upkeep
|turn|9
|choice|*move 4|*
|choice|*|*move 1
|choice|move moonblast|move knockoff
|
|move|p1a: Tapu Lele|Moonblast|p2a: Bisharp
|-damage|p2a: Bisharp|30\/272
|-unboost|p2a: Bisharp|spa|1
|-ability|p2a: Bisharp|Defiant|boost
|-boost|p2a: Bisharp|atk|2
|move|p2a: Bisharp|Knock Off|p1a: Tapu Lele
|-damage|p1a: Tapu Lele|0 fnt
|-damage|p2a: Bisharp|3\/272|[from] item: Life Orb
|faint|p1a: Tapu Lele
|
|upkeep
|c|☆Telos Karma|k
|choice|*switch 3|*
|choice|switch 3|
|
|switch|p1a: Kartana|Kartana|243\/259
|-damage|p1a: Kartana|227\/259|[from] Stealth Rock
|turn|10
|choice|*move 1|*
|choice|*|*move 4
|choice|move leafblade|move suckerpunch
|
|move|p2a: Bisharp|Sucker Punch|p1a: Kartana
|-activate|p1a: Kartana|move: Psychic Terrain
|move|p1a: Kartana|Leaf Blade|p2a: Bisharp
|-resisted|p2a: Bisharp
|-damage|p2a: Bisharp|0 fnt
|faint|p2a: Bisharp
|-ability|p1a: Kartana|Beast Boost|boost
|-boost|p1a: Kartana|atk|1
|
|upkeep
|c|☆Telos Karma|0lv
|choice|*|*switch 5
|choice||switch 5
|
|switch|p2a: Manectric|Manectric, M|282\/282
|-damage|p2a: Manectric|247\/282|[from] Stealth Rock
|turn|11
|choice|*|*move 1 mega
|c| Lord Ander ♛|es scarf
|c| Lord Ander ♛|reveal it
|c| Lord Ander ♛|ya
|inactive|Telos Karma tiene 135 segundos restantes.
|c|☆Telos Karma|que no le tiro ohko iwal?
|choice|*switch 2|*
|choice|switch 2|move voltswitch mega
|
|switch|p1a: Heatran|Heatran, F|357\/385
|-damage|p1a: Heatran|309\/385|[from] Stealth Rock
|-mega|p2a: Manectric|Manectric|Manectite
|detailschange|p2a: Manectric|Manectric-Mega, M
|-ability|p2a: Manectric|Intimidate|boost
|-unboost|p1a: Heatran|atk|1
|move|p2a: Manectric|Volt Switch|p1a: Heatran
|-damage|p1a: Heatran|207\/385
|c| Lord Ander ♛|no le das
|c|☆Telos Karma|obvi lo c papi
|inactive|RaiRaiden tiene 135 segundos restantes.
|choice|*|*switch 4
|choice||switch 4
|
|switch|p2a: Froslass|Froslass, F|282\/282|[from]move: Volt Switch
|-damage|p2a: Froslass|212\/282|[from] Stealth Rock
|
|-heal|p1a: Heatran|231\/385|[from] item: Leftovers
|-fieldend|move: Psychic Terrain
|upkeep
|turn|12
|choice|*|*move 4
|choice|*move 2|*
|choice|move magmastorm|move destinybond
|
|move|p2a: Froslass|Destiny Bond|p2a: Froslass
|-singlemove|p2a: Froslass|Destiny Bond
|move|p1a: Heatran|Magma Storm|p2a: Froslass
|-supereffective|p2a: Froslass
|-damage|p2a: Froslass|0 fnt
|faint|p2a: Froslass
|-activate|p2a: Froslass|move: Destiny Bond
|faint|p1a: Heatran
|
|upkeep
|c|☆Telos Karma|webos que no fallo
|choice|*switch 6|*
|choice|*switch 6|*
|choice|*|*switch 4
|choice|switch 6|switch 4
|
|switch|p2a: Manectric|Manectric-Mega, M|247\/282
|switch|p1a: Gliscor|Gliscor, F|352\/352
|-damage|p2a: Manectric|212\/282|[from] Stealth Rock
|-ability|p2a: Manectric|Intimidate|boost
|-unboost|p1a: Gliscor|atk|1
|-damage|p1a: Gliscor|308\/352|[from] Stealth Rock
|turn|13
|choice|*move 3|*
|choice|*|*switch 6
|choice|move earthquake|switch 6
|
|switch|p2a: Tapu Bulu|Tapu Bulu|321\/321
|-damage|p2a: Tapu Bulu|281\/321|[from] Stealth Rock
|-fieldstart|move: Grassy Terrain|[from] ability: Grassy Surge|[of] p2a: Tapu Bulu
|move|p1a: Gliscor|Earthquake|p2a: Tapu Bulu
|-resisted|p2a: Tapu Bulu
|-damage|p2a: Tapu Bulu|265\/321
|
|-heal|p2a: Tapu Bulu|285\/321|[from] item: Leftovers
|-heal|p2a: Tapu Bulu|305\/321|[from] Grassy Terrain
|-status|p1a: Gliscor|tox|[from] item: Toxic Orb
|upkeep
|turn|14
|choice|*|*move 1
|choice|*|*move 3
|choice|*move 1|*
|choice|move defog|move substitute
|
|move|p1a: Gliscor|Defog|p2a: Tapu Bulu
|-unboost|p2a: Tapu Bulu|evasion|1
|-sideend|p2: RaiRaiden|Stealth Rock|[from] move: Defog|[of] p2a: Tapu Bulu
|-sideend|p1: Telos Karma|Toxic Spikes|[from] move: Defog|[of] p1a: Gliscor
|-sideend|p1: Telos Karma|Stealth Rock|[from] move: Defog|[of] p1a: Gliscor
|move|p2a: Tapu Bulu|Substitute|p2a: Tapu Bulu
|-start|p2a: Tapu Bulu|Substitute
|-damage|p2a: Tapu Bulu|225\/321
|
|-heal|p2a: Tapu Bulu|245\/321|[from] item: Leftovers
|-heal|p2a: Tapu Bulu|265\/321|[from] Grassy Terrain
|-heal|p1a: Gliscor|352\/352 tox|[from] ability: Poison Heal
|upkeep
|turn|15
|choice|*switch 5|*
|choice|*|*switch 3
|choice|switch 5|switch 3
|
|switch|p1a: Tangrowth|Tangrowth, M|399\/399
|switch|p2a: Chansey|Chansey, F|531\/703
|
|-heal|p2a: Chansey|574\/703|[from] Grassy Terrain
|upkeep
|turn|16
|choice|*|*move 2
|choice|*move 2|*
|choice|move knockoff|move toxic
|
|move|p2a: Chansey|Toxic|p1a: Tangrowth
|-status|p1a: Tangrowth|tox
|move|p1a: Tangrowth|Knock Off|p2a: Chansey
|-damage|p2a: Chansey|476\/703
|-enditem|p2a: Chansey|Eviolite|[from] move: Knock Off|[of] p1a: Tangrowth
|
|-heal|p2a: Chansey|519\/703|[from] Grassy Terrain
|-damage|p1a: Tangrowth|375\/399 tox|[from] psn
|upkeep
|turn|17
|choice|*|*move 1
|choice|*switch 2|*
|choice|switch 2|move stealthrock
|
|switch|p1a: Kartana|Kartana|227\/259
|move|p2a: Chansey|Stealth Rock|p1a: Kartana
|-sidestart|p1: Telos Karma|move: Stealth Rock
|
|-heal|p1a: Kartana|243\/259|[from] Grassy Terrain
|-heal|p2a: Chansey|562\/703|[from] Grassy Terrain
|-fieldend|move: Grassy Terrain
|upkeep
|turn|18
|choice|*move 4|*
|choice|*move 1|*
|choice|*|*switch 2
|choice|move leafblade|switch 2
|
|switch|p2a: Toxapex|Toxapex, F|290\/304
|move|p1a: Kartana|Leaf Blade|p2a: Toxapex
|-damage|p2a: Toxapex|176\/304
|
|-heal|p2a: Toxapex|195\/304|[from] item: Black Sludge
|upkeep
|turn|19
|choice|*|*move 1
|choice|*switch 5|*
|choice|switch 5|move scald
|
|switch|p1a: Gliscor|Gliscor, F|352\/352 tox
|-damage|p1a: Gliscor|308\/352 tox|[from] Stealth Rock
|move|p2a: Toxapex|Scald|p1a: Gliscor
|-supereffective|p1a: Gliscor
|-damage|p1a: Gliscor|186\/352 tox
|
|-heal|p2a: Toxapex|214\/304|[from] item: Black Sludge
|-heal|p1a: Gliscor|230\/352 tox|[from] ability: Poison Heal
|upkeep
|turn|20
|choice|*move 1|*
|choice|*|*move 1
|choice|move defog|move scald
|
|move|p1a: Gliscor|Defog|p2a: Toxapex
|-unboost|p2a: Toxapex|evasion|1
|-sideend|p1: Telos Karma|Stealth Rock|[from] move: Defog|[of] p1a: Gliscor
|move|p2a: Toxapex|Scald|p1a: Gliscor
|-supereffective|p1a: Gliscor
|-damage|p1a: Gliscor|120\/352 tox
|
|-heal|p2a: Toxapex|233\/304|[from] item: Black Sludge
|-heal|p1a: Gliscor|164\/352 tox|[from] ability: Poison Heal
|upkeep
|turn|21
|choice|*|*move 1
|choice|*move 3|*
|choice|move earthquake|move scald
|
|move|p1a: Gliscor|Earthquake|p2a: Toxapex
|-supereffective|p2a: Toxapex
|-damage|p2a: Toxapex|113\/304
|move|p2a: Toxapex|Scald|p1a: Gliscor
|-supereffective|p1a: Gliscor
|-damage|p1a: Gliscor|50\/352 tox
|
|-heal|p2a: Toxapex|132\/304|[from] item: Black Sludge
|-heal|p1a: Gliscor|94\/352 tox|[from] ability: Poison Heal
|upkeep
|turn|22
|choice|*move 3|*
|choice|*|*move 1
|choice|move earthquake|move scald
|
|move|p1a: Gliscor|Earthquake|p2a: Toxapex
|-supereffective|p2a: Toxapex
|-damage|p2a: Toxapex|10\/304
|move|p2a: Toxapex|Scald|p1a: Gliscor
|-supereffective|p1a: Gliscor
|-damage|p1a: Gliscor|0 fnt
|faint|p1a: Gliscor
|
|-heal|p2a: Toxapex|29\/304|[from] item: Black Sludge
|upkeep
|choice|*switch 5|*
|choice|switch 5|
|
|switch|p1a: Kartana|Kartana|243\/259
|turn|23
|choice|*move 1|*
|choice|*|*switch 2
|choice|move leafblade|switch 2
|
|switch|p2a: Chansey|Chansey, F|562\/703
|move|p1a: Kartana|Leaf Blade|p2a: Chansey
|-crit|p2a: Chansey
|-damage|p2a: Chansey|0 fnt
|faint|p2a: Chansey
|-ability|p1a: Kartana|Beast Boost|boost
|-boost|p1a: Kartana|atk|1
|
|upkeep
|choice|*|*switch 6
|choice||switch 6
|
|switch|p2a: Manectric|Manectric-Mega, M|212\/282
|-ability|p2a: Manectric|Intimidate|boost
|-unboost|p1a: Kartana|atk|1
|turn|24
|choice|*|*switch 3
|choice|*switch 2|*
|choice|switch 2|switch 3
|
|switch|p1a: Tangrowth|Tangrowth, M|399\/399 tox
|switch|p2a: Tapu Bulu|Tapu Bulu|265\/321
|-fieldstart|move: Grassy Terrain|[from] ability: Grassy Surge|[of] p2a: Tapu Bulu
|
|-heal|p2a: Tapu Bulu|285\/321|[from] item: Leftovers
|-heal|p2a: Tapu Bulu|305\/321|[from] Grassy Terrain
|-damage|p1a: Tangrowth|375\/399 tox|[from] psn
|upkeep
|turn|25
|choice|*move 4|*
|choice|*|*move 3
|choice|move sludgebomb|move substitute
|
|move|p2a: Tapu Bulu|Substitute|p2a: Tapu Bulu
|-start|p2a: Tapu Bulu|Substitute
|-damage|p2a: Tapu Bulu|225\/321
|move|p1a: Tangrowth|Sludge Bomb|p2a: Tapu Bulu
|-supereffective|p2a: Tapu Bulu
|-end|p2a: Tapu Bulu|Substitute
|
|-heal|p2a: Tapu Bulu|245\/321|[from] item: Leftovers
|-heal|p2a: Tapu Bulu|265\/321|[from] Grassy Terrain
|-heal|p1a: Tangrowth|399\/399 tox|[from] Grassy Terrain
|-damage|p1a: Tangrowth|351\/399 tox|[from] psn
|upkeep
|turn|26
|choice|*|*move 4
|choice|*move 4|*
|choice|move sludgebomb|move protect
|
|move|p2a: Tapu Bulu|Protect|p2a: Tapu Bulu
|-singleturn|p2a: Tapu Bulu|Protect
|move|p1a: Tangrowth|Sludge Bomb|p2a: Tapu Bulu
|-activate|p2a: Tapu Bulu|move: Protect
|
|-heal|p2a: Tapu Bulu|285\/321|[from] item: Leftovers
|-heal|p2a: Tapu Bulu|305\/321|[from] Grassy Terrain
|-heal|p1a: Tangrowth|375\/399 tox|[from] Grassy Terrain
|-damage|p1a: Tangrowth|303\/399 tox|[from] psn
|upkeep
|turn|27
|choice|*|*move 3
|choice|*move 4|*
|choice|move sludgebomb|move substitute
|
|move|p2a: Tapu Bulu|Substitute|p2a: Tapu Bulu
|-start|p2a: Tapu Bulu|Substitute
|-damage|p2a: Tapu Bulu|225\/321
|move|p1a: Tangrowth|Sludge Bomb|p2a: Tapu Bulu
|-supereffective|p2a: Tapu Bulu
|-end|p2a: Tapu Bulu|Substitute
|
|-heal|p2a: Tapu Bulu|245\/321|[from] item: Leftovers
|-heal|p2a: Tapu Bulu|265\/321|[from] Grassy Terrain
|-heal|p1a: Tangrowth|327\/399 tox|[from] Grassy Terrain
|-damage|p1a: Tangrowth|231\/399 tox|[from] psn
|upkeep
|turn|28
|choice|*|*move 3
|choice|*switch 2|*
|choice|switch 2|move substitute
|
|switch|p1a: Kartana|Kartana|243\/259
|move|p2a: Tapu Bulu|Substitute|p2a: Tapu Bulu
|-start|p2a: Tapu Bulu|Substitute
|-damage|p2a: Tapu Bulu|185\/321
|
|-heal|p1a: Kartana|259\/259|[from] Grassy Terrain
|-heal|p2a: Tapu Bulu|205\/321|[from] item: Leftovers
|-heal|p2a: Tapu Bulu|225\/321|[from] Grassy Terrain
|-fieldend|move: Grassy Terrain
|upkeep
|turn|29
|choice|*|*move 1
|choice|*move 3|*
|choice|move smartstrike|move hornleech
|
|move|p1a: Kartana|Smart Strike|p2a: Tapu Bulu
|-supereffective|p2a: Tapu Bulu
|-end|p2a: Tapu Bulu|Substitute
|move|p2a: Tapu Bulu|Horn Leech|p1a: Kartana
|-resisted|p1a: Kartana
|-damage|p1a: Kartana|232\/259
|-heal|p2a: Tapu Bulu|239\/321|[from] drain|[of] p1a: Kartana
|
|-heal|p2a: Tapu Bulu|259\/321|[from] item: Leftovers
|upkeep
|turn|30
|choice|*switch 4|*
|choice|*|*switch 2
|choice|switch 4|switch 2
|
|switch|p1a: Alakazam|Alakazam, M|251\/251
|switch|p2a: Toxapex|Toxapex, F|130\/304
|
|-heal|p2a: Toxapex|149\/304|[from] item: Black Sludge
|upkeep
|turn|31
|c|☆Telos Karma|ezzz
|choice|*|*move 1
|choice|*move 2 mega|*
|choice|move psychic mega|move scald
|
|-mega|p1a: Alakazam|Alakazam|Alakazite
|detailschange|p1a: Alakazam|Alakazam-Mega, M
|-ability|p1a: Alakazam|Regenerator|[from] ability: Trace|[of] p2a: Toxapex
|move|p1a: Alakazam|Psychic|p2a: Toxapex
|-supereffective|p2a: Toxapex
|-damage|p2a: Toxapex|0 fnt
|faint|p2a: Toxapex
|
|upkeep
|c| Lord Ander ♛|xd
|choice|*|*switch 2
|choice||switch 2
|
|switch|p2a: Tapu Bulu|Tapu Bulu|259\/321
|-fieldstart|move: Grassy Terrain|[from] ability: Grassy Surge|[of] p2a: Tapu Bulu
|turn|32
|c|☆Telos Karma|gg
|choice|*|*move 1
|choice|*switch 2|*
|choice|switch 2|move hornleech
|
|switch|p1a: Tangrowth|Tangrowth, M|364\/399 tox
|move|p2a: Tapu Bulu|Horn Leech|p1a: Tangrowth
|-resisted|p1a: Tangrowth
|-damage|p1a: Tangrowth|276\/399 tox
|-heal|p2a: Tapu Bulu|303\/321|[from] drain|[of] p1a: Tangrowth
|
|-heal|p2a: Tapu Bulu|321\/321|[from] item: Leftovers
|-heal|p1a: Tangrowth|300\/399 tox|[from] Grassy Terrain
|-damage|p1a: Tangrowth|276\/399 tox|[from] psn
|upkeep
|turn|33
|choice|*move 4|*
|choice|*|*move 3
|choice|move sludgebomb|move substitute
|
|move|p2a: Tapu Bulu|Substitute|p2a: Tapu Bulu
|-start|p2a: Tapu Bulu|Substitute
|-damage|p2a: Tapu Bulu|241\/321
|move|p1a: Tangrowth|Sludge Bomb|p2a: Tapu Bulu
|-supereffective|p2a: Tapu Bulu
|-end|p2a: Tapu Bulu|Substitute
|
|-heal|p2a: Tapu Bulu|261\/321|[from] item: Leftovers
|-heal|p2a: Tapu Bulu|281\/321|[from] Grassy Terrain
|-heal|p1a: Tangrowth|300\/399 tox|[from] Grassy Terrain
|-damage|p1a: Tangrowth|252\/399 tox|[from] psn
|upkeep
|turn|34
|choice|*switch 4|*
|choice|*|*move 1
|choice|switch 4|move hornleech
|
|switch|p1a: Kartana|Kartana|232\/259
|move|p2a: Tapu Bulu|Horn Leech|p1a: Kartana
|-resisted|p1a: Kartana
|-damage|p1a: Kartana|191\/259
|-heal|p2a: Tapu Bulu|302\/321|[from] drain|[of] p1a: Kartana
|
|-heal|p1a: Kartana|207\/259|[from] Grassy Terrain
|-heal|p2a: Tapu Bulu|321\/321|[from] item: Leftovers
|upkeep
|turn|35
|choice|*|*switch 3
|choice|*move 1|*
|choice|move leafblade|switch 3
|
|switch|p2a: Manectric|Manectric-Mega, M|212\/282
|-ability|p2a: Manectric|Intimidate|boost
|-unboost|p1a: Kartana|atk|1
|move|p1a: Kartana|Leaf Blade|p2a: Manectric
|-damage|p2a: Manectric|0 fnt
|faint|p2a: Manectric
|-ability|p1a: Kartana|Beast Boost|boost
|-boost|p1a: Kartana|atk|1
|
|-heal|p1a: Kartana|223\/259|[from] Grassy Terrain
|upkeep
|c|☆Telos Karma|xd
|-message|RaiRaiden se rindió.
|
|win|Telos Karma
Telos Karma ha ganado 8 PokeDolares.
|raw|Puntaje de Telos Karma: 1210 &rarr; <strong>1240<\/strong><br \/>(+30 por ganar)
|raw|Puntaje de RaiRaiden: 1286 &rarr; <strong>1256<\/strong><br \/>(-30 por perder)
|c|☆Telos Karma|xdxd
</script>
</div>
<div class="battle-log battle-log-inline"><div class="inner"><div class="battle-options"></div><div class="inner"><div class=""><small>Format:</small> <br><strong>OU</strong></div><div class="rated"><strong>Rated battle</strong></div><div class=""><small><em>Cláusula-Mod de Dormir:</em> solo puedes dormir a uno de tus oponentes a la vez.</small></div><div class=""><small><em>Cláusula de Especie:</em> Hasta un Pokémon de cada especie</small></div><div class=""><small><em>Cláusula de Golpe Fulminante:</em> los movimientos fulminantes (OHKO) estan prohibidos</small></div><div class=""><small><em>Cláusula de Veleta:</em> la habilidad Veleta está prohibida</small></div><div class=""><small><em>Cláusula de Movimientos Evasivos:</em> los movimientos de Evasión están prohibidos.</small></div><div class=""><small><em>Cláusula de Batallas Eternas:</em> forzar batallas eternas está prohibido</small></div><div class="chat battle-history"><strong>Telos Karma's team:</strong> <em style="color:#445566;display:block;">Kartana / Heatran / Tapu Lele / Alakazam / Tangrowth / Gliscor</em></div><div class="chat battle-history"><strong>RaiRaiden's team:</strong> <em style="color:#445566;display:block;">Froslass / Bisharp / Toxapex / Chansey / Manectric / Tapu Bulu</em></div><div class="spacer battle-history"><br></div><div class="battle-history">Battle started between Telos Karma and RaiRaiden!<br></div><div class="spacer battle-history"><br></div><div class="battle-history">Go! <strong>Heatran</strong>!<br></div><div class="spacer battle-history"><br></div><div class="battle-history">RaiRaiden sent out <strong>Froslass</strong>!<br></div><div class="spacer battle-history"><br></div><h2 class="battle-history">Turn 1</h2><div class="chat message-error">Reloj de batalla ENCENDIDO. El jugador inactivo será descalificado (solicitado por Telos Karma).</div><div class="spacer battle-history"><br></div><div class="battle-history">RaiRaiden withdrew Froslass!<br></div><div class="battle-history">RaiRaiden sent out <strong>Chansey</strong>!<br></div><div class="spacer battle-history"><br></div><div class="battle-history">Heatran used <strong>Magma Storm</strong>!<br></div><div class="battle-history"><small>(The opposing Chansey lost <abbr title="−85/703">12.1%</abbr> of its health!)</small><br></div><div class="battle-history"><small>The opposing Chansey became trapped by swirling magma!</small><br></div><div class="spacer battle-history"><br></div><div class="battle-history"><small>The opposing Chansey is hurt by Magma Storm!</small><br></div><div class="spacer battle-history"><br></div><h2 class="battle-history">Turn 2</h2><div class="spacer battle-history"><br></div><div class="battle-history">Heatran used <strong>Toxic</strong>!<br></div><div class="battle-history"><small>The opposing Chansey was badly poisoned!</small><br></div><div class="spacer battle-history"><br></div><div class="battle-history">The opposing Chansey used <strong>Seismic Toss</strong>!<br></div><div class="battle-history"><small>(Heatran lost <abbr title="−100/385">26.0%</abbr> of its health!)</small><br></div><div class="spacer battle-history"><br></div><div class="battle-history"><small>Heatran restored a little HP using its Leftovers!</small><br></div><div class="battle-history"><small>The opposing Chansey was hurt by poison!</small><br></div><div class="battle-history"><small>The opposing Chansey is hurt by Magma Storm!</small><br></div><div class="spacer battle-history"><br></div><h2 class="battle-history">Turn 3</h2><div class="spacer battle-history"><br></div><div class="battle-history">Heatran used <strong>Stealth Rock</strong>!<br></div><div class="battle-history"><small>Pointed stones float in the air around the opposing team!</small><br></div><div class="spacer battle-history"><br></div><div class="battle-history">The opposing Chansey used <strong>Stealth Rock</strong>!<br></div><div class="battle-history"><small>Pointed stones float in the air around your team!</small><br></div><div class="spacer battle-history"><br></div><div class="battle-history"><small>Heatran restored a little HP using its Leftovers!</small><br></div><div class="battle-history"><small>The opposing Chansey was hurt by poison!</small><br></div><div class="battle-history"><small>The opposing Chansey is hurt by Magma Storm!</small><br></div><div class="spacer battle-history"><br></div><h2 class="battle-history">Turn 4</h2><div class="spacer battle-history"><br></div><div class="battle-history">Heatran used <strong>Magma Storm</strong>!<br></div><div class="battle-history"><small>The opposing Chansey avoided the attack!</small><br></div><div class="spacer battle-history"><br></div><div class="battle-history">The opposing Chansey used <strong>Soft-Boiled</strong>!<br></div><div class="battle-history"><small>The opposing Chansey restored its HP.</small><br></div><div class="spacer battle-history"><br></div><div class="battle-history"><small>Heatran restored a little HP using its Leftovers!</small><br></div><div class="battle-history"><small>The opposing Chansey was hurt by poison!</small><br></div><div class="battle-history"><small>The opposing Chansey is hurt by Magma Storm!</small><br></div><div class="spacer battle-history"><br></div><h2 class="battle-history">Turn 5</h2><div class="spacer battle-history"><br></div><div class="battle-history">Heatran, come back!<br></div><div class="battle-history">Go! <strong>Kartana</strong>!<br></div><div class="battle-history"><small>Pointed stones dug into Kartana!</small><br></div><div class="spacer battle-history"><br></div><div class="battle-history">The opposing Chansey used <strong>Soft-Boiled</strong>!<br></div><div class="battle-history"><small>The opposing Chansey restored its HP.</small><br></div><div class="spacer battle-history"><br></div><div class="battle-history"><small>The opposing Chansey was hurt by poison!</small><br></div><div class="battle-history"><small>The opposing Chansey was freed from Magma Storm!</small><br></div><div class="spacer battle-history"><br></div><h2 class="battle-history">Turn 6</h2><div class="chat chatmessage-teloskarma"><strong style="color:hsl(271,86%,53.24867559475059%)"><small>☆</small><span class="username" data-name="Telos Karma">Telos Karma</span>:</strong> <em>y su switch in?</em></div><div class="spacer battle-history"><br></div><div class="battle-history"><small>(The opposing Chansey is cured by its Natural Cure!)</small><br></div><div class="battle-history">RaiRaiden withdrew Chansey!<br></div><div class="battle-history">RaiRaiden sent out <strong>Toxapex</strong>!<br></div><div class="battle-history"><small>Pointed stones dug into the opposing Toxapex!</small><br></div><div class="spacer battle-history"><br></div><div class="battle-history">Kartana used <strong>Leaf Blade</strong>!<br></div><div class="battle-history"><small>(The opposing Toxapex lost <abbr title="−115/304">37.8%</abbr> of its health!)</small><br></div><div class="spacer battle-history"><br></div><div class="battle-history"><small>The opposing Toxapex restored a little HP using its Black Sludge!</small><br></div><div class="spacer battle-history"><br></div><h2 class="battle-history">Turn 7</h2><div class="chat chatmessage-teloskarma"><strong style="color:hsl(271,86%,53.24867559475059%)"><small>☆</small><span class="username" data-name="Telos Karma">Telos Karma</span>:</strong> <em>porque pitos</em></div><div class="chat chatmessage-teloskarma"><strong style="color:hsl(271,86%,53.24867559475059%)"><small>☆</small><span class="username" data-name="Telos Karma">Telos Karma</span>:</strong> <em>hablo antes</em></div><div class="spacer battle-history"><br></div><div class="battle-history">Kartana, come back!<br></div><div class="battle-history">Go! <strong>Tapu Lele</strong>!<br></div><div class="battle-history"><small>Pointed stones dug into Tapu Lele!</small><br></div><div class="battle-history"><small>[Tapu Lele's Psychic Surge]</small><br><small>The battlefield got weird!</small><br></div><div class="spacer battle-history"><br></div><div class="battle-history">The opposing Toxapex used <strong>Toxic Spikes</strong>!<br></div><div class="battle-history"><small>Poison spikes were scattered on the ground all around your team!</small><br></div><div class="spacer battle-history"><br></div><div class="battle-history"><small>The opposing Toxapex restored a little HP using its Black Sludge!</small><br></div><div class="spacer battle-history"><br></div><h2 class="battle-history">Turn 8</h2><div class="chat chatmessage-teloskarma"><strong style="color:hsl(271,86%,53.24867559475059%)"><small>☆</small><span class="username" data-name="Telos Karma">Telos Karma</span>:</strong> <em>luk at dizzzzzz</em></div><div class="chat message-error">RaiRaiden tiene 135 segundos restantes.</div><div class="spacer battle-history"><br></div><div class="battle-history">RaiRaiden withdrew Toxapex!<br></div><div class="battle-history">RaiRaiden sent out <strong>Bisharp</strong>!<br></div><div class="battle-history"><small>Pointed stones dug into the opposing Bisharp!</small><br></div><div class="spacer battle-history"><br></div><div class="battle-history">Tapu Lele used <strong>Psyshock</strong>!<br></div><div class="battle-history"><small>It doesn't affect the opposing Bisharp...</small><br></div><div class="spacer battle-history"><br></div><h2 class="battle-history">Turn 9</h2><div class="spacer battle-history"><br></div><div class="battle-history">Tapu Lele used <strong>Moonblast</strong>!<br></div><div class="battle-history"><small>(The opposing Bisharp lost <abbr title="−225/272">82.7%</abbr> of its health!)</small><br></div><div class="battle-history"><small>The opposing Bisharp's Special Attack fell!</small><br></div><div class="battle-history"><small>[The opposing Bisharp's Defiant]</small><br></div><div class="battle-history"><small>The opposing Bisharp's Attack rose sharply!</small><br></div><div class="spacer battle-history"><br></div><div class="battle-history">The opposing Bisharp used <strong>Knock Off</strong>!<br></div><div class="battle-history"><small>(Tapu Lele lost <abbr title="−274/313">87.5%</abbr> of its health!)</small><br></div><div class="battle-history"><small>The opposing Bisharp lost some of its HP!</small><br></div><div class="spacer battle-history"><br></div><div class="battle-history">Tapu Lele fainted!<br></div><div class="chat chatmessage-teloskarma"><strong style="color:hsl(271,86%,53.24867559475059%)"><small>☆</small><span class="username" data-name="Telos Karma">Telos Karma</span>:</strong> <em>k</em></div><div class="spacer battle-history"><br></div><div class="battle-history">Go! <strong>Kartana</strong>!<br></div><div class="battle-history"><small>Pointed stones dug into Kartana!</small><br></div><div class="spacer battle-history"><br></div><h2 class="battle-history">Turn 10</h2><div class="spacer battle-history"><br></div><div class="battle-history">The opposing Bisharp used <strong>Sucker Punch</strong>!<br></div><div class="battle-history"><small>Kartana surrounds itself with psychic terrain!</small><br></div><div class="spacer battle-history"><br></div><div class="battle-history">Kartana used <strong>Leaf Blade</strong>!<br></div><div class="battle-history"><small>It's not very effective...</small><br></div><div class="battle-history"><small>(The opposing Bisharp lost <abbr title="−3/272">1.1%</abbr> of its health!)</small><br></div><div class="spacer battle-history"><br></div><div class="battle-history">The opposing Bisharp fainted!<br></div><div class="battle-history"><small>[Kartana's Beast Boost]</small><br></div><div class="battle-history"><small>Kartana's Attack rose!</small><br></div><div class="chat chatmessage-teloskarma"><strong style="color:hsl(271,86%,53.24867559475059%)"><small>☆</small><span class="username" data-name="Telos Karma">Telos Karma</span>:</strong> <em>0lv</em></div><div class="spacer battle-history"><br></div><div class="battle-history">RaiRaiden sent out <strong>Manectric</strong>!<br></div><div class="battle-history"><small>Pointed stones dug into the opposing Manectric!</small><br></div><div class="spacer battle-history"><br></div><h2 class="battle-history">Turn 11</h2><div class="chat chatmessage-lordander"><strong style="color:hsl(342,88%,40.918808770181535%)"><small> </small><span class="username" data-name="Lord Ander ♛">Lord Ander ♛</span>:</strong> <em>es scarf</em></div><div class="chat chatmessage-lordander"><strong style="color:hsl(342,88%,40.918808770181535%)"><small> </small><span class="username" data-name="Lord Ander ♛">Lord Ander ♛</span>:</strong> <em>reveal it</em></div><div class="chat chatmessage-lordander"><strong style="color:hsl(342,88%,40.918808770181535%)"><small> </small><span class="username" data-name="Lord Ander ♛">Lord Ander ♛</span>:</strong> <em>ya</em></div><div class="chat message-error">Telos Karma tiene 135 segundos restantes.</div><div class="chat chatmessage-teloskarma"><strong style="color:hsl(271,86%,53.24867559475059%)"><small>☆</small><span class="username" data-name="Telos Karma">Telos Karma</span>:</strong> <em>que no le tiro ohko iwal?</em></div><div class="spacer battle-history"><br></div><div class="battle-history">Kartana, come back!<br></div><div class="battle-history">Go! <strong>Heatran</strong>!<br></div><div class="battle-history"><small>Pointed stones dug into Heatran!</small><br></div><div class="spacer battle-history"><br></div><div class="battle-history"><small>The opposing Manectric's Manectite is reacting to the Key Stone!</small><br>The opposing Manectric has Mega Evolved into Mega Manectric!<br></div><div class="battle-history"><small>[The opposing Manectric's Intimidate]</small><br></div><div class="battle-history"><small>Heatran's Attack fell!</small><br></div><div class="spacer battle-history"><br></div><div class="battle-history">The opposing Manectric used <strong>Volt Switch</strong>!<br></div><div class="battle-history"><small>(Heatran lost <abbr title="−102/385">26.5%</abbr> of its health!)</small><br></div><div class="chat chatmessage-lordander"><strong style="color:hsl(342,88%,40.918808770181535%)"><small> </small><span class="username" data-name="Lord Ander ♛">Lord Ander ♛</span>:</strong> <em>no le das</em></div><div class="chat chatmessage-teloskarma"><strong style="color:hsl(271,86%,53.24867559475059%)"><small>☆</small><span class="username" data-name="Telos Karma">Telos Karma</span>:</strong> <em>obvi lo c papi</em></div><div class="chat message-error">RaiRaiden tiene 135 segundos restantes.</div><div class="spacer battle-history"><br></div><div class="battle-history">The opposing Manectric went back to RaiRaiden!<br></div><div class="battle-history">RaiRaiden sent out <strong>Froslass</strong>!<br></div><div class="battle-history"><small>Pointed stones dug into the opposing Froslass!</small><br></div><div class="spacer battle-history"><br></div><div class="battle-history"><small>Heatran restored a little HP using its Leftovers!</small><br></div><div class="battle-history"><small>The weirdness disappeared from the battlefield!</small><br></div><div class="spacer battle-history"><br></div><h2 class="battle-history">Turn 12</h2><div class="spacer battle-history"><br></div><div class="battle-history">The opposing Froslass used <strong>Destiny Bond</strong>!<br></div><div class="battle-history">The opposing Froslass is hoping to take its attacker down with it!<br></div><div class="spacer battle-history"><br></div><div class="battle-history">Heatran used <strong>Magma Storm</strong>!<br></div><div class="battle-history"><small>It's super effective!</small><br></div><div class="battle-history"><small>(The opposing Froslass lost <abbr title="−212/282">75.2%</abbr> of its health!)</small><br></div><div class="spacer battle-history"><br></div><div class="battle-history">The opposing Froslass fainted!<br></div><div class="battle-history"><small>The opposing Froslass took its attacker down with it!</small><br></div><div class="spacer battle-history"><br></div><div class="battle-history">Heatran fainted!<br></div><div class="chat chatmessage-teloskarma"><strong style="color:hsl(271,86%,53.24867559475059%)"><small>☆</small><span class="username" data-name="Telos Karma">Telos Karma</span>:</strong> <em>webos que no fallo</em></div><div class="spacer battle-history"><br></div><div class="battle-history">RaiRaiden sent out Manectric (<strong>Manectric-Mega</strong>)!<br></div><div class="spacer battle-history"><br></div><div class="battle-history">Go! <strong>Gliscor</strong>!<br></div><div class="battle-history"><small>Pointed stones dug into the opposing Manectric!</small><br></div><div class="battle-history"><small>[The opposing Manectric's Intimidate]</small><br></div><div class="battle-history"><small>Gliscor's Attack fell!</small><br></div><div class="battle-history"><small>Pointed stones dug into Gliscor!</small><br></div><div class="spacer battle-history"><br></div><h2 class="battle-history">Turn 13</h2><div class="spacer battle-history"><br></div><div class="battle-history">RaiRaiden withdrew Manectric!<br></div><div class="battle-history">RaiRaiden sent out <strong>Tapu Bulu</strong>!<br></div><div class="battle-history"><small>Pointed stones dug into the opposing Tapu Bulu!</small><br></div><div class="battle-history"><small>[The opposing Tapu Bulu's Grassy Surge]</small><br><small>Grass grew to cover the battlefield!</small><br></div><div class="spacer battle-history"><br></div><div class="battle-history">Gliscor used <strong>Earthquake</strong>!<br></div><div class="battle-history"><small>It's not very effective...</small><br></div><div class="battle-history"><small>(The opposing Tapu Bulu lost <abbr title="−16/321">5.0%</abbr> of its health!)</small><br></div><div class="spacer battle-history"><br></div><div class="battle-history"><small>The opposing Tapu Bulu restored a little HP using its Leftovers!</small><br></div><div class="battle-history"><small>The opposing Tapu Bulu restored HP using its Grassy Terrain!</small><br></div><div class="battle-history"><small>Gliscor was badly poisoned!</small><br></div><div class="spacer battle-history"><br></div><h2 class="battle-history">Turn 14</h2><div class="spacer battle-history"><br></div><div class="battle-history">Gliscor used <strong>Defog</strong>!<br></div><div class="battle-history"><small>The opposing Tapu Bulu's evasiveness fell!</small><br></div><div class="battle-history"><small>The pointed stones disappeared from around the opposing team!</small><br></div><div class="battle-history"><small>The poison spikes disappeared from the ground around your team!</small><br></div><div class="battle-history"><small>The pointed stones disappeared from around your team!</small><br></div><div class="spacer battle-history"><br></div><div class="battle-history">The opposing Tapu Bulu used <strong>Substitute</strong>!<br></div><div class="battle-history"><small>The opposing Tapu Bulu put in a substitute!</small><br></div><div class="battle-history"><small>(The opposing Tapu Bulu lost <abbr title="−80/321">24.9%</abbr> of its health!)</small><br></div><div class="spacer battle-history"><br></div><div class="battle-history"><small>The opposing Tapu Bulu restored a little HP using its Leftovers!</small><br></div><div class="battle-history"><small>The opposing Tapu Bulu restored HP using its Grassy Terrain!</small><br></div><div class="battle-history"><small>[Gliscor's Poison Heal]</small><br><small>Gliscor restored its HP.</small><br></div><div class="spacer battle-history"><br></div><h2 class="battle-history">Turn 15</h2><div class="spacer battle-history"><br></div><div class="battle-history">Gliscor, come back!<br></div><div class="battle-history">Go! <strong>Tangrowth</strong>!<br></div><div class="spacer battle-history"><br></div><div class="battle-history">RaiRaiden withdrew Tapu Bulu!<br></div><div class="battle-history">RaiRaiden sent out <strong>Chansey</strong>!<br></div><div class="spacer battle-history"><br></div><div class="battle-history"><small>The opposing Chansey restored HP using its Grassy Terrain!</small><br></div><div class="spacer battle-history"><br></div><h2 class="battle-history">Turn 16</h2><div class="spacer battle-history"><br></div><div class="battle-history">The opposing Chansey used <strong>Toxic</strong>!<br></div><div class="battle-history"><small>Tangrowth was badly poisoned!</small><br></div><div class="spacer battle-history"><br></div><div class="battle-history">Tangrowth used <strong>Knock Off</strong>!<br></div><div class="battle-history"><small>(The opposing Chansey lost <abbr title="−98/703">13.9%</abbr> of its health!)</small><br></div><div class="battle-history"><small>Tangrowth knocked off the opposing Chansey's Eviolite!</small><br></div><div class="spacer battle-history"><br></div><div class="battle-history"><small>The opposing Chansey restored HP using its Grassy Terrain!</small><br></div><div class="battle-history"><small>Tangrowth was hurt by poison!</small><br></div><div class="spacer battle-history"><br></div><h2 class="battle-history">Turn 17</h2><div class="spacer battle-history"><br></div><div class="battle-history">Tangrowth, come back!<br></div><div class="battle-history">Go! <strong>Kartana</strong>!<br></div><div class="spacer battle-history"><br></div><div class="battle-history">The opposing Chansey used <strong>Stealth Rock</strong>!<br></div><div class="battle-history"><small>Pointed stones float in the air around your team!</small><br></div><div class="spacer battle-history"><br></div><div class="battle-history"><small>Kartana restored HP using its Grassy Terrain!</small><br></div><div class="battle-history"><small>The opposing Chansey restored HP using its Grassy Terrain!</small><br></div><div class="battle-history"><small>The grass disappeared from the battlefield.</small><br></div><div class="spacer battle-history"><br></div><h2 class="battle-history">Turn 18</h2><div class="spacer battle-history"><br></div><div class="battle-history">RaiRaiden withdrew Chansey!<br></div><div class="battle-history">RaiRaiden sent out <strong>Toxapex</strong>!<br></div><div class="spacer battle-history"><br></div><div class="battle-history">Kartana used <strong>Leaf Blade</strong>!<br></div><div class="battle-history"><small>(The opposing Toxapex lost <abbr title="−114/304">37.5%</abbr> of its health!)</small><br></div><div class="spacer battle-history"><br></div><div class="battle-history"><small>The opposing Toxapex restored a little HP using its Black Sludge!</small><br></div><div class="spacer battle-history"><br></div><h2 class="battle-history">Turn 19</h2><div class="spacer battle-history"><br></div><div class="battle-history">Kartana, come back!<br></div><div class="battle-history">Go! <strong>Gliscor</strong>!<br></div><div class="battle-history"><small>Pointed stones dug into Gliscor!</small><br></div><div class="spacer battle-history"><br></div><div class="battle-history">The opposing Toxapex used <strong>Scald</strong>!<br></div><div class="battle-history"><small>It's super effective!</small><br></div><div class="battle-history"><small>(Gliscor lost <abbr title="−122/352">34.7%</abbr> of its health!)</small><br></div><div class="spacer battle-history"><br></div><div class="battle-history"><small>The opposing Toxapex restored a little HP using its Black Sludge!</small><br></div><div class="battle-history"><small>[Gliscor's Poison Heal]</small><br><small>Gliscor restored its HP.</small><br></div><div class="spacer battle-history"><br></div><h2 class="battle-history">Turn 20</h2><div class="spacer battle-history"><br></div><div class="battle-history">Gliscor used <strong>Defog</strong>!<br></div><div class="battle-history"><small>The opposing Toxapex's evasiveness fell!</small><br></div><div class="battle-history"><small>The pointed stones disappeared from around your team!</small><br></div><div class="spacer battle-history"><br></div><div class="battle-history">The opposing Toxapex used <strong>Scald</strong>!<br></div><div class="battle-history"><small>It's super effective!</small><br></div><div class="battle-history"><small>(Gliscor lost <abbr title="−110/352">31.3%</abbr> of its health!)</small><br></div><div class="spacer battle-history"><br></div><div class="battle-history"><small>The opposing Toxapex restored a little HP using its Black Sludge!</small><br></div><div class="battle-history"><small>[Gliscor's Poison Heal]</small><br><small>Gliscor restored its HP.</small><br></div><div class="spacer battle-history"><br></div><h2 class="battle-history">Turn 21</h2><div class="spacer battle-history"><br></div><div class="battle-history">Gliscor used <strong>Earthquake</strong>!<br></div><div class="battle-history"><small>It's super effective!</small><br></div><div class="battle-history"><small>(The opposing Toxapex lost <abbr title="−120/304">39.5%</abbr> of its health!)</small><br></div><div class="spacer battle-history"><br></div><div class="battle-history">The opposing Toxapex used <strong>Scald</strong>!<br></div><div class="battle-history"><small>It's super effective!</small><br></div><div class="battle-history"><small>(Gliscor lost <abbr title="−114/352">32.4%</abbr> of its health!)</small><br></div><div class="spacer battle-history"><br></div><div class="battle-history"><small>The opposing Toxapex restored a little HP using its Black Sludge!</small><br></div><div class="battle-history"><small>[Gliscor's Poison Heal]</small><br><small>Gliscor restored its HP.</small><br></div><div class="spacer battle-history"><br></div><h2 class="battle-history">Turn 22</h2><div class="spacer battle-history"><br></div><div class="battle-history">Gliscor used <strong>Earthquake</strong>!<br></div><div class="battle-history"><small>It's super effective!</small><br></div><div class="battle-history"><small>(The opposing Toxapex lost <abbr title="−122/304">40.1%</abbr> of its health!)</small><br></div><div class="spacer battle-history"><br></div><div class="battle-history">The opposing Toxapex used <strong>Scald</strong>!<br></div><div class="battle-history"><small>It's super effective!</small><br></div><div class="battle-history"><small>(Gliscor lost <abbr title="−94/352">26.7%</abbr> of its health!)</small><br></div><div class="spacer battle-history"><br></div><div class="battle-history">Gliscor fainted!<br></div><div class="spacer battle-history"><br></div><div class="battle-history"><small>The opposing Toxapex restored a little HP using its Black Sludge!</small><br></div><div class="spacer battle-history"><br></div><div class="battle-history">Go! <strong>Kartana</strong>!<br></div><div class="spacer battle-history"><br></div><h2 class="battle-history">Turn 23</h2><div class="spacer battle-history"><br></div><div class="battle-history">RaiRaiden withdrew Toxapex!<br></div><div class="battle-history">RaiRaiden sent out <strong>Chansey</strong>!<br></div><div class="spacer battle-history"><br></div><div class="battle-history">Kartana used <strong>Leaf Blade</strong>!<br></div><div class="battle-history"><small>A critical hit!</small><br></div><div class="battle-history"><small>(The opposing Chansey lost <abbr title="−562/703">79.9%</abbr> of its health!)</small><br></div><div class="spacer battle-history"><br></div><div class="battle-history">The opposing Chansey fainted!<br></div><div class="battle-history"><small>[Kartana's Beast Boost]</small><br></div><div class="battle-history"><small>Kartana's Attack rose!</small><br></div><div class="spacer battle-history"><br></div><div class="battle-history">RaiRaiden sent out Manectric (<strong>Manectric-Mega</strong>)!<br></div><div class="battle-history"><small>[The opposing Manectric's Intimidate]</small><br></div><div class="battle-history"><small>Kartana's Attack fell!</small><br></div><div class="spacer battle-history"><br></div><h2 class="battle-history">Turn 24</h2><div class="spacer battle-history"><br></div><div class="battle-history">Kartana, come back!<br></div><div class="battle-history">Go! <strong>Tangrowth</strong>!<br></div><div class="spacer battle-history"><br></div><div class="battle-history">RaiRaiden withdrew Manectric!<br></div><div class="battle-history">RaiRaiden sent out <strong>Tapu Bulu</strong>!<br></div><div class="battle-history"><small>[The opposing Tapu Bulu's Grassy Surge]</small><br><small>Grass grew to cover the battlefield!</small><br></div><div class="spacer battle-history"><br></div><div class="battle-history"><small>The opposing Tapu Bulu restored a little HP using its Leftovers!</small><br></div><div class="battle-history"><small>The opposing Tapu Bulu restored HP using its Grassy Terrain!</small><br></div><div class="battle-history"><small>Tangrowth was hurt by poison!</small><br></div><div class="spacer battle-history"><br></div><h2 class="battle-history">Turn 25</h2><div class="spacer battle-history"><br></div><div class="battle-history">The opposing Tapu Bulu used <strong>Substitute</strong>!<br></div><div class="battle-history"><small>The opposing Tapu Bulu put in a substitute!</small><br></div><div class="battle-history"><small>(The opposing Tapu Bulu lost <abbr title="−80/321">24.9%</abbr> of its health!)</small><br></div><div class="spacer battle-history"><br></div><div class="battle-history">Tangrowth used <strong>Sludge Bomb</strong>!<br></div><div class="battle-history"><small>It's super effective!</small><br></div><div class="battle-history"><small>The opposing Tapu Bulu's substitute faded!</small><br></div><div class="spacer battle-history"><br></div><div class="battle-history"><small>The opposing Tapu Bulu restored a little HP using its Leftovers!</small><br></div><div class="battle-history"><small>The opposing Tapu Bulu restored HP using its Grassy Terrain!</small><br></div><div class="battle-history"><small>Tangrowth restored HP using its Grassy Terrain!</small><br></div><div class="battle-history"><small>Tangrowth was hurt by poison!</small><br></div><div class="spacer battle-history"><br></div><h2 class="battle-history">Turn 26</h2><div class="spacer battle-history"><br></div><div class="battle-history">The opposing Tapu Bulu used <strong>Protect</strong>!<br></div><div class="battle-history"><small>The opposing Tapu Bulu protected itself!</small><br></div><div class="spacer battle-history"><br></div><div class="battle-history">Tangrowth used <strong>Sludge Bomb</strong>!<br></div><div class="battle-history"><small>The opposing Tapu Bulu protected itself!</small><br></div><div class="spacer battle-history"><br></div><div class="battle-history"><small>The opposing Tapu Bulu restored a little HP using its Leftovers!</small><br></div><div class="battle-history"><small>The opposing Tapu Bulu restored HP using its Grassy Terrain!</small><br></div><div class="battle-history"><small>Tangrowth restored HP using its Grassy Terrain!</small><br></div><div class="battle-history"><small>Tangrowth was hurt by poison!</small><br></div><div class="spacer battle-history"><br></div><h2 class="battle-history">Turn 27</h2><div class="spacer battle-history"><br></div><div class="battle-history">The opposing Tapu Bulu used <strong>Substitute</strong>!<br></div><div class="battle-history"><small>The opposing Tapu Bulu put in a substitute!</small><br></div><div class="battle-history"><small>(The opposing Tapu Bulu lost <abbr title="−80/321">24.9%</abbr> of its health!)</small><br></div><div class="spacer battle-history"><br></div><div class="battle-history">Tangrowth used <strong>Sludge Bomb</strong>!<br></div><div class="battle-history"><small>It's super effective!</small><br></div><div class="battle-history"><small>The opposing Tapu Bulu's substitute faded!</small><br></div><div class="spacer battle-history"><br></div><div class="battle-history"><small>The opposing Tapu Bulu restored a little HP using its Leftovers!</small><br></div><div class="battle-history"><small>The opposing Tapu Bulu restored HP using its Grassy Terrain!</small><br></div><div class="battle-history"><small>Tangrowth restored HP using its Grassy Terrain!</small><br></div><div class="battle-history"><small>Tangrowth was hurt by poison!</small><br></div><div class="spacer battle-history"><br></div><h2 class="battle-history">Turn 28</h2><div class="spacer battle-history"><br></div><div class="battle-history">Tangrowth, come back!<br></div><div class="battle-history">Go! <strong>Kartana</strong>!<br></div><div class="spacer battle-history"><br></div><div class="battle-history">The opposing Tapu Bulu used <strong>Substitute</strong>!<br></div><div class="battle-history"><small>The opposing Tapu Bulu put in a substitute!</small><br></div><div class="battle-history"><small>(The opposing Tapu Bulu lost <abbr title="−80/321">24.9%</abbr> of its health!)</small><br></div><div class="spacer battle-history"><br></div><div class="battle-history"><small>Kartana restored HP using its Grassy Terrain!</small><br></div><div class="battle-history"><small>The opposing Tapu Bulu restored a little HP using its Leftovers!</small><br></div><div class="battle-history"><small>The opposing Tapu Bulu restored HP using its Grassy Terrain!</small><br></div><div class="battle-history"><small>The grass disappeared from the battlefield.</small><br></div><div class="spacer battle-history"><br></div><h2 class="battle-history">Turn 29</h2><div class="spacer battle-history"><br></div><div class="battle-history">Kartana used <strong>Smart Strike</strong>!<br></div><div class="battle-history"><small>It's super effective!</small><br></div><div class="battle-history"><small>The opposing Tapu Bulu's substitute faded!</small><br></div><div class="spacer battle-history"><br></div><div class="battle-history">The opposing Tapu Bulu used <strong>Horn Leech</strong>!<br></div><div class="battle-history"><small>It's not very effective...</small><br></div><div class="battle-history"><small>(Kartana lost <abbr title="−27/259">10.4%</abbr> of its health!)</small><br></div><div class="battle-history"><small>Kartana had its energy drained!</small><br></div><div class="spacer battle-history"><br></div><div class="battle-history"><small>The opposing Tapu Bulu restored a little HP using its Leftovers!</small><br></div><div class="spacer battle-history"><br></div><h2 class="battle-history">Turn 30</h2><div class="spacer battle-history"><br></div><div class="battle-history">Kartana, come back!<br></div><div class="battle-history">Go! <strong>Alakazam</strong>!<br></div><div class="spacer battle-history"><br></div><div class="battle-history">RaiRaiden withdrew Tapu Bulu!<br></div><div class="battle-history">RaiRaiden sent out <strong>Toxapex</strong>!<br></div><div class="spacer battle-history"><br></div><div class="battle-history"><small>The opposing Toxapex restored a little HP using its Black Sludge!</small><br></div><div class="spacer battle-history"><br></div><h2 class="battle-history">Turn 31</h2><div class="chat chatmessage-teloskarma"><strong style="color:hsl(271,86%,53.24867559475059%)"><small>☆</small><span class="username" data-name="Telos Karma">Telos Karma</span>:</strong> <em>ezzz</em></div><div class="spacer battle-history"><br></div><div class="battle-history"><small>Alakazam's Alakazite is reacting to the Key Stone!</small><br>Alakazam has Mega Evolved into Mega Alakazam!<br></div><div class="battle-history"><small>[Alakazam's Trace]</small><br><small>[Alakazam's Regenerator]</small><br><small>Alakazam traced the opposing Toxapex's Regenerator!</small><br></div><div class="spacer battle-history"><br></div><div class="battle-history">Alakazam used <strong>Psychic</strong>!<br></div><div class="battle-history"><small>It's super effective!</small><br></div><div class="battle-history"><small>(The opposing Toxapex lost <abbr title="−149/304">49.0%</abbr> of its health!)</small><br></div><div class="spacer battle-history"><br></div><div class="battle-history">The opposing Toxapex fainted!<br></div><div class="chat chatmessage-lordander"><strong style="color:hsl(342,88%,40.918808770181535%)"><small> </small><span class="username" data-name="Lord Ander ♛">Lord Ander ♛</span>:</strong> <em>xd</em></div><div class="spacer battle-history"><br></div><div class="battle-history">RaiRaiden sent out <strong>Tapu Bulu</strong>!<br></div><div class="battle-history"><small>[The opposing Tapu Bulu's Grassy Surge]</small><br><small>Grass grew to cover the battlefield!</small><br></div><div class="spacer battle-history"><br></div><h2 class="battle-history">Turn 32</h2><div class="chat chatmessage-teloskarma"><strong style="color:hsl(271,86%,53.24867559475059%)"><small>☆</small><span class="username" data-name="Telos Karma">Telos Karma</span>:</strong> <em>gg</em></div><div class="spacer battle-history"><br></div><div class="battle-history">Alakazam, come back!<br></div><div class="battle-history">Go! <strong>Tangrowth</strong>!<br></div><div class="spacer battle-history"><br></div><div class="battle-history">The opposing Tapu Bulu used <strong>Horn Leech</strong>!<br></div><div class="battle-history"><small>It's not very effective...</small><br></div><div class="battle-history"><small>(Tangrowth lost <abbr title="−88/399">22.1%</abbr> of its health!)</small><br></div><div class="battle-history"><small>Tangrowth had its energy drained!</small><br></div><div class="spacer battle-history"><br></div><div class="battle-history"><small>The opposing Tapu Bulu restored a little HP using its Leftovers!</small><br></div><div class="battle-history"><small>Tangrowth restored HP using its Grassy Terrain!</small><br></div><div class="battle-history"><small>Tangrowth was hurt by poison!</small><br></div><div class="spacer battle-history"><br></div><h2 class="battle-history">Turn 33</h2><div class="spacer battle-history"><br></div><div class="battle-history">The opposing Tapu Bulu used <strong>Substitute</strong>!<br></div><div class="battle-history"><small>The opposing Tapu Bulu put in a substitute!</small><br></div><div class="battle-history"><small>(The opposing Tapu Bulu lost <abbr title="−80/321">24.9%</abbr> of its health!)</small><br></div><div class="spacer battle-history"><br></div><div class="battle-history">Tangrowth used <strong>Sludge Bomb</strong>!<br></div><div class="battle-history"><small>It's super effective!</small><br></div><div class="battle-history"><small>The opposing Tapu Bulu's substitute faded!</small><br></div><div class="spacer battle-history"><br></div><div class="battle-history"><small>The opposing Tapu Bulu restored a little HP using its Leftovers!</small><br></div><div class="battle-history"><small>The opposing Tapu Bulu restored HP using its Grassy Terrain!</small><br></div><div class="battle-history"><small>Tangrowth restored HP using its Grassy Terrain!</small><br></div><div class="battle-history"><small>Tangrowth was hurt by poison!</small><br></div><div class="spacer battle-history"><br></div><h2 class="battle-history">Turn 34</h2><div class="spacer battle-history"><br></div><div class="battle-history">Tangrowth, come back!<br></div><div class="battle-history">Go! <strong>Kartana</strong>!<br></div><div class="spacer battle-history"><br></div><div class="battle-history">The opposing Tapu Bulu used <strong>Horn Leech</strong>!<br></div><div class="battle-history"><small>It's not very effective...</small><br></div><div class="battle-history"><small>(Kartana lost <abbr title="−41/259">15.8%</abbr> of its health!)</small><br></div><div class="battle-history"><small>Kartana had its energy drained!</small><br></div><div class="spacer battle-history"><br></div><div class="battle-history"><small>Kartana restored HP using its Grassy Terrain!</small><br></div><div class="battle-history"><small>The opposing Tapu Bulu restored a little HP using its Leftovers!</small><br></div><div class="spacer battle-history"><br></div><h2 class="battle-history">Turn 35</h2><div class="spacer battle-history"><br></div><div class="battle-history">RaiRaiden withdrew Tapu Bulu!<br></div><div class="battle-history">RaiRaiden sent out Manectric (<strong>Manectric-Mega</strong>)!<br></div><div class="battle-history"><small>[The opposing Manectric's Intimidate]</small><br></div><div class="battle-history"><small>Kartana's Attack fell!</small><br></div><div class="spacer battle-history"><br></div><div class="battle-history">Kartana used <strong>Leaf Blade</strong>!<br></div><div class="battle-history"><small>(The opposing Manectric lost <abbr title="−212/282">75.2%</abbr> of its health!)</small><br></div><div class="spacer battle-history"><br></div><div class="battle-history">The opposing Manectric fainted!<br></div><div class="battle-history"><small>[Kartana's Beast Boost]</small><br></div><div class="battle-history"><small>Kartana's Attack rose!</small><br></div><div class="spacer battle-history"><br></div><div class="battle-history"><small>Kartana restored HP using its Grassy Terrain!</small><br></div><div class="chat chatmessage-teloskarma"><strong style="color:hsl(271,86%,53.24867559475059%)"><small>☆</small><span class="username" data-name="Telos Karma">Telos Karma</span>:</strong> <em>xd</em></div><div class="spacer battle-history"><br></div><div class="battle-history"><small>RaiRaiden se rindió.</small><br></div><div class="spacer battle-history"><br></div><div class="battle-history"><strong>Telos Karma</strong> won the battle!<br></div><div class="chat">Telos Karma ha ganado 8 PokeDolares.</div><div class="chat">Puntaje de Telos Karma: 1210 → <strong>1240</strong><br>(+30 por ganar)</div><div class="chat">Puntaje de RaiRaiden: 1286 → <strong>1256</strong><br>(-30 por perder)</div><div class="chat chatmessage-teloskarma"><strong style="color:hsl(271,86%,53.24867559475059%)"><small>☆</small><span class="username" data-name="Telos Karma">Telos Karma</span>:</strong> <em>xdxd</em></div></div><div class="inner-preempt"></div></div></div>
</div>
<script>
let daily = Math.floor(Date.now()/1000/60/60/24);document.write('<script src="https://play.pokemonshowdown.com/js/replay-embed.js?version'+daily+'"></'+'script>');
</script>
