<!DOCTYPE html>
<meta charset="utf-8" />
<!-- version 1 -->
<title>OU replay: Beppler vs. Gеrard Way</title>
<style>
html,body {font-family:Verdana, sans-serif;font-size:10pt;margin:0;padding:0;}body{padding:12px 0;} .battle-log {font-family:Verdana, sans-serif;font-size:10pt;} .battle-log-inline {border:1px solid #AAAAAA;background:#EEF2F5;color:black;max-width:640px;margin:0 auto 80px;padding-bottom:5px;} .battle-log .inner {padding:4px 8px 0px 8px;} .battle-log .inner-preempt {padding:0 8px 4px 8px;} .battle-log .inner-after {margin-top:0.5em;} .battle-log h2 {margin:0.5em -8px;padding:4px 8px;border:1px solid #AAAAAA;background:#E0E7EA;border-left:0;border-right:0;font-family:Verdana, sans-serif;font-size:13pt;} .battle-log .chat {vertical-align:middle;padding:3px 0 3px 0;font-size:8pt;} .battle-log .chat strong {color:#40576A;} .battle-log .chat em {padding:1px 4px 1px 3px;color:#000000;font-style:normal;} .chat.mine {background:rgba(0,0,0,0.05);margin-left:-8px;margin-right:-8px;padding-left:8px;padding-right:8px;} .spoiler {color:#BBBBBB;background:#BBBBBB;padding:0px 3px;} .spoiler:hover, .spoiler:active, .spoiler-shown {color:#000000;background:#E2E2E2;padding:0px 3px;} .spoiler a {color:#BBBBBB;} .spoiler:hover a, .spoiler:active a, .spoiler-shown a {color:#2288CC;} .chat code, .chat .spoiler:hover code, .chat .spoiler:active code, .chat .spoiler-shown code {border:1px solid #C0C0C0;background:#EEEEEE;color:black;padding:0 2px;} .chat .spoiler code {border:1px solid #CCCCCC;background:#CCCCCC;color:#CCCCCC;} .battle-log .rated {padding:3px 4px;} .battle-log .rated strong {color:white;background:#89A;padding:1px 4px;border-radius:4px;} .spacer {margin-top:0.5em;} .message-announce {background:#6688AA;color:white;padding:1px 4px 2px;} .message-announce a, .broadcast-green a, .broadcast-blue a, .broadcast-red a {color:#DDEEFF;} .broadcast-green {background-color:#559955;color:white;padding:2px 4px;} .broadcast-blue {background-color:#6688AA;color:white;padding:2px 4px;} .infobox {border:1px solid #6688AA;padding:2px 4px;} .infobox-limited {max-height:200px;overflow:auto;overflow-x:hidden;} .broadcast-red {background-color:#AA5544;color:white;padding:2px 4px;} .message-learn-canlearn {font-weight:bold;color:#228822;text-decoration:underline;} .message-learn-cannotlearn {font-weight:bold;color:#CC2222;text-decoration:underline;} .message-effect-weak {font-weight:bold;color:#CC2222;} .message-effect-resist {font-weight:bold;color:#6688AA;} .message-effect-immune {font-weight:bold;color:#666666;} .message-learn-list {margin-top:0;margin-bottom:0;} .message-throttle-notice, .message-error {color:#992222;} .message-overflow, .chat small.message-overflow {font-size:0pt;} .message-overflow::before {font-size:9pt;content:'...';} .subtle {color:#3A4A66;}
</style>
<div class="wrapper replay-wrapper" style="max-width:1180px;margin:0 auto">
<input type="hidden" name="replayid" value="destiny-ou-495703" />
<div class="battle"></div><div class="battle-log"></div><div class="replay-controls"></div><div class="replay-controls-2"></div>
<h1 style="font-weight:normal;text-align:center"><strong>OU</strong><br /><a href="http://pokemonshowdown.com/users/beppler" class="subtle" target="_blank">Beppler</a> vs. <a href="http://pokemonshowdown.com/users/grardway" class="subtle" target="_blank">Gеrard Way</a></h1>
<script type="text/plain" class="battle-log-data">|player|p1|Beppler|ilelou.gif?3d6279ed
|teamsize|p1|6
|player|p2|Gеrard Way|grardway-8.gif?e94a3d61
|teamsize|p2|6
|teamsize|p1|6
|teamsize|p2|6
|gametype|singles
|gen|7
|tier|OU
|seed|43179,45647,36092,20877
|rule|Cláusula-Mod de Dormir: solo puedes dormir a uno de tus oponentes a la vez.
|rule|Cláusula de Especie: Hasta un Pokémon de cada especie
|rule|Cláusula de Golpe Fulminante: los movimientos fulminantes (OHKO) estan prohibidos
|rule|Cláusula de Veleta: la habilidad Veleta está prohibida
|rule|Cláusula de Movimientos Evasivos: los movimientos de Evasión están prohibidos.
|rule|Cláusula de Batallas Eternas: forzar batallas eternas está prohibido
|clearpoke
|poke|p1|Ursaring, M|item
|poke|p1|Diggersby, M|item
|poke|p1|Magearna|item
|poke|p1|Mimikyu, M|item
|poke|p1|Golisopod, F|item
|poke|p1|Mesprit|item
|poke|p2|Nidoqueen, F|item
|poke|p2|Chansey, F|item
|poke|p2|Celesteela|item
|poke|p2|Kartana|item
|poke|p2|Altaria, F|item
|poke|p2|Muk-Alola, F|item
|teampreview|undefined
|c|☆Gеrard Way|Me han humillado
|c|☆Gеrard Way|:(
|c|☆Beppler|xd
|c|☆Beppler|a ursaring
|c|☆Beppler|le gusta ese team
|choice|*|*team 523416
|choice|*team 623451|*
|choice|team 6, 2, 3, 4, 5, 1|team 5, 2, 3, 4, 1, 6
|
|start
|switch|p1a: Mesprit|Mesprit|364\/364
|switch|p2a: Altaria|Altaria, F|354\/354
|turn|1
|choice|*|*switch 6
|choice|*|*switch 6
|choice|*move 1|*
|choice|move trickroom|switch 6
|
|switch|p2a: Muk|Muk-Alola, F|413\/413
|move|p1a: Mesprit|Trick Room|p1a: Mesprit
|-fieldstart|move: Trick Room|[of] p1a: Mesprit
|
|upkeep
|turn|2
|choice|*|*move 2
|choice|*switch 5|*
|choice|switch 5|move pursuit
|
|-activate|p1a: Mesprit|move: Pursuit
|move|p2a: Muk|Pursuit|p1a: Mesprit|[from]Pursuit
|-supereffective|p1a: Mesprit
|-damage|p1a: Mesprit|188\/364
|switch|p1a: Golisopod|Golisopod, F|353\/353
|
|upkeep
|turn|3
|choice|*|*switch 6
|choice|*move 2|*
|choice|move liquidation|switch 6
|
|switch|p2a: Altaria|Altaria, F|354\/354
|move|p1a: Golisopod|Liquidation|p2a: Altaria
|-resisted|p2a: Altaria
|-damage|p2a: Altaria|212\/354
|
|upkeep
|turn|4
|choice|*|*move 2 mega
|choice|*move 2|*
|choice|move liquidation|move roost mega
|
|-mega|p2a: Altaria|Altaria|Altarianite
|detailschange|p2a: Altaria|Altaria-Mega, F
|move|p1a: Golisopod|Liquidation|p2a: Altaria
|-resisted|p2a: Altaria
|-damage|p2a: Altaria|103\/354
|move|p2a: Altaria|Roost|p2a: Altaria
|-heal|p2a: Altaria|280\/354
|
|upkeep
|turn|5
|choice|*switch 3|*
|choice|*|*switch 5
|choice|switch 3|switch 5
|
|switch|p1a: Magearna|Magearna|363\/363
|switch|p2a: Nidoqueen|Nidoqueen, F|383\/383
|
|-fieldend|move: Trick Room
|upkeep
|turn|6
|choice|*|*move 1
|choice|*switch 5|*
|choice|switch 5|move stealthrock
|
|switch|p1a: Mesprit|Mesprit|188\/364
|move|p2a: Nidoqueen|Stealth Rock|p1a: Mesprit
|-sidestart|p1: Beppler|move: Stealth Rock
|
|upkeep
|turn|7
|choice|*|*move 2
|choice|*move 1|*
|choice|move trickroom|move toxicspikes
|
|move|p2a: Nidoqueen|Toxic Spikes|p1a: Mesprit
|-sidestart|p1: Beppler|move: Toxic Spikes
|move|p1a: Mesprit|Trick Room|p1a: Mesprit
|-fieldstart|move: Trick Room|[of] p1a: Mesprit
|
|upkeep
|turn|8
|choice|*|*switch 3
|choice|*switch 3|*
|choice|switch 3|switch 3
|
|switch|p1a: Golisopod|Golisopod, F|353\/353
|-status|p1a: Golisopod|psn
|-damage|p1a: Golisopod|265\/353 psn|[from] Stealth Rock
|switch|p2a: Celesteela|Celesteela|397\/397
|
|-damage|p1a: Golisopod|221\/353 psn|[from] psn
|upkeep
|turn|9
|choice|*move 2|*
|choice|*|*move 2
|choice|move liquidation|move protect
|
|move|p2a: Celesteela|Protect|p2a: Celesteela
|-singleturn|p2a: Celesteela|Protect
|move|p1a: Golisopod|Liquidation|p2a: Celesteela
|-activate|p2a: Celesteela|move: Protect
|
|-damage|p1a: Golisopod|177\/353 psn|[from] psn
|upkeep
|turn|10
|choice|*move 2|*
|c|☆Beppler|ono
|choice|*|*switch 4
|choice|move liquidation|switch 4
|
|switch|p2a: Kartana|Kartana|260\/260
|move|p1a: Golisopod|Liquidation|p2a: Kartana
|-resisted|p2a: Kartana
|-damage|p2a: Kartana|171\/260
|
|-damage|p1a: Golisopod|133\/353 psn|[from] psn
|-activate|p1a: Golisopod|ability: Emergency Exit
|upkeep
|choice|*switch 6|*
|choice|switch 6|
|
|switch|p1a: Ursaring|Ursaring, M|383\/383
|-damage|p1a: Ursaring|336\/383|[from] Stealth Rock
|-status|p1a: Ursaring|psn
|turn|11
|c|☆Gеrard Way|osi
|choice|*move 2|*
|choice|*|*move 3
|choice|move firepunch|move sacredsword
|
|move|p1a: Ursaring|Fire Punch|p2a: Kartana
|-supereffective|p2a: Kartana
|-damage|p2a: Kartana|0 fnt
|faint|p2a: Kartana
|
|-damage|p1a: Ursaring|289\/383 psn|[from] psn
|-fieldend|move: Trick Room
|upkeep
|choice|*|*switch 5
|choice||switch 5
|
|switch|p2a: Altaria|Altaria-Mega, F|280\/354
|turn|12
|c|☆Gеrard Way|Ah
|c|☆Gеrard Way|Miss
|c|☆Gеrard Way|jajajaja
|choice|*switch 6|*
|choice|*|*move 1
|choice|switch 6|move cottonguard
|
|switch|p1a: Golisopod|Golisopod, F|133\/353 psn
|-damage|p1a: Golisopod|45\/353 psn|[from] Stealth Rock
|move|p2a: Altaria|Cotton Guard|p2a: Altaria
|-boost|p2a: Altaria|def|3
|
|-damage|p1a: Golisopod|1\/353 psn|[from] psn
|upkeep
|turn|13
|c|☆Beppler|
|choice|*|*move 2
|choice|*move 3|*
|choice|move firstimpression|move roost
|
|move|p1a: Golisopod|First Impression|p2a: Altaria
|-resisted|p2a: Altaria
|-damage|p2a: Altaria|232\/354
|move|p2a: Altaria|Roost|p2a: Altaria
|-heal|p2a: Altaria|354\/354
|
|-damage|p1a: Golisopod|0 fnt|[from] psn
|upkeep
|faint|p1a: Golisopod
|choice|*switch 3|*
|choice|switch 3|
|
|switch|p1a: Mesprit|Mesprit|188\/364
|-damage|p1a: Mesprit|143\/364|[from] Stealth Rock
|turn|14
|choice|*move 1|*
|choice|*|*switch 4
|choice|move trickroom|switch 4
|
|switch|p2a: Celesteela|Celesteela|397\/397
|move|p1a: Mesprit|Trick Room|p1a: Mesprit
|-fieldstart|move: Trick Room|[of] p1a: Mesprit
|
|upkeep
|turn|15
|choice|*|*move 1
|choice|*move 2|*
|choice|move healingwish|move leechseed
|
|move|p2a: Celesteela|Leech Seed|p1a: Mesprit
|-start|p1a: Mesprit|move: Leech Seed
|move|p1a: Mesprit|Healing Wish|p1a: Mesprit
|faint|p1a: Mesprit
|
|upkeep
|choice|*switch 6|*
|choice|switch 6|
|
|switch|p1a: Ursaring|Ursaring, M|289\/383 psn
|-heal|p1a: Ursaring|383\/383|[from] move: Healing Wish
|-damage|p1a: Ursaring|336\/383|[from] Stealth Rock
|-status|p1a: Ursaring|psn
|turn|16
|choice|*move 3|*
|choice|*|*move 3
|choice|move swordsdance|move heavyslam
|
|move|p2a: Celesteela|Heavy Slam|p1a: Ursaring
|-damage|p1a: Ursaring|158\/383 psn
|move|p1a: Ursaring|Swords Dance|p1a: Ursaring
|-boost|p1a: Ursaring|atk|2
|
|-damage|p1a: Ursaring|111\/383 psn|[from] psn
|upkeep
|turn|17
|c|☆Gеrard Way|Ez
|c|☆Beppler|que mal
|choice|*|*move 3
|c|☆Beppler|celestela
|c|☆Beppler|es mas lento que todo mi team
|choice|*move 2|*
|choice|move firepunch|move heavyslam
|
|move|p2a: Celesteela|Heavy Slam|p1a: Ursaring
|-damage|p1a: Ursaring|0 fnt
|faint|p1a: Ursaring
|-ability|p2a: Celesteela|Beast Boost|boost
|-boost|p2a: Celesteela|def|1
|
|upkeep
|choice|*switch 2|*
|choice|switch 2|
|
|switch|p1a: Diggersby|Diggersby, M|373\/373
|-status|p1a: Diggersby|psn
|-damage|p1a: Diggersby|350\/373 psn|[from] Stealth Rock
|turn|18
|choice|*move 2|*
|choice|*|*move 1
|choice|move firepunch|move leechseed
|
|move|p2a: Celesteela|Leech Seed|p1a: Diggersby
|-start|p1a: Diggersby|move: Leech Seed
|move|p1a: Diggersby|Fire Punch|p2a: Celesteela
|-supereffective|p2a: Celesteela
|-crit|p2a: Celesteela
|-damage|p2a: Celesteela|0 fnt
|faint|p2a: Celesteela
|
|-damage|p1a: Diggersby|304\/373 psn|[from] psn
|-fieldend|move: Trick Room
|upkeep
|c|☆Gеrard Way|Lmao
|c|☆Beppler|👀
|choice|*|*switch 4
|choice||switch 4
|
|switch|p2a: Altaria|Altaria-Mega, F|354\/354
|turn|19
|choice|*switch 5|*
|c|☆Gеrard Way|Pues ya he perdido
|c|☆Gеrard Way|jajajaja
|c|☆Beppler|no creo
|c|☆Beppler|quizá
|c|☆Beppler|alto counter es celesteela
|c|☆Beppler|ahora que lo noto
|choice|*|*move 4
|choice|switch 5|move earthquake
|
|switch|p1a: Magearna|Magearna|363\/363
|-damage|p1a: Magearna|341\/363|[from] Stealth Rock
|move|p2a: Altaria|Earthquake|p1a: Magearna
|-supereffective|p1a: Magearna
|-damage|p1a: Magearna|181\/363
|
|upkeep
|turn|20
|choice|*|*switch 6
|choice|*move 1 zmove|*
|choice|move fleurcannon zmove|switch 6
|
|switch|p2a: Muk|Muk-Alola, F|413\/413
|-zpower|p1a: Magearna
|move|p1a: Magearna|Twinkle Tackle|p2a: Muk|[zeffect]
|-damage|p2a: Muk|197\/413
|
|upkeep
|turn|21
|choice|*move 3|*
|c|☆Gеrard Way|Sí xd
|choice|*|*move 4
|choice|move trickroom|move firepunch
|
|move|p2a: Muk|Fire Punch|p1a: Magearna
|-supereffective|p1a: Magearna
|-damage|p1a: Magearna|45\/363
|-status|p1a: Magearna|brn
|move|p1a: Magearna|Trick Room|p1a: Magearna
|-fieldstart|move: Trick Room|[of] p1a: Magearna
|
|-damage|p1a: Magearna|23\/363 brn|[from] brn
|upkeep
|turn|22
|choice|*move 1|*
|choice|*|*switch 2
|choice|move fleurcannon|switch 2
|
|switch|p2a: Chansey|Chansey, F|702\/702
|move|p1a: Magearna|Fleur Cannon|p2a: Chansey
|-damage|p2a: Chansey|533\/702
|-unboost|p1a: Magearna|spa|2
|
|-damage|p1a: Magearna|1\/363 brn|[from] brn
|upkeep
|turn|23
|choice|*|*move 4
|choice|*move 1|*
|choice|move fleurcannon|move wish
|
|move|p1a: Magearna|Fleur Cannon|p2a: Chansey|[miss]
|-miss|p1a: Magearna|p2a: Chansey
|move|p2a: Chansey|Wish|p2a: Chansey
|
|-damage|p1a: Magearna|0 fnt|[from] brn
|upkeep
|faint|p1a: Magearna
|choice|*switch 5|*
|choice|switch 5|
|
|switch|p1a: Diggersby|Diggersby, M|304\/373 psn
|-damage|p1a: Diggersby|281\/373 psn|[from] Stealth Rock
|turn|24
|choice|*move 1|*
|choice|*|*move 3
|choice|move return|move protect
|
|move|p2a: Chansey|Protect|p2a: Chansey
|-singleturn|p2a: Chansey|Protect
|move|p1a: Diggersby|Return|p2a: Chansey
|-activate|p2a: Chansey|move: Protect
|
|-heal|p2a: Chansey|702\/702|[from] move: Wish|[wisher] Chansey
|-damage|p1a: Diggersby|235\/373 psn|[from] psn
|upkeep
|turn|25
|choice|*move 1|*
|choice|*|*switch 2
|choice|move return|switch 2
|
|switch|p2a: Muk|Muk-Alola, F|197\/413
|move|p1a: Diggersby|Return|p2a: Muk
|-damage|p2a: Muk|0 fnt
|faint|p2a: Muk
|
|-damage|p1a: Diggersby|189\/373 psn|[from] psn
|-fieldend|move: Trick Room
|upkeep
|choice|*|*switch 3
|choice||switch 3
|
|switch|p2a: Nidoqueen|Nidoqueen, F|383\/383
|turn|26
|choice|*|*move 3
|choice|*switch 4|*
|choice|switch 4|move earthpower
|
|switch|p1a: Mimikyu|Mimikyu, M|313\/313
|-status|p1a: Mimikyu|psn
|-damage|p1a: Mimikyu|274\/313 psn|[from] Stealth Rock
|move|p2a: Nidoqueen|Earth Power|p1a: Mimikyu
|-crit|p1a: Mimikyu
|-activate|p1a: Mimikyu|ability: Disguise
|-damage|p1a: Mimikyu|274\/313 psn
|detailschange|p1a: Mimikyu|Mimikyu-Busted, M
|
|-damage|p1a: Mimikyu|235\/313 psn|[from] psn
|upkeep
|turn|27
|choice|*move 1|*
|choice|*|*move 4
|choice|move trickroom|move sludgewave
|
|move|p2a: Nidoqueen|Sludge Wave|p1a: Mimikyu
|-damage|p1a: Mimikyu|117\/313 psn
|move|p1a: Mimikyu|Trick Room|p1a: Mimikyu
|-fieldstart|move: Trick Room|[of] p1a: Mimikyu
|
|-damage|p1a: Mimikyu|78\/313 psn|[from] psn
|upkeep
|turn|28
|choice|*|*switch 2
|choice|*move 2|*
|choice|move destinybond|switch 2
|
|switch|p2a: Chansey|Chansey, F|702\/702
|move|p1a: Mimikyu|Destiny Bond|p1a: Mimikyu
|-singlemove|p1a: Mimikyu|Destiny Bond
|
|-damage|p1a: Mimikyu|39\/313 psn|[from] psn
|upkeep
|turn|29
|choice|*|*move 4
|choice|*switch 4|*
|choice|switch 4|move wish
|
|switch|p1a: Diggersby|Diggersby, M|189\/373 psn
|-damage|p1a: Diggersby|166\/373 psn|[from] Stealth Rock
|move|p2a: Chansey|Wish|p2a: Chansey
|
|-damage|p1a: Diggersby|120\/373 psn|[from] psn
|upkeep
|turn|30
|choice|*move 1|*
|choice|*|*move 3
|choice|move return|move protect
|
|move|p2a: Chansey|Protect|p2a: Chansey
|-singleturn|p2a: Chansey|Protect
|move|p1a: Diggersby|Return|p2a: Chansey
|-activate|p2a: Chansey|move: Protect
|
|-damage|p1a: Diggersby|74\/373 psn|[from] psn
|upkeep
|turn|31
|choice|*move 1|*
|choice|*|*switch 2
|choice|move return|switch 2
|
|switch|p2a: Nidoqueen|Nidoqueen, F|383\/383
|move|p1a: Diggersby|Return|p2a: Nidoqueen
|-damage|p2a: Nidoqueen|95\/383
|
|-heal|p2a: Nidoqueen|118\/383|[from] item: Black Sludge
|-damage|p1a: Diggersby|28\/373 psn|[from] psn
|-fieldend|move: Trick Room
|upkeep
|turn|32
|choice|*|*move 3
|c|☆Gеrard Way|gg
|choice|*move 1|*
|choice|move return|move earthpower
|
|move|p2a: Nidoqueen|Earth Power|p1a: Diggersby
|-damage|p1a: Diggersby|0 fnt
|faint|p1a: Diggersby
|
|-heal|p2a: Nidoqueen|141\/383|[from] item: Black Sludge
|upkeep
|c|☆Beppler|gg
|choice|*switch 4|*
|choice|switch 4|
|
|switch|p1a: Mimikyu|Mimikyu-Busted, M|39\/313 psn
|-damage|p1a: Mimikyu|0 fnt|[from] Stealth Rock
|faint|p1a: Mimikyu
|
|win|Gеrard Way
</script>
</div>
<div class="battle-log battle-log-inline"><div class="inner"><div class="battle-options"></div><div class="inner"><div class=""><small>Format:</small> <br><strong>OU</strong></div><div class=""><small><em>Cláusula-Mod de Dormir:</em> solo puedes dormir a uno de tus oponentes a la vez.</small></div><div class=""><small><em>Cláusula de Especie:</em> Hasta un Pokémon de cada especie</small></div><div class=""><small><em>Cláusula de Golpe Fulminante:</em> los movimientos fulminantes (OHKO) estan prohibidos</small></div><div class=""><small><em>Cláusula de Veleta:</em> la habilidad Veleta está prohibida</small></div><div class=""><small><em>Cláusula de Movimientos Evasivos:</em> los movimientos de Evasión están prohibidos.</small></div><div class=""><small><em>Cláusula de Batallas Eternas:</em> forzar batallas eternas está prohibido</small></div><div class="chat battle-history"><strong>Beppler's team:</strong> <em style="color:#445566;display:block;">Ursaring / Diggersby / Magearna / Mimikyu / Golisopod / Mesprit</em></div><div class="chat battle-history"><strong>Gеrard Way's team:</strong> <em style="color:#445566;display:block;">Nidoqueen / Chansey / Celesteela / Kartana / Altaria / Muk-Alola</em></div><div class="chat chatmessage-grardway"><strong style="color:hsl(23,56%,44%)"><small>☆</small><span class="username" data-name="Gеrard Way">Gеrard Way</span>:</strong> <em>Me han humillado</em></div><div class="chat chatmessage-grardway"><strong style="color:hsl(23,56%,44%)"><small>☆</small><span class="username" data-name="Gеrard Way">Gеrard Way</span>:</strong> <em>:(</em></div><div class="chat chatmessage-beppler"><strong style="color:hsl(118,73%,37.93733867614693%)"><small>☆</small><span class="username" data-name="Beppler">Beppler</span>:</strong> <em>xd</em></div><div class="chat chatmessage-beppler"><strong style="color:hsl(118,73%,37.93733867614693%)"><small>☆</small><span class="username" data-name="Beppler">Beppler</span>:</strong> <em>a ursaring</em></div><div class="chat chatmessage-beppler"><strong style="color:hsl(118,73%,37.93733867614693%)"><small>☆</small><span class="username" data-name="Beppler">Beppler</span>:</strong> <em>le gusta ese team</em></div><div class="spacer battle-history"><br></div><div class="battle-history">Battle started between Beppler and Gеrard Way!<br></div><div class="spacer battle-history"><br></div><div class="battle-history">Go! <strong>Mesprit</strong>!<br></div><div class="spacer battle-history"><br></div><div class="battle-history">Gеrard Way sent out <strong>Altaria</strong>!<br></div><div class="spacer battle-history"><br></div><h2 class="battle-history">Turn 1</h2><div class="spacer battle-history"><br></div><div class="battle-history">Gеrard Way withdrew Altaria!<br></div><div class="battle-history">Gеrard Way sent out Muk (<strong>Muk-Alola</strong>)!<br></div><div class="spacer battle-history"><br></div><div class="battle-history">Mesprit used <strong>Trick Room</strong>!<br></div><div class="battle-history"><small>Mesprit twisted the dimensions!</small><br></div><div class="spacer battle-history"><br></div><h2 class="battle-history">Turn 2</h2><div class="spacer battle-history"><br></div><div class="battle-history"><small>(Mesprit is being withdrawn...)</small><br></div><div class="spacer battle-history"><br></div><div class="battle-history">The opposing Muk used <strong>Pursuit</strong>!<br></div><div class="battle-history"><small>It's super effective!</small><br></div><div class="battle-history"><small>(Mesprit lost <abbr title="−176/364">48.4%</abbr> of its health!)</small><br></div><div class="spacer battle-history"><br></div><div class="battle-history">Mesprit, come back!<br></div><div class="battle-history">Go! <strong>Golisopod</strong>!<br></div><div class="spacer battle-history"><br></div><h2 class="battle-history">Turn 3</h2><div class="spacer battle-history"><br></div><div class="battle-history">Gеrard Way withdrew Muk!<br></div><div class="battle-history">Gеrard Way sent out <strong>Altaria</strong>!<br></div><div class="spacer battle-history"><br></div><div class="battle-history">Golisopod used <strong>Liquidation</strong>!<br></div><div class="battle-history"><small>It's not very effective...</small><br></div><div class="battle-history"><small>(The opposing Altaria lost <abbr title="−142/354">40.1%</abbr> of its health!)</small><br></div><div class="spacer battle-history"><br></div><h2 class="battle-history">Turn 4</h2><div class="spacer battle-history"><br></div><div class="battle-history"><small>The opposing Altaria's Altarianite is reacting to the Key Stone!</small><br>The opposing Altaria has Mega Evolved into Mega Altaria!<br></div><div class="spacer battle-history"><br></div><div class="battle-history">Golisopod used <strong>Liquidation</strong>!<br></div><div class="battle-history"><small>It's not very effective...</small><br></div><div class="battle-history"><small>(The opposing Altaria lost <abbr title="−109/354">30.8%</abbr> of its health!)</small><br></div><div class="spacer battle-history"><br></div><div class="battle-history">The opposing Altaria used <strong>Roost</strong>!<br></div><div class="battle-history"><small>The opposing Altaria restored its HP.</small><br></div><div class="spacer battle-history"><br></div><h2 class="battle-history">Turn 5</h2><div class="spacer battle-history"><br></div><div class="battle-history">Golisopod, come back!<br></div><div class="battle-history">Go! <strong>Magearna</strong>!<br></div><div class="spacer battle-history"><br></div><div class="battle-history">Gеrard Way withdrew Altaria!<br></div><div class="battle-history">Gеrard Way sent out <strong>Nidoqueen</strong>!<br></div><div class="spacer battle-history"><br></div><div class="battle-history"><small>The twisted dimensions returned to normal!</small><br></div><div class="spacer battle-history"><br></div><h2 class="battle-history">Turn 6</h2><div class="spacer battle-history"><br></div><div class="battle-history">Magearna, come back!<br></div><div class="battle-history">Go! <strong>Mesprit</strong>!<br></div><div class="spacer battle-history"><br></div><div class="battle-history">The opposing Nidoqueen used <strong>Stealth Rock</strong>!<br></div><div class="battle-history"><small>Pointed stones float in the air around your team!</small><br></div><div class="spacer battle-history"><br></div><h2 class="battle-history">Turn 7</h2><div class="spacer battle-history"><br></div><div class="battle-history">The opposing Nidoqueen used <strong>Toxic Spikes</strong>!<br></div><div class="battle-history"><small>Poison spikes were scattered on the ground all around your team!</small><br></div><div class="spacer battle-history"><br></div><div class="battle-history">Mesprit used <strong>Trick Room</strong>!<br></div><div class="battle-history"><small>Mesprit twisted the dimensions!</small><br></div><div class="spacer battle-history"><br></div><h2 class="battle-history">Turn 8</h2><div class="spacer battle-history"><br></div><div class="battle-history">Mesprit, come back!<br></div><div class="battle-history">Go! <strong>Golisopod</strong>!<br></div><div class="battle-history"><small>Golisopod was poisoned!</small><br></div><div class="battle-history"><small>Pointed stones dug into Golisopod!</small><br></div><div class="spacer battle-history"><br></div><div class="battle-history">Gеrard Way withdrew Nidoqueen!<br></div><div class="battle-history">Gеrard Way sent out <strong>Celesteela</strong>!<br></div><div class="spacer battle-history"><br></div><div class="battle-history"><small>Golisopod was hurt by poison!</small><br></div><div class="spacer battle-history"><br></div><h2 class="battle-history">Turn 9</h2><div class="spacer battle-history"><br></div><div class="battle-history">The opposing Celesteela used <strong>Protect</strong>!<br></div><div class="battle-history"><small>The opposing Celesteela protected itself!</small><br></div><div class="spacer battle-history"><br></div><div class="battle-history">Golisopod used <strong>Liquidation</strong>!<br></div><div class="battle-history"><small>The opposing Celesteela protected itself!</small><br></div><div class="spacer battle-history"><br></div><div class="battle-history"><small>Golisopod was hurt by poison!</small><br></div><div class="spacer battle-history"><br></div><h2 class="battle-history">Turn 10</h2><div class="chat chatmessage-beppler"><strong style="color:hsl(118,73%,37.93733867614693%)"><small>☆</small><span class="username" data-name="Beppler">Beppler</span>:</strong> <em>ono</em></div><div class="spacer battle-history"><br></div><div class="battle-history">Gеrard Way withdrew Celesteela!<br></div><div class="battle-history">Gеrard Way sent out <strong>Kartana</strong>!<br></div><div class="spacer battle-history"><br></div><div class="battle-history">Golisopod used <strong>Liquidation</strong>!<br></div><div class="battle-history"><small>It's not very effective...</small><br></div><div class="battle-history"><small>(The opposing Kartana lost <abbr title="−89/260">34.2%</abbr> of its health!)</small><br></div><div class="spacer battle-history"><br></div><div class="battle-history"><small>Golisopod was hurt by poison!</small><br></div><div class="battle-history"><small>[Golisopod's Emergency Exit]</small><br></div><div class="spacer battle-history"><br></div><div class="battle-history">Golisopod, come back!<br></div><div class="battle-history">Go! <strong>Ursaring</strong>!<br></div><div class="battle-history"><small>Pointed stones dug into Ursaring!</small><br></div><div class="battle-history"><small>Ursaring was poisoned!</small><br></div><div class="spacer battle-history"><br></div><h2 class="battle-history">Turn 11</h2><div class="chat chatmessage-grardway"><strong style="color:hsl(23,56%,44%)"><small>☆</small><span class="username" data-name="Gеrard Way">Gеrard Way</span>:</strong> <em>osi</em></div><div class="spacer battle-history"><br></div><div class="battle-history">Ursaring used <strong>Fire Punch</strong>!<br></div><div class="battle-history"><small>It's super effective!</small><br></div><div class="battle-history"><small>(The opposing Kartana lost <abbr title="−171/260">65.8%</abbr> of its health!)</small><br></div><div class="spacer battle-history"><br></div><div class="battle-history">The opposing Kartana fainted!<br></div><div class="spacer battle-history"><br></div><div class="battle-history"><small>Ursaring was hurt by poison!</small><br></div><div class="battle-history"><small>The twisted dimensions returned to normal!</small><br></div><div class="spacer battle-history"><br></div><div class="battle-history">Gеrard Way sent out Altaria (<strong>Altaria-Mega</strong>)!<br></div><div class="spacer battle-history"><br></div><h2 class="battle-history">Turn 12</h2><div class="chat chatmessage-grardway"><strong style="color:hsl(23,56%,44%)"><small>☆</small><span class="username" data-name="Gеrard Way">Gеrard Way</span>:</strong> <em>Ah</em></div><div class="chat chatmessage-grardway"><strong style="color:hsl(23,56%,44%)"><small>☆</small><span class="username" data-name="Gеrard Way">Gеrard Way</span>:</strong> <em>Miss</em></div><div class="chat chatmessage-grardway"><strong style="color:hsl(23,56%,44%)"><small>☆</small><span class="username" data-name="Gеrard Way">Gеrard Way</span>:</strong> <em>jajajaja</em></div><div class="spacer battle-history"><br></div><div class="battle-history">Ursaring, come back!<br></div><div class="battle-history">Go! <strong>Golisopod</strong>!<br></div><div class="battle-history"><small>Pointed stones dug into Golisopod!</small><br></div><div class="spacer battle-history"><br></div><div class="battle-history">The opposing Altaria used <strong>Cotton Guard</strong>!<br></div><div class="battle-history"><small>The opposing Altaria's Defense rose drastically!</small><br></div><div class="spacer battle-history"><br></div><div class="battle-history"><small>Golisopod was hurt by poison!</small><br></div><div class="spacer battle-history"><br></div><h2 class="battle-history">Turn 13</h2><div class="chat chatmessage-beppler"><strong style="color:hsl(118,73%,37.93733867614693%)"><small>☆</small><span class="username" data-name="Beppler">Beppler</span>:</strong> <em></em></div><div class="spacer battle-history"><br></div><div class="battle-history">Golisopod used <strong>First Impression</strong>!<br></div><div class="battle-history"><small>It's not very effective...</small><br></div><div class="battle-history"><small>(The opposing Altaria lost <abbr title="−48/354">13.6%</abbr> of its health!)</small><br></div><div class="spacer battle-history"><br></div><div class="battle-history">The opposing Altaria used <strong>Roost</strong>!<br></div><div class="battle-history"><small>The opposing Altaria restored its HP.</small><br></div><div class="spacer battle-history"><br></div><div class="battle-history"><small>Golisopod was hurt by poison!</small><br></div><div class="spacer battle-history"><br></div><div class="battle-history">Golisopod fainted!<br></div><div class="spacer battle-history"><br></div><div class="battle-history">Go! <strong>Mesprit</strong>!<br></div><div class="battle-history"><small>Pointed stones dug into Mesprit!</small><br></div><div class="spacer battle-history"><br></div><h2 class="battle-history">Turn 14</h2><div class="spacer battle-history"><br></div><div class="battle-history">Gеrard Way withdrew Altaria!<br></div><div class="battle-history">Gеrard Way sent out <strong>Celesteela</strong>!<br></div><div class="spacer battle-history"><br></div><div class="battle-history">Mesprit used <strong>Trick Room</strong>!<br></div><div class="battle-history"><small>Mesprit twisted the dimensions!</small><br></div><div class="spacer battle-history"><br></div><h2 class="battle-history">Turn 15</h2><div class="spacer battle-history"><br></div><div class="battle-history">The opposing Celesteela used <strong>Leech Seed</strong>!<br></div><div class="battle-history"><small>Mesprit was seeded!</small><br></div><div class="spacer battle-history"><br></div><div class="battle-history">Mesprit used <strong>Healing Wish</strong>!<br></div><div class="spacer battle-history"><br></div><div class="battle-history">Mesprit fainted!<br></div><div class="spacer battle-history"><br></div><div class="battle-history">Go! <strong>Ursaring</strong>!<br></div><div class="battle-history"><small>The healing wish came true for Ursaring!</small><br></div><div class="battle-history"><small>Pointed stones dug into Ursaring!</small><br></div><div class="battle-history"><small>Ursaring was poisoned!</small><br></div><div class="spacer battle-history"><br></div><h2 class="battle-history">Turn 16</h2><div class="spacer battle-history"><br></div><div class="battle-history">The opposing Celesteela used <strong>Heavy Slam</strong>!<br></div><div class="battle-history"><small>(Ursaring lost <abbr title="−178/383">46.5%</abbr> of its health!)</small><br></div><div class="spacer battle-history"><br></div><div class="battle-history">Ursaring used <strong>Swords Dance</strong>!<br></div><div class="battle-history"><small>Ursaring's Attack rose sharply!</small><br></div><div class="spacer battle-history"><br></div><div class="battle-history"><small>Ursaring was hurt by poison!</small><br></div><div class="spacer battle-history"><br></div><h2 class="battle-history">Turn 17</h2><div class="chat chatmessage-grardway"><strong style="color:hsl(23,56%,44%)"><small>☆</small><span class="username" data-name="Gеrard Way">Gеrard Way</span>:</strong> <em>Ez</em></div><div class="chat chatmessage-beppler"><strong style="color:hsl(118,73%,37.93733867614693%)"><small>☆</small><span class="username" data-name="Beppler">Beppler</span>:</strong> <em>que mal</em></div><div class="chat chatmessage-beppler"><strong style="color:hsl(118,73%,37.93733867614693%)"><small>☆</small><span class="username" data-name="Beppler">Beppler</span>:</strong> <em>celestela</em></div><div class="chat chatmessage-beppler"><strong style="color:hsl(118,73%,37.93733867614693%)"><small>☆</small><span class="username" data-name="Beppler">Beppler</span>:</strong> <em>es mas lento que todo mi team</em></div><div class="spacer battle-history"><br></div><div class="battle-history">The opposing Celesteela used <strong>Heavy Slam</strong>!<br></div><div class="battle-history"><small>(Ursaring lost <abbr title="−111/383">29.0%</abbr> of its health!)</small><br></div><div class="spacer battle-history"><br></div><div class="battle-history">Ursaring fainted!<br></div><div class="battle-history"><small>[The opposing Celesteela's Beast Boost]</small><br></div><div class="battle-history"><small>The opposing Celesteela's Defense rose!</small><br></div><div class="spacer battle-history"><br></div><div class="battle-history">Go! <strong>Diggersby</strong>!<br></div><div class="battle-history"><small>Diggersby was poisoned!</small><br></div><div class="battle-history"><small>Pointed stones dug into Diggersby!</small><br></div><div class="spacer battle-history"><br></div><h2 class="battle-history">Turn 18</h2><div class="spacer battle-history"><br></div><div class="battle-history">The opposing Celesteela used <strong>Leech Seed</strong>!<br></div><div class="battle-history"><small>Diggersby was seeded!</small><br></div><div class="spacer battle-history"><br></div><div class="battle-history">Diggersby used <strong>Fire Punch</strong>!<br></div><div class="battle-history"><small>It's super effective!</small><br></div><div class="battle-history"><small>A critical hit!</small><br></div><div class="battle-history"><small>(The opposing Celesteela lost <abbr title="−397/397">100%</abbr> of its health!)</small><br></div><div class="spacer battle-history"><br></div><div class="battle-history">The opposing Celesteela fainted!<br></div><div class="spacer battle-history"><br></div><div class="battle-history"><small>Diggersby was hurt by poison!</small><br></div><div class="battle-history"><small>The twisted dimensions returned to normal!</small><br></div><div class="chat chatmessage-grardway"><strong style="color:hsl(23,56%,44%)"><small>☆</small><span class="username" data-name="Gеrard Way">Gеrard Way</span>:</strong> <em>Lmao</em></div><div class="chat chatmessage-beppler"><strong style="color:hsl(118,73%,37.93733867614693%)"><small>☆</small><span class="username" data-name="Beppler">Beppler</span>:</strong> <em>👀</em></div><div class="spacer battle-history"><br></div><div class="battle-history">Gеrard Way sent out Altaria (<strong>Altaria-Mega</strong>)!<br></div><div class="spacer battle-history"><br></div><h2 class="battle-history">Turn 19</h2><div class="chat chatmessage-grardway"><strong style="color:hsl(23,56%,44%)"><small>☆</small><span class="username" data-name="Gеrard Way">Gеrard Way</span>:</strong> <em>Pues ya he perdido</em></div><div class="chat chatmessage-grardway"><strong style="color:hsl(23,56%,44%)"><small>☆</small><span class="username" data-name="Gеrard Way">Gеrard Way</span>:</strong> <em>jajajaja</em></div><div class="chat chatmessage-beppler"><strong style="color:hsl(118,73%,37.93733867614693%)"><small>☆</small><span class="username" data-name="Beppler">Beppler</span>:</strong> <em>no creo</em></div><div class="chat chatmessage-beppler"><strong style="color:hsl(118,73%,37.93733867614693%)"><small>☆</small><span class="username" data-name="Beppler">Beppler</span>:</strong> <em>quizá</em></div><div class="chat chatmessage-beppler"><strong style="color:hsl(118,73%,37.93733867614693%)"><small>☆</small><span class="username" data-name="Beppler">Beppler</span>:</strong> <em>alto counter es celesteela</em></div><div class="chat chatmessage-beppler"><strong style="color:hsl(118,73%,37.93733867614693%)"><small>☆</small><span class="username" data-name="Beppler">Beppler</span>:</strong> <em>ahora que lo noto</em></div><div class="spacer battle-history"><br></div><div class="battle-history">Diggersby, come back!<br></div><div class="battle-history">Go! <strong>Magearna</strong>!<br></div><div class="battle-history"><small>Pointed stones dug into Magearna!</small><br></div><div class="spacer battle-history"><br></div><div class="battle-history">The opposing Altaria used <strong>Earthquake</strong>!<br></div><div class="battle-history"><small>It's super effective!</small><br></div><div class="battle-history"><small>(Magearna lost <abbr title="−160/363">44.1%</abbr> of its health!)</small><br></div><div class="spacer battle-history"><br></div><h2 class="battle-history">Turn 20</h2><div class="spacer battle-history"><br></div><div class="battle-history">Gеrard Way withdrew Altaria!<br></div><div class="battle-history">Gеrard Way sent out Muk (<strong>Muk-Alola</strong>)!<br></div><div class="battle-history"><small>Magearna surrounded itself with its Z-Power!</small><br></div><div class="spacer battle-history"><br></div><div class="battle-history">Magearna used <strong>Twinkle Tackle</strong>!<br></div><div class="battle-history"><small>(The opposing Muk lost <abbr title="−216/413">52.3%</abbr> of its health!)</small><br></div><div class="spacer battle-history"><br></div><h2 class="battle-history">Turn 21</h2><div class="chat chatmessage-grardway"><strong style="color:hsl(23,56%,44%)"><small>☆</small><span class="username" data-name="Gеrard Way">Gеrard Way</span>:</strong> <em>Sí xd</em></div><div class="spacer battle-history"><br></div><div class="battle-history">The opposing Muk used <strong>Fire Punch</strong>!<br></div><div class="battle-history"><small>It's super effective!</small><br></div><div class="battle-history"><small>(Magearna lost <abbr title="−136/363">37.5%</abbr> of its health!)</small><br></div><div class="battle-history"><small>Magearna was burned!</small><br></div><div class="spacer battle-history"><br></div><div class="battle-history">Magearna used <strong>Trick Room</strong>!<br></div><div class="battle-history"><small>Magearna twisted the dimensions!</small><br></div><div class="spacer battle-history"><br></div><div class="battle-history"><small>Magearna was hurt by its burn!</small><br></div><div class="spacer battle-history"><br></div><h2 class="battle-history">Turn 22</h2><div class="spacer battle-history"><br></div><div class="battle-history">Gеrard Way withdrew Muk!<br></div><div class="battle-history">Gеrard Way sent out <strong>Chansey</strong>!<br></div><div class="spacer battle-history"><br></div><div class="battle-history">Magearna used <strong>Fleur Cannon</strong>!<br></div><div class="battle-history"><small>(The opposing Chansey lost <abbr title="−169/702">24.1%</abbr> of its health!)</small><br></div><div class="battle-history"><small>Magearna's Special Attack fell harshly!</small><br></div><div class="spacer battle-history"><br></div><div class="battle-history"><small>Magearna was hurt by its burn!</small><br></div><div class="spacer battle-history"><br></div><h2 class="battle-history">Turn 23</h2><div class="spacer battle-history"><br></div><div class="battle-history">Magearna used <strong>Fleur Cannon</strong>!<br></div><div class="battle-history"><small>The opposing Chansey avoided the attack!</small><br></div><div class="spacer battle-history"><br></div><div class="battle-history">The opposing Chansey used <strong>Wish</strong>!<br></div><div class="spacer battle-history"><br></div><div class="battle-history"><small>Magearna was hurt by its burn!</small><br></div><div class="spacer battle-history"><br></div><div class="battle-history">Magearna fainted!<br></div><div class="spacer battle-history"><br></div><div class="battle-history">Go! <strong>Diggersby</strong>!<br></div><div class="battle-history"><small>Pointed stones dug into Diggersby!</small><br></div><div class="spacer battle-history"><br></div><h2 class="battle-history">Turn 24</h2><div class="spacer battle-history"><br></div><div class="battle-history">The opposing Chansey used <strong>Protect</strong>!<br></div><div class="battle-history"><small>The opposing Chansey protected itself!</small><br></div><div class="spacer battle-history"><br></div><div class="battle-history">Diggersby used <strong>Return</strong>!<br></div><div class="battle-history"><small>The opposing Chansey protected itself!</small><br></div><div class="spacer battle-history"><br></div><div class="battle-history"><small>Chansey's wish came true!</small><br></div><div class="battle-history"><small>Diggersby was hurt by poison!</small><br></div><div class="spacer battle-history"><br></div><h2 class="battle-history">Turn 25</h2><div class="spacer battle-history"><br></div><div class="battle-history">Gеrard Way withdrew Chansey!<br></div><div class="battle-history">Gеrard Way sent out Muk (<strong>Muk-Alola</strong>)!<br></div><div class="spacer battle-history"><br></div><div class="battle-history">Diggersby used <strong>Return</strong>!<br></div><div class="battle-history"><small>(The opposing Muk lost <abbr title="−197/413">47.7%</abbr> of its health!)</small><br></div><div class="spacer battle-history"><br></div><div class="battle-history">The opposing Muk fainted!<br></div><div class="spacer battle-history"><br></div><div class="battle-history"><small>Diggersby was hurt by poison!</small><br></div><div class="battle-history"><small>The twisted dimensions returned to normal!</small><br></div><div class="spacer battle-history"><br></div><div class="battle-history">Gеrard Way sent out <strong>Nidoqueen</strong>!<br></div><div class="spacer battle-history"><br></div><h2 class="battle-history">Turn 26</h2><div class="spacer battle-history"><br></div><div class="battle-history">Diggersby, come back!<br></div><div class="battle-history">Go! <strong>Mimikyu</strong>!<br></div><div class="battle-history"><small>Mimikyu was poisoned!</small><br></div><div class="battle-history"><small>Pointed stones dug into Mimikyu!</small><br></div><div class="spacer battle-history"><br></div><div class="battle-history">The opposing Nidoqueen used <strong>Earth Power</strong>!<br></div><div class="battle-history"><small>A critical hit!</small><br></div><div class="battle-history"><small>[Mimikyu's Disguise]</small><br><small>Its disguise served it as a decoy!</small><br></div><div class="battle-history"><small>(Mimikyu lost <abbr title="0/313">0%</abbr> of its health!)</small><br></div><div class="battle-history">Mimikyu's disguise was busted!<br></div><div class="spacer battle-history"><br></div><div class="battle-history"><small>Mimikyu was hurt by poison!</small><br></div><div class="spacer battle-history"><br></div><h2 class="battle-history">Turn 27</h2><div class="spacer battle-history"><br></div><div class="battle-history">The opposing Nidoqueen used <strong>Sludge Wave</strong>!<br></div><div class="battle-history"><small>(Mimikyu lost <abbr title="−118/313">37.7%</abbr> of its health!)</small><br></div><div class="spacer battle-history"><br></div><div class="battle-history">Mimikyu used <strong>Trick Room</strong>!<br></div><div class="battle-history"><small>Mimikyu twisted the dimensions!</small><br></div><div class="spacer battle-history"><br></div><div class="battle-history"><small>Mimikyu was hurt by poison!</small><br></div><div class="spacer battle-history"><br></div><h2 class="battle-history">Turn 28</h2><div class="spacer battle-history"><br></div><div class="battle-history">Gеrard Way withdrew Nidoqueen!<br></div><div class="battle-history">Gеrard Way sent out <strong>Chansey</strong>!<br></div><div class="spacer battle-history"><br></div><div class="battle-history">Mimikyu used <strong>Destiny Bond</strong>!<br></div><div class="battle-history">Mimikyu is hoping to take its attacker down with it!<br></div><div class="spacer battle-history"><br></div><div class="battle-history"><small>Mimikyu was hurt by poison!</small><br></div><div class="spacer battle-history"><br></div><h2 class="battle-history">Turn 29</h2><div class="spacer battle-history"><br></div><div class="battle-history">Mimikyu, come back!<br></div><div class="battle-history">Go! <strong>Diggersby</strong>!<br></div><div class="battle-history"><small>Pointed stones dug into Diggersby!</small><br></div><div class="spacer battle-history"><br></div><div class="battle-history">The opposing Chansey used <strong>Wish</strong>!<br></div><div class="spacer battle-history"><br></div><div class="battle-history"><small>Diggersby was hurt by poison!</small><br></div><div class="spacer battle-history"><br></div><h2 class="battle-history">Turn 30</h2><div class="spacer battle-history"><br></div><div class="battle-history">The opposing Chansey used <strong>Protect</strong>!<br></div><div class="battle-history"><small>The opposing Chansey protected itself!</small><br></div><div class="spacer battle-history"><br></div><div class="battle-history">Diggersby used <strong>Return</strong>!<br></div><div class="battle-history"><small>The opposing Chansey protected itself!</small><br></div><div class="spacer battle-history"><br></div><div class="battle-history"><small>Diggersby was hurt by poison!</small><br></div><div class="spacer battle-history"><br></div><h2 class="battle-history">Turn 31</h2><div class="spacer battle-history"><br></div><div class="battle-history">Gеrard Way withdrew Chansey!<br></div><div class="battle-history">Gеrard Way sent out <strong>Nidoqueen</strong>!<br></div><div class="spacer battle-history"><br></div><div class="battle-history">Diggersby used <strong>Return</strong>!<br></div><div class="battle-history"><small>(The opposing Nidoqueen lost <abbr title="−288/383">75.2%</abbr> of its health!)</small><br></div><div class="spacer battle-history"><br></div><div class="battle-history"><small>The opposing Nidoqueen restored a little HP using its Black Sludge!</small><br></div><div class="battle-history"><small>Diggersby was hurt by poison!</small><br></div><div class="battle-history"><small>The twisted dimensions returned to normal!</small><br></div><div class="spacer battle-history"><br></div><h2 class="battle-history">Turn 32</h2><div class="chat chatmessage-grardway"><strong style="color:hsl(23,56%,44%)"><small>☆</small><span class="username" data-name="Gеrard Way">Gеrard Way</span>:</strong> <em>gg</em></div><div class="spacer battle-history"><br></div><div class="battle-history">The opposing Nidoqueen used <strong>Earth Power</strong>!<br></div><div class="battle-history"><small>(Diggersby lost <abbr title="−28/373">7.5%</abbr> of its health!)</small><br></div><div class="spacer battle-history"><br></div><div class="battle-history">Diggersby fainted!<br></div><div class="spacer battle-history"><br></div><div class="battle-history"><small>The opposing Nidoqueen restored a little HP using its Black Sludge!</small><br></div><div class="chat chatmessage-beppler"><strong style="color:hsl(118,73%,37.93733867614693%)"><small>☆</small><span class="username" data-name="Beppler">Beppler</span>:</strong> <em>gg</em></div><div class="spacer battle-history"><br></div><div class="battle-history">Go! Mimikyu (<strong>Mimikyu-Busted</strong>)!<br></div><div class="battle-history"><small>Pointed stones dug into Mimikyu!</small><br></div><div class="spacer battle-history"><br></div><div class="battle-history">Mimikyu fainted!<br></div><div class="spacer battle-history"><br></div><div class="battle-history"><strong>Gеrard Way</strong> won the battle!<br></div></div><div class="inner-preempt"></div></div></div>
</div>
<script>
let daily = Math.floor(Date.now()/1000/60/60/24);document.write('<script src="https://play.pokemonshowdown.com/js/replay-embed.js?version'+daily+'"></'+'script>');
</script>
