<!DOCTYPE html>
<meta charset="utf-8" />
<!-- version 1 -->
<title>OU replay: Cacoluis2005 vs. Alecsss</title>
<style>
html,body {font-family:Verdana, sans-serif;font-size:10pt;margin:0;padding:0;}body{padding:12px 0;} .battle-log {font-family:Verdana, sans-serif;font-size:10pt;} .battle-log-inline {border:1px solid #AAAAAA;background:#EEF2F5;color:black;max-width:640px;margin:0 auto 80px;padding-bottom:5px;} .battle-log .inner {padding:4px 8px 0px 8px;} .battle-log .inner-preempt {padding:0 8px 4px 8px;} .battle-log .inner-after {margin-top:0.5em;} .battle-log h2 {margin:0.5em -8px;padding:4px 8px;border:1px solid #AAAAAA;background:#E0E7EA;border-left:0;border-right:0;font-family:Verdana, sans-serif;font-size:13pt;} .battle-log .chat {vertical-align:middle;padding:3px 0 3px 0;font-size:8pt;} .battle-log .chat strong {color:#40576A;} .battle-log .chat em {padding:1px 4px 1px 3px;color:#000000;font-style:normal;} .chat.mine {background:rgba(0,0,0,0.05);margin-left:-8px;margin-right:-8px;padding-left:8px;padding-right:8px;} .spoiler {color:#BBBBBB;background:#BBBBBB;padding:0px 3px;} .spoiler:hover, .spoiler:active, .spoiler-shown {color:#000000;background:#E2E2E2;padding:0px 3px;} .spoiler a {color:#BBBBBB;} .spoiler:hover a, .spoiler:active a, .spoiler-shown a {color:#2288CC;} .chat code, .chat .spoiler:hover code, .chat .spoiler:active code, .chat .spoiler-shown code {border:1px solid #C0C0C0;background:#EEEEEE;color:black;padding:0 2px;} .chat .spoiler code {border:1px solid #CCCCCC;background:#CCCCCC;color:#CCCCCC;} .battle-log .rated {padding:3px 4px;} .battle-log .rated strong {color:white;background:#89A;padding:1px 4px;border-radius:4px;} .spacer {margin-top:0.5em;} .message-announce {background:#6688AA;color:white;padding:1px 4px 2px;} .message-announce a, .broadcast-green a, .broadcast-blue a, .broadcast-red a {color:#DDEEFF;} .broadcast-green {background-color:#559955;color:white;padding:2px 4px;} .broadcast-blue {background-color:#6688AA;color:white;padding:2px 4px;} .infobox {border:1px solid #6688AA;padding:2px 4px;} .infobox-limited {max-height:200px;overflow:auto;overflow-x:hidden;} .broadcast-red {background-color:#AA5544;color:white;padding:2px 4px;} .message-learn-canlearn {font-weight:bold;color:#228822;text-decoration:underline;} .message-learn-cannotlearn {font-weight:bold;color:#CC2222;text-decoration:underline;} .message-effect-weak {font-weight:bold;color:#CC2222;} .message-effect-resist {font-weight:bold;color:#6688AA;} .message-effect-immune {font-weight:bold;color:#666666;} .message-learn-list {margin-top:0;margin-bottom:0;} .message-throttle-notice, .message-error {color:#992222;} .message-overflow, .chat small.message-overflow {font-size:0pt;} .message-overflow::before {font-size:9pt;content:'...';} .subtle {color:#3A4A66;}
</style>
<div class="wrapper replay-wrapper" style="max-width:1180px;margin:0 auto">
<input type="hidden" name="replayid" value="destiny-ou-431502" />
<div class="battle"></div><div class="battle-log"></div><div class="replay-controls"></div><div class="replay-controls-2"></div>
<h1 style="font-weight:normal;text-align:center"><strong>OU</strong><br /><a href="http://pokemonshowdown.com/users/cacoluis2005" class="subtle" target="_blank">Cacoluis2005</a> vs. <a href="http://pokemonshowdown.com/users/alecsss" class="subtle" target="_blank">Alecsss</a></h1>
<script type="text/plain" class="battle-log-data">|player|p1|Cacoluis2005|267
|teamsize|p1|6
|player|p2|Alecsss|137
|teamsize|p2|6
|teamsize|p1|6
|teamsize|p2|6
|gametype|singles
|gen|7
|tier|OU
|rated
|seed|14414,28216,18276,16074
|rule|Cláusula-Mod de Dormir: solo puedes dormir a uno de tus oponentes a la vez.
|rule|Cláusula de Especie: Hasta un Pokémon de cada especie
|rule|Cláusula de Golpe Fulminante: los movimientos fulminantes (OHKO) estan prohibidos
|rule|Cláusula de Veleta: la habilidad Veleta está prohibida
|rule|Cláusula de Movimientos Evasivos: los movimientos de Evasión están prohibidos.
|rule|Cláusula de Batallas Eternas: forzar batallas eternas está prohibido
|clearpoke
|poke|p1|Tapu Koko|item
|poke|p1|Beedrill, M|item
|poke|p1|Landorus-Therian, M|item
|poke|p1|Magnezone|item
|poke|p1|Dragonite, M|item
|poke|p1|Starmie|item
|poke|p2|Umbreon, M, shiny|item
|poke|p2|Mew|item
|poke|p2|Landorus-Therian, M, shiny|item
|poke|p2|Greninja, M|item
|poke|p2|Charizard, M|item
|poke|p2|Gengar, F|item
|teampreview|undefined
|inactive|Reloj de batalla ENCENDIDO. El jugador inactivo será descalificado (solicitado por Cacoluis2005).
|choice|*team 213456|*
|choice|*|*team 423156
|choice|team 2, 1, 3, 4, 5, 6|team 4, 2, 3, 1, 5, 6
|
|start
|switch|p1a: Beedrill|Beedrill, M|271\/271
|switch|p2a: Greninja|Greninja, M|285\/285
|turn|1
|choice|*|*move 3
|choice|*move 2 mega|*
|choice|move fellstinger mega|move icebeam
|
|-mega|p1a: Beedrill|Beedrill|Beedrillite
|detailschange|p1a: Beedrill|Beedrill-Mega, M
|move|p1a: Beedrill|Fell Stinger|p2a: Greninja
|-supereffective|p2a: Greninja
|-damage|p2a: Greninja|0 fnt
|-boost|p1a: Beedrill|atk|3
|faint|p2a: Greninja
|
|upkeep
|choice|*|*switch 2
|choice||switch 2
|
|switch|p2a: Mew|Mew|403\/403
|turn|2
|choice|*|*move 2
|choice|*move 2|*
|choice|move fellstinger|move willowisp
|
|move|p1a: Beedrill|Fell Stinger|p2a: Mew
|-supereffective|p2a: Mew
|-damage|p2a: Mew|0 fnt
|-boost|p1a: Beedrill|atk|3
|faint|p2a: Mew
|
|upkeep
|choice|*|*switch 6
|choice||switch 6
|
|switch|p2a: Gengar|Gengar, F|261\/261
|turn|3
|choice|*move 4|*
|choice|*|*move 3
|choice|move drillrun|move destinybond
|
|move|p1a: Beedrill|Drill Run|p2a: Gengar
|-supereffective|p2a: Gengar
|-damage|p2a: Gengar|0 fnt
|-start|p1a: Beedrill|Disable|Drill Run|[from] ability: Cursed Body|[of] p2a: Gengar
|faint|p2a: Gengar
|
|upkeep
|choice|*|*switch 5
|choice||switch 5
|
|switch|p2a: Charizard|Charizard, M|297\/297
|turn|4
|choice|*|*move 1 mega
|choice|*move 3|*
|choice|move poisonjab|move dragondance mega
|
|-mega|p2a: Charizard|Charizard|Charizardite X
|detailschange|p2a: Charizard|Charizard-Mega-X, M
|move|p1a: Beedrill|Poison Jab|p2a: Charizard
|-damage|p2a: Charizard|0 fnt
|faint|p2a: Charizard
|
|upkeep
|choice|*|*switch 3
|choice||switch 3
|
|switch|p2a: Landorus|Landorus-Therian, M, shiny|319\/319
|-ability|p2a: Landorus|Intimidate|boost
|-unboost|p1a: Beedrill|atk|1
|turn|5
|choice|*move 3|*
|choice|*|*move 3
|choice|move poisonjab|move knockoff
|
|move|p1a: Beedrill|Poison Jab|p2a: Landorus
|-resisted|p2a: Landorus
|-damage|p2a: Landorus|45\/319
|-damage|p1a: Beedrill|226\/271|[from] item: Rocky Helmet|[of] p2a: Landorus
|move|p2a: Landorus|Knock Off|p1a: Beedrill
|-damage|p1a: Beedrill|66\/271
|
|upkeep
|turn|6
|choice|*move 3|*
|choice|*move 2|*
|choice|*|*move 2
|choice|move fellstinger|move earthquake
|
|move|p1a: Beedrill|Fell Stinger|p2a: Landorus
|-resisted|p2a: Landorus
|-damage|p2a: Landorus|0 fnt
|-damage|p1a: Beedrill|21\/271|[from] item: Rocky Helmet|[of] p2a: Landorus
|-boost|p1a: Beedrill|atk|1
|faint|p2a: Landorus
|
|upkeep
|choice|*|*switch 4
|choice||switch 4
|
|switch|p2a: Umbreon|Umbreon, M, shiny|394\/394
|turn|7
|choice|*|*move 3
|choice|*move 2|*
|choice|move fellstinger|move foulplay
|
|move|p1a: Beedrill|Fell Stinger|p2a: Umbreon
|-supereffective|p2a: Umbreon
|-damage|p2a: Umbreon|0 fnt
|-boost|p1a: Beedrill|atk|0
|faint|p2a: Umbreon
|
|win|Cacoluis2005
Cacoluis2005 ha ganado 9.25 PokeDolares.
|raw|Puntaje de Cacoluis2005: 1204 &rarr; <strong>1229<\/strong><br \/>(+25 por ganar)
|raw|Puntaje de Alecsss: 1213 &rarr; <strong>1188<\/strong><br \/>(-25 por perder)
</script>
</div>
<div class="battle-log battle-log-inline"><div class="inner"><div class="battle-options"></div><div class="inner"><div class=""><small>Format:</small> <br><strong>OU</strong></div><div class="rated"><strong>Rated battle</strong></div><div class=""><small><em>Cláusula-Mod de Dormir:</em> solo puedes dormir a uno de tus oponentes a la vez.</small></div><div class=""><small><em>Cláusula de Especie:</em> Hasta un Pokémon de cada especie</small></div><div class=""><small><em>Cláusula de Golpe Fulminante:</em> los movimientos fulminantes (OHKO) estan prohibidos</small></div><div class=""><small><em>Cláusula de Veleta:</em> la habilidad Veleta está prohibida</small></div><div class=""><small><em>Cláusula de Movimientos Evasivos:</em> los movimientos de Evasión están prohibidos.</small></div><div class=""><small><em>Cláusula de Batallas Eternas:</em> forzar batallas eternas está prohibido</small></div><div class="chat battle-history"><strong>Cacoluis2005's team:</strong> <em style="color:#445566;display:block;">Tapu Koko / Beedrill / Landorus-Therian / Magnezone / Dragonite / Starmie</em></div><div class="chat battle-history"><strong>Alecsss's team:</strong> <em style="color:#445566;display:block;">Umbreon / Mew / Landorus-Therian / Greninja / Charizard / Gengar</em></div><div class="chat message-error">Reloj de batalla ENCENDIDO. El jugador inactivo será descalificado (solicitado por Cacoluis2005).</div><div class="spacer battle-history"><br></div><div class="battle-history">Battle started between Cacoluis2005 and Alecsss!<br></div><div class="spacer battle-history"><br></div><div class="battle-history">Go! <strong>Beedrill</strong>!<br></div><div class="spacer battle-history"><br></div><div class="battle-history">Alecsss sent out <strong>Greninja</strong>!<br></div><div class="spacer battle-history"><br></div><h2 class="battle-history">Turn 1</h2><div class="spacer battle-history"><br></div><div class="battle-history"><small>Beedrill's Beedrillite is reacting to the Key Stone!</small><br>Beedrill has Mega Evolved into Mega Beedrill!<br></div><div class="spacer battle-history"><br></div><div class="battle-history">Beedrill used <strong>Fell Stinger</strong>!<br></div><div class="battle-history"><small>It's super effective!</small><br></div><div class="battle-history"><small>(The opposing Greninja lost <abbr title="−285/285">100%</abbr> of its health!)</small><br></div><div class="battle-history"><small>Beedrill's Attack rose drastically!</small><br></div><div class="spacer battle-history"><br></div><div class="battle-history">The opposing Greninja fainted!<br></div><div class="spacer battle-history"><br></div><div class="battle-history">Alecsss sent out <strong>Mew</strong>!<br></div><div class="spacer battle-history"><br></div><h2 class="battle-history">Turn 2</h2><div class="spacer battle-history"><br></div><div class="battle-history">Beedrill used <strong>Fell Stinger</strong>!<br></div><div class="battle-history"><small>It's super effective!</small><br></div><div class="battle-history"><small>(The opposing Mew lost <abbr title="−403/403">100%</abbr> of its health!)</small><br></div><div class="battle-history"><small>Beedrill's Attack rose drastically!</small><br></div><div class="spacer battle-history"><br></div><div class="battle-history">The opposing Mew fainted!<br></div><div class="spacer battle-history"><br></div><div class="battle-history">Alecsss sent out <strong>Gengar</strong>!<br></div><div class="spacer battle-history"><br></div><h2 class="battle-history">Turn 3</h2><div class="spacer battle-history"><br></div><div class="battle-history">Beedrill used <strong>Drill Run</strong>!<br></div><div class="battle-history"><small>It's super effective!</small><br></div><div class="battle-history"><small>(The opposing Gengar lost <abbr title="−261/261">100%</abbr> of its health!)</small><br></div><div class="battle-history"><small>[The opposing Gengar's Cursed Body]</small><br><small>Beedrill's Drill Run was disabled!</small><br></div><div class="spacer battle-history"><br></div><div class="battle-history">The opposing Gengar fainted!<br></div><div class="spacer battle-history"><br></div><div class="battle-history">Alecsss sent out <strong>Charizard</strong>!<br></div><div class="spacer battle-history"><br></div><h2 class="battle-history">Turn 4</h2><div class="spacer battle-history"><br></div><div class="battle-history"><small>The opposing Charizard's Charizardite X is reacting to the Key Stone!</small><br>The opposing Charizard has Mega Evolved into Mega Charizard!<br></div><div class="spacer battle-history"><br></div><div class="battle-history">Beedrill used <strong>Poison Jab</strong>!<br></div><div class="battle-history"><small>(The opposing Charizard lost <abbr title="−297/297">100%</abbr> of its health!)</small><br></div><div class="spacer battle-history"><br></div><div class="battle-history">The opposing Charizard fainted!<br></div><div class="spacer battle-history"><br></div><div class="battle-history">Alecsss sent out Landorus (<strong>Landorus-Therian</strong>)!<br></div><div class="battle-history"><small>[The opposing Landorus's Intimidate]</small><br></div><div class="battle-history"><small>Beedrill's Attack fell!</small><br></div><div class="spacer battle-history"><br></div><h2 class="battle-history">Turn 5</h2><div class="spacer battle-history"><br></div><div class="battle-history">Beedrill used <strong>Poison Jab</strong>!<br></div><div class="battle-history"><small>It's not very effective...</small><br></div><div class="battle-history"><small>(The opposing Landorus lost <abbr title="−274/319">85.9%</abbr> of its health!)</small><br></div><div class="battle-history"><small>Beedrill was hurt by the Rocky Helmet!</small><br></div><div class="spacer battle-history"><br></div><div class="battle-history">The opposing Landorus used <strong>Knock Off</strong>!<br></div><div class="battle-history"><small>(Beedrill lost <abbr title="−160/271">59.0%</abbr> of its health!)</small><br></div><div class="spacer battle-history"><br></div><h2 class="battle-history">Turn 6</h2><div class="spacer battle-history"><br></div><div class="battle-history">Beedrill used <strong>Fell Stinger</strong>!<br></div><div class="battle-history"><small>It's not very effective...</small><br></div><div class="battle-history"><small>(The opposing Landorus lost <abbr title="−45/319">14.1%</abbr> of its health!)</small><br></div><div class="battle-history"><small>Beedrill was hurt by the Rocky Helmet!</small><br></div><div class="battle-history"><small>Beedrill's Attack rose!</small><br></div><div class="spacer battle-history"><br></div><div class="battle-history">The opposing Landorus fainted!<br></div><div class="spacer battle-history"><br></div><div class="battle-history">Alecsss sent out <strong>Umbreon</strong>!<br></div><div class="spacer battle-history"><br></div><h2 class="battle-history">Turn 7</h2><div class="spacer battle-history"><br></div><div class="battle-history">Beedrill used <strong>Fell Stinger</strong>!<br></div><div class="battle-history"><small>It's super effective!</small><br></div><div class="battle-history"><small>(The opposing Umbreon lost <abbr title="−394/394">100%</abbr> of its health!)</small><br></div><div class="battle-history"><small>Beedrill's Attack won't go any higher!</small><br></div><div class="spacer battle-history"><br></div><div class="battle-history">The opposing Umbreon fainted!<br></div><div class="spacer battle-history"><br></div><div class="battle-history"><strong>Cacoluis2005</strong> won the battle!<br></div><div class="chat">Cacoluis2005 ha ganado 9.25 PokeDolares.</div><div class="chat">Puntaje de Cacoluis2005: 1204 → <strong>1229</strong><br>(+25 por ganar)</div><div class="chat">Puntaje de Alecsss: 1213 → <strong>1188</strong><br>(-25 por perder)</div></div><div class="inner-preempt"></div></div></div>
</div>
<script>
let daily = Math.floor(Date.now()/1000/60/60/24);document.write('<script src="https://play.pokemonshowdown.com/js/replay-embed.js?version'+daily+'"></'+'script>');
</script>
