<!DOCTYPE html>
<meta charset="utf-8" />
<!-- version 1 -->
<title>OU replay: Zenoa vs. Gеrard Way</title>
<style>
html,body {font-family:Verdana, sans-serif;font-size:10pt;margin:0;padding:0;}body{padding:12px 0;} .battle-log {font-family:Verdana, sans-serif;font-size:10pt;} .battle-log-inline {border:1px solid #AAAAAA;background:#EEF2F5;color:black;max-width:640px;margin:0 auto 80px;padding-bottom:5px;} .battle-log .inner {padding:4px 8px 0px 8px;} .battle-log .inner-preempt {padding:0 8px 4px 8px;} .battle-log .inner-after {margin-top:0.5em;} .battle-log h2 {margin:0.5em -8px;padding:4px 8px;border:1px solid #AAAAAA;background:#E0E7EA;border-left:0;border-right:0;font-family:Verdana, sans-serif;font-size:13pt;} .battle-log .chat {vertical-align:middle;padding:3px 0 3px 0;font-size:8pt;} .battle-log .chat strong {color:#40576A;} .battle-log .chat em {padding:1px 4px 1px 3px;color:#000000;font-style:normal;} .chat.mine {background:rgba(0,0,0,0.05);margin-left:-8px;margin-right:-8px;padding-left:8px;padding-right:8px;} .spoiler {color:#BBBBBB;background:#BBBBBB;padding:0px 3px;} .spoiler:hover, .spoiler:active, .spoiler-shown {color:#000000;background:#E2E2E2;padding:0px 3px;} .spoiler a {color:#BBBBBB;} .spoiler:hover a, .spoiler:active a, .spoiler-shown a {color:#2288CC;} .chat code, .chat .spoiler:hover code, .chat .spoiler:active code, .chat .spoiler-shown code {border:1px solid #C0C0C0;background:#EEEEEE;color:black;padding:0 2px;} .chat .spoiler code {border:1px solid #CCCCCC;background:#CCCCCC;color:#CCCCCC;} .battle-log .rated {padding:3px 4px;} .battle-log .rated strong {color:white;background:#89A;padding:1px 4px;border-radius:4px;} .spacer {margin-top:0.5em;} .message-announce {background:#6688AA;color:white;padding:1px 4px 2px;} .message-announce a, .broadcast-green a, .broadcast-blue a, .broadcast-red a {color:#DDEEFF;} .broadcast-green {background-color:#559955;color:white;padding:2px 4px;} .broadcast-blue {background-color:#6688AA;color:white;padding:2px 4px;} .infobox {border:1px solid #6688AA;padding:2px 4px;} .infobox-limited {max-height:200px;overflow:auto;overflow-x:hidden;} .broadcast-red {background-color:#AA5544;color:white;padding:2px 4px;} .message-learn-canlearn {font-weight:bold;color:#228822;text-decoration:underline;} .message-learn-cannotlearn {font-weight:bold;color:#CC2222;text-decoration:underline;} .message-effect-weak {font-weight:bold;color:#CC2222;} .message-effect-resist {font-weight:bold;color:#6688AA;} .message-effect-immune {font-weight:bold;color:#666666;} .message-learn-list {margin-top:0;margin-bottom:0;} .message-throttle-notice, .message-error {color:#992222;} .message-overflow, .chat small.message-overflow {font-size:0pt;} .message-overflow::before {font-size:9pt;content:'...';} .subtle {color:#3A4A66;}
</style>
<div class="wrapper replay-wrapper" style="max-width:1180px;margin:0 auto">
<input type="hidden" name="replayid" value="destiny-ou-547659" />
<div class="battle"></div><div class="battle-log"></div><div class="replay-controls"></div><div class="replay-controls-2"></div>
<h1 style="font-weight:normal;text-align:center"><strong>OU</strong><br /><a href="http://pokemonshowdown.com/users/zenoa" class="subtle" target="_blank">Zenoa</a> vs. <a href="http://pokemonshowdown.com/users/grardway" class="subtle" target="_blank">Gеrard Way</a></h1>
<script type="text/plain" class="battle-log-data">|unlink|||tour
|player|p1|Zenoa|zenoa-6.gif?bc0ce080
|teamsize|p1|6
|player|p2|Gеrard Way|grardway-15.gif?739b7485
|teamsize|p2|6
|teamsize|p1|6
|teamsize|p2|6
|gametype|singles
|gen|7
|tier|OU
|seed|19764,42268,63211,39405
|rule|Cláusula-Mod de Dormir: solo puedes dormir a uno de tus oponentes a la vez.
|rule|Cláusula de Especie: Hasta un Pokémon de cada especie
|rule|Cláusula de Golpe Fulminante: los movimientos fulminantes (OHKO) estan prohibidos
|rule|Cláusula de Veleta: la habilidad Veleta está prohibida
|rule|Cláusula de Movimientos Evasivos: los movimientos de Evasión están prohibidos.
|rule|Cláusula de Batallas Eternas: forzar batallas eternas está prohibido
|clearpoke
|poke|p1|Heracross, M, shiny|item
|poke|p1|Zygarde|item
|poke|p1|Jirachi|item
|poke|p1|Zapdos|item
|poke|p1|Keldeo|item
|poke|p1|Tapu Bulu|item
|poke|p2|Tangrowth, M|item
|poke|p2|Suicune|item
|poke|p2|Heatran, M|item
|poke|p2|Altaria, M|item
|poke|p2|Gliscor, M|item
|poke|p2|Snorlax, F|item
|teampreview|undefined
|c|☆Gеrard Way|Lord semi-monocolor 
|c|☆Gеrard Way|gl hf
|choice|*team 523416|*
|choice|*|*team 423156
|choice|team 5, 2, 3, 4, 1, 6|team 4, 2, 3, 1, 5, 6
|
|start
|switch|p1a: Keldeo|Keldeo|323\/323
|switch|p2a: Altaria|Altaria, M|353\/353
|turn|1
|choice|*|*move 1 mega
|choice|*|*move 1 mega
|choice|*switch 3|*
|choice|switch 3|move bodyslam mega
|
|switch|p1a: Jirachi|Jirachi|404\/404
|-mega|p2a: Altaria|Altaria|Altarianite
|detailschange|p2a: Altaria|Altaria-Mega, M
|move|p2a: Altaria|Body Slam|p1a: Jirachi
|-resisted|p1a: Jirachi
|-damage|p1a: Jirachi|341\/404
|
|-heal|p1a: Jirachi|366\/404|[from] item: Leftovers
|upkeep
|turn|2
|choice|*|*switch 3
|choice|*move 2|*
|choice|move stealthrock|switch 3
|
|switch|p2a: Heatran|Heatran, M|323\/323
|move|p1a: Jirachi|Stealth Rock|p2a: Heatran
|-sidestart|p2: Gеrard Way|move: Stealth Rock
|
|-heal|p1a: Jirachi|391\/404|[from] item: Leftovers
|upkeep
|turn|3
|choice|*switch 2|*
|choice|*|*move 4
|choice|switch 2|move stealthrock
|
|switch|p1a: Zygarde|Zygarde|357\/357
|-ability|p1a: Zygarde|Aura Break
|move|p2a: Heatran|Stealth Rock|p1a: Zygarde
|-sidestart|p1: Zenoa|move: Stealth Rock
|
|upkeep
|turn|4
|choice|*move 2|*
|choice|*|*switch 4
|choice|move dragondance|switch 4
|
|switch|p2a: Tangrowth|Tangrowth, M|404\/404
|-damage|p2a: Tangrowth|354\/404|[from] Stealth Rock
|move|p1a: Zygarde|Dragon Dance|p1a: Zygarde
|-boost|p1a: Zygarde|atk|1
|-boost|p1a: Zygarde|spe|1
|
|upkeep
|turn|5
|choice|*|*move 3
|choice|*move 1|*
|choice|move coil|move hiddenpower
|
|move|p1a: Zygarde|Coil|p1a: Zygarde
|-boost|p1a: Zygarde|atk|1
|-boost|p1a: Zygarde|def|1
|-boost|p1a: Zygarde|accuracy|1
|move|p2a: Tangrowth|Hidden Power|p1a: Zygarde
|-supereffective|p1a: Zygarde
|-damage|p1a: Zygarde|149\/357
|
|upkeep
|turn|6
|choice|*|*move 3
|choice|*move 4 zmove|*
|choice|move irontail zmove|move hiddenpower
|
|-zpower|p1a: Zygarde
|move|p1a: Zygarde|Corkscrew Crash|p2a: Tangrowth|[zeffect]
|-damage|p2a: Tangrowth|62\/404
|move|p2a: Tangrowth|Hidden Power|p1a: Zygarde
|-supereffective|p1a: Zygarde
|-damage|p1a: Zygarde|0 fnt
|faint|p1a: Zygarde
|
|upkeep
|choice|*switch 5|*
|choice|switch 5|
|
|switch|p1a: Heracross|Heracross, M, shiny|301\/301
|-damage|p1a: Heracross|264\/301|[from] Stealth Rock
|turn|7
|choice|*move 3 mega|*
|choice|*|*switch 3
|choice|move swordsdance mega|switch 3
|
|switch|p2a: Altaria|Altaria-Mega, M|353\/353
|-damage|p2a: Altaria|309\/353|[from] Stealth Rock
|-mega|p1a: Heracross|Heracross|Heracronite
|detailschange|p1a: Heracross|Heracross-Mega, M, shiny
|move|p1a: Heracross|Swords Dance|p1a: Heracross
|-boost|p1a: Heracross|atk|2
|
|upkeep
|turn|8
|choice|*|*move 1
|choice|*switch 2|*
|choice|switch 2|move bodyslam
|
|switch|p1a: Jirachi|Jirachi|391\/404
|-damage|p1a: Jirachi|366\/404|[from] Stealth Rock
|move|p2a: Altaria|Body Slam|p1a: Jirachi
|-resisted|p1a: Jirachi
|-damage|p1a: Jirachi|304\/404
|
|-heal|p1a: Jirachi|329\/404|[from] item: Leftovers
|upkeep
|turn|9
|choice|*switch 3|*
|choice|*|*switch 4
|choice|switch 3|switch 4
|
|switch|p1a: Keldeo|Keldeo|323\/323
|-damage|p1a: Keldeo|303\/323|[from] Stealth Rock
|switch|p2a: Heatran|Heatran, M|323\/323
|-damage|p2a: Heatran|283\/323|[from] Stealth Rock
|
|upkeep
|turn|10
|choice|*|*switch 4
|choice|*|*switch 2
|choice|*|*switch 2
|choice|*move 1|*
|choice|move hydropump|switch 2
|
|switch|p2a: Suicune|Suicune|404\/404
|-damage|p2a: Suicune|354\/404|[from] Stealth Rock
|-ability|p2a: Suicune|Pressure
|move|p1a: Keldeo|Hydro Pump|p2a: Suicune|[miss]
|-miss|p1a: Keldeo|p2a: Suicune
|
|-heal|p2a: Suicune|379\/404|[from] item: Leftovers
|upkeep
|turn|11
|choice|*|*move 2
|choice|*switch 6|*
|choice|switch 6|move substitute
|
|switch|p1a: Tapu Bulu|Tapu Bulu|281\/281
|-damage|p1a: Tapu Bulu|246\/281|[from] Stealth Rock
|-fieldstart|move: Grassy Terrain|[from] ability: Grassy Surge|[of] p1a: Tapu Bulu
|move|p2a: Suicune|Substitute|p2a: Suicune
|-start|p2a: Suicune|Substitute
|-damage|p2a: Suicune|278\/404
|
|-heal|p2a: Suicune|303\/404|[from] item: Leftovers
|-heal|p2a: Suicune|328\/404|[from] Grassy Terrain
|-heal|p1a: Tapu Bulu|263\/281|[from] Grassy Terrain
|upkeep
|turn|12
|choice|*|*move 1
|choice|*move 1|*
|choice|move hornleech|move scald
|
|move|p2a: Suicune|Scald|p1a: Tapu Bulu
|-resisted|p1a: Tapu Bulu
|-damage|p1a: Tapu Bulu|220\/281
|-status|p1a: Tapu Bulu|brn
|move|p1a: Tapu Bulu|Horn Leech|p2a: Suicune
|-supereffective|p2a: Suicune
|-end|p2a: Suicune|Substitute
|-heal|p1a: Tapu Bulu|271\/281 brn|[from] drain|[of] p2a: Suicune
|
|-heal|p2a: Suicune|353\/404|[from] item: Leftovers
|-heal|p2a: Suicune|378\/404|[from] Grassy Terrain
|-heal|p1a: Tapu Bulu|281\/281 brn|[from] Grassy Terrain
|-damage|p1a: Tapu Bulu|264\/281 brn|[from] brn
|upkeep
|turn|13
|choice|*move 1|*
|choice|*|*move 3
|choice|move hornleech|move calmmind
|
|move|p2a: Suicune|Calm Mind|p2a: Suicune
|-boost|p2a: Suicune|spa|1
|-boost|p2a: Suicune|spd|1
|move|p1a: Tapu Bulu|Horn Leech|p2a: Suicune
|-supereffective|p2a: Suicune
|-damage|p2a: Suicune|104\/404
|-heal|p1a: Tapu Bulu|281\/281 brn|[from] drain|[of] p2a: Suicune
|
|-heal|p2a: Suicune|129\/404|[from] item: Leftovers
|-heal|p2a: Suicune|154\/404|[from] Grassy Terrain
|-damage|p1a: Tapu Bulu|264\/281 brn|[from] brn
|upkeep
|turn|14
|choice|*|*move 4
|c|☆Gеrard Way|Damn
|c|☆Zenoa|es band
|choice|*switch 3|*
|choice|switch 3|move protect
|
|switch|p1a: Jirachi|Jirachi|329\/404
|-damage|p1a: Jirachi|304\/404|[from] Stealth Rock
|move|p2a: Suicune|Protect|p2a: Suicune
|-fail|p2a: Suicune
|
|-heal|p1a: Jirachi|329\/404|[from] item: Leftovers
|-heal|p1a: Jirachi|354\/404|[from] Grassy Terrain
|-heal|p2a: Suicune|179\/404|[from] item: Leftovers
|-heal|p2a: Suicune|204\/404|[from] Grassy Terrain
|upkeep
|turn|15
|choice|*move 4|*
|choice|*|*move 2
|choice|move wish|move substitute
|
|move|p1a: Jirachi|Wish|p1a: Jirachi
|move|p2a: Suicune|Substitute|p2a: Suicune
|-start|p2a: Suicune|Substitute
|-damage|p2a: Suicune|103\/404
|
|-heal|p1a: Jirachi|379\/404|[from] item: Leftovers
|-heal|p1a: Jirachi|404\/404|[from] Grassy Terrain
|-heal|p2a: Suicune|128\/404|[from] item: Leftovers
|-heal|p2a: Suicune|153\/404|[from] Grassy Terrain
|-fieldend|move: Grassy Terrain
|upkeep
|turn|16
|choice|*switch 3|*
|choice|*|*move 3
|choice|switch 3|move calmmind
|
|switch|p1a: Tapu Bulu|Tapu Bulu|264\/281 brn
|-damage|p1a: Tapu Bulu|229\/281 brn|[from] Stealth Rock
|-fieldstart|move: Grassy Terrain|[from] ability: Grassy Surge|[of] p1a: Tapu Bulu
|move|p2a: Suicune|Calm Mind|p2a: Suicune
|-boost|p2a: Suicune|spa|1
|-boost|p2a: Suicune|spd|1
|
|-heal|p1a: Tapu Bulu|281\/281 brn|[from] move: Wish|[wisher] Jirachi
|-heal|p2a: Suicune|178\/404|[from] item: Leftovers
|-heal|p2a: Suicune|203\/404|[from] Grassy Terrain
|-damage|p1a: Tapu Bulu|264\/281 brn|[from] brn
|upkeep
|turn|17
|choice|*|*move 4
|choice|*move 1|*
|choice|move hornleech|move protect
|
|move|p2a: Suicune|Protect|p2a: Suicune
|-singleturn|p2a: Suicune|Protect
|move|p1a: Tapu Bulu|Horn Leech|p2a: Suicune
|-activate|p2a: Suicune|move: Protect
|
|-heal|p2a: Suicune|228\/404|[from] item: Leftovers
|-heal|p2a: Suicune|253\/404|[from] Grassy Terrain
|-heal|p1a: Tapu Bulu|281\/281 brn|[from] Grassy Terrain
|-damage|p1a: Tapu Bulu|264\/281 brn|[from] brn
|upkeep
|turn|18
|choice|*move 1|*
|choice|*|*move 1
|choice|move hornleech|move scald
|
|move|p2a: Suicune|Scald|p1a: Tapu Bulu
|-resisted|p1a: Tapu Bulu
|-damage|p1a: Tapu Bulu|183\/281 brn
|move|p1a: Tapu Bulu|Horn Leech|p2a: Suicune
|-supereffective|p2a: Suicune
|-end|p2a: Suicune|Substitute
|-heal|p1a: Tapu Bulu|234\/281 brn|[from] drain|[of] p2a: Suicune
|
|-heal|p2a: Suicune|278\/404|[from] item: Leftovers
|-heal|p2a: Suicune|303\/404|[from] Grassy Terrain
|-heal|p1a: Tapu Bulu|251\/281 brn|[from] Grassy Terrain
|-damage|p1a: Tapu Bulu|234\/281 brn|[from] brn
|upkeep
|turn|19
|c|☆Zenoa|relevo
|c|☆Zenoa|?
|choice|*move 1|*
|choice|*|*move 4
|choice|move hornleech|move protect
|
|move|p2a: Suicune|Protect|p2a: Suicune
|-singleturn|p2a: Suicune|Protect
|move|p1a: Tapu Bulu|Horn Leech|p2a: Suicune
|-activate|p2a: Suicune|move: Protect
|
|-heal|p2a: Suicune|328\/404|[from] item: Leftovers
|-heal|p2a: Suicune|353\/404|[from] Grassy Terrain
|-heal|p1a: Tapu Bulu|251\/281 brn|[from] Grassy Terrain
|-damage|p1a: Tapu Bulu|234\/281 brn|[from] brn
|upkeep
|turn|20
|choice|*move 1|*
|choice|*|*switch 2
|choice|move hornleech|switch 2
|
|switch|p2a: Heatran|Heatran, M|283\/323
|-damage|p2a: Heatran|243\/323|[from] Stealth Rock
|move|p1a: Tapu Bulu|Horn Leech|p2a: Heatran
|-resisted|p2a: Heatran
|-damage|p2a: Heatran|207\/323
|-heal|p1a: Tapu Bulu|252\/281 brn|[from] drain|[of] p2a: Heatran
|
|-heal|p2a: Heatran|227\/323|[from] Grassy Terrain
|-heal|p1a: Tapu Bulu|269\/281 brn|[from] Grassy Terrain
|-fieldend|move: Grassy Terrain
|-damage|p1a: Tapu Bulu|252\/281 brn|[from] brn
|upkeep
|turn|21
|choice|*|*move 3
|choice|*switch 6|*
|choice|switch 6|move earthpower
|
|switch|p1a: Keldeo|Keldeo|303\/323
|-damage|p1a: Keldeo|283\/323|[from] Stealth Rock
|move|p2a: Heatran|Earth Power|p1a: Keldeo
|-damage|p1a: Keldeo|149\/323
|
|upkeep
|turn|22
|choice|*|*switch 4
|choice|*move 4|*
|choice|*|*switch 4
|choice|move secretsword|switch 4
|
|switch|p2a: Altaria|Altaria-Mega, M|309\/353
|-damage|p2a: Altaria|265\/353|[from] Stealth Rock
|move|p1a: Keldeo|Secret Sword|p2a: Altaria
|-resisted|p2a: Altaria
|-damage|p2a: Altaria|207\/353
|
|upkeep
|turn|23
|choice|*|*move 4
|choice|*switch 3|*
|choice|switch 3|move roost
|
|switch|p1a: Jirachi|Jirachi|404\/404
|-damage|p1a: Jirachi|379\/404|[from] Stealth Rock
|move|p2a: Altaria|Roost|p2a: Altaria
|-heal|p2a: Altaria|353\/353
|
|-heal|p1a: Jirachi|404\/404|[from] item: Leftovers
|upkeep
|turn|24
|choice|*move 4|*
|choice|*|*switch 5
|choice|move wish|switch 5
|
|switch|p2a: Gliscor|Gliscor, M|352\/352
|-damage|p2a: Gliscor|308\/352|[from] Stealth Rock
|move|p1a: Jirachi|Wish|p1a: Jirachi
|
|-status|p2a: Gliscor|tox|[from] item: Toxic Orb
|upkeep
|turn|25
|choice|*|*move 3
|choice|*|*move 1
|choice|*switch 2|*
|choice|switch 2|move swordsdance
|
|switch|p1a: Heracross|Heracross-Mega, M, shiny|264\/301
|-damage|p1a: Heracross|227\/301|[from] Stealth Rock
|move|p2a: Gliscor|Swords Dance|p2a: Gliscor
|-boost|p2a: Gliscor|atk|2
|
|-heal|p1a: Heracross|301\/301|[from] move: Wish|[wisher] Jirachi
|-heal|p2a: Gliscor|352\/352 tox|[from] ability: Poison Heal
|upkeep
|turn|26
|choice|*|*move 4
|choice|*move 3|*
|choice|move swordsdance|move facade
|
|move|p2a: Gliscor|Facade|p1a: Heracross
|-damage|p1a: Heracross|113\/301
|move|p1a: Heracross|Swords Dance|p1a: Heracross
|-boost|p1a: Heracross|atk|2
|
|upkeep
|turn|27
|choice|*move 1|*
|choice|*|*move 4
|choice|move rockblast|move facade
|
|move|p2a: Gliscor|Facade|p1a: Heracross
|-damage|p1a: Heracross|0 fnt
|faint|p1a: Heracross
|
|upkeep
|choice|*switch 4|*
|choice|switch 4|
|
|switch|p1a: Zapdos|Zapdos|384\/384
|-damage|p1a: Zapdos|288\/384|[from] Stealth Rock
|turn|28
|choice|*move 3|*
|choice|*|*move 4
|choice|move hiddenpower|move facade
|
|move|p2a: Gliscor|Facade|p1a: Zapdos
|-damage|p1a: Zapdos|125\/384
|move|p1a: Zapdos|Hidden Power|p2a: Gliscor
|-supereffective|p2a: Gliscor
|-damage|p2a: Gliscor|96\/352 tox
|
|-heal|p1a: Zapdos|149\/384|[from] item: Leftovers
|-heal|p2a: Gliscor|140\/352 tox|[from] ability: Poison Heal
|upkeep
|turn|29
|choice|*|*move 4
|choice|*move 3|*
|choice|move hiddenpower|move facade
|
|move|p2a: Gliscor|Facade|p1a: Zapdos
|-damage|p1a: Zapdos|0 fnt
|faint|p1a: Zapdos
|
|-heal|p2a: Gliscor|184\/352 tox|[from] ability: Poison Heal
|upkeep
|choice|*switch 3|*
|choice|switch 3|
|
|switch|p1a: Keldeo|Keldeo|149\/323
|-damage|p1a: Keldeo|129\/323|[from] Stealth Rock
|turn|30
|choice|*move 1|*
|choice|*|*switch 5
|choice|move hydropump|switch 5
|
|switch|p2a: Altaria|Altaria-Mega, M|353\/353
|-damage|p2a: Altaria|309\/353|[from] Stealth Rock
|move|p1a: Keldeo|Hydro Pump|p2a: Altaria
|-resisted|p2a: Altaria
|-damage|p2a: Altaria|225\/353
|
|upkeep
|turn|31
|choice|*move 1|*
|choice|*|*move 4
|choice|move hydropump|move roost
|
|move|p1a: Keldeo|Hydro Pump|p2a: Altaria
|-resisted|p2a: Altaria
|-damage|p2a: Altaria|132\/353
|move|p2a: Altaria|Roost|p2a: Altaria
|-heal|p2a: Altaria|309\/353
|
|upkeep
|turn|32
|c|☆Zenoa|q
|choice|*|*move 2
|c|☆Zenoa|ya te diste cuenta que era scarf?
|choice|*switch 2|*
|choice|switch 2|move earthquake
|
|switch|p1a: Jirachi|Jirachi|404\/404
|-damage|p1a: Jirachi|379\/404|[from] Stealth Rock
|move|p2a: Altaria|Earthquake|p1a: Jirachi
|-supereffective|p1a: Jirachi
|-damage|p1a: Jirachi|207\/404
|
|-heal|p1a: Jirachi|232\/404|[from] item: Leftovers
|upkeep
|turn|33
|choice|*switch 6|*
|choice|*move 4|*
|c|☆Gеrard Way|El qué? a.a
|c|☆Zenoa|el zapdos
|c|☆Zenoa|o.ó
|c|☆Gеrard Way|Lmao, no :0
|c|☆Gеrard Way|Podría ser full speed hp
|c|☆Gеrard Way|Que es un set de 200 a. C
|c|☆Gеrard Way|Pero era una probabilidad
|c|☆Zenoa|LA MADRE
|choice|*|*switch 4
|choice|move wish|switch 4
|
|switch|p2a: Heatran|Heatran, M|227\/323
|-damage|p2a: Heatran|187\/323|[from] Stealth Rock
|move|p1a: Jirachi|Wish|p1a: Jirachi
|
|-heal|p1a: Jirachi|257\/404|[from] item: Leftovers
|upkeep
|turn|34
|c|☆Zenoa|9 de la noche y no he estudiado
|choice|*|*move 3
|c|☆Zenoa|
|choice|*move 3|*
|choice|move protect|move earthpower
|
|move|p1a: Jirachi|Protect|p1a: Jirachi
|-singleturn|p1a: Jirachi|Protect
|move|p2a: Heatran|Earth Power|p1a: Jirachi
|-activate|p1a: Jirachi|move: Protect
|
|-heal|p1a: Jirachi|404\/404|[from] move: Wish|[wisher] Jirachi
|upkeep
|turn|35
|c|☆Gеrard Way|Lmao
|choice|*|*move 2
|choice|*move 1|*
|choice|move ironhead|move lavaplume
|
|move|p1a: Jirachi|Iron Head|p2a: Heatran
|-resisted|p2a: Heatran
|-damage|p2a: Heatran|167\/323
|cant|p2a: Heatran|flinch
|
|upkeep
|turn|36
|choice|*switch 2|*
|choice|*|*move 2
|choice|switch 2|move lavaplume
|
|switch|p1a: Keldeo|Keldeo|129\/323
|-damage|p1a: Keldeo|109\/323|[from] Stealth Rock
|move|p2a: Heatran|Lava Plume|p1a: Keldeo
|-resisted|p1a: Keldeo
|-damage|p1a: Keldeo|25\/323
|
|upkeep
|turn|37
|choice|*|*switch 4
|choice|*move 2|*
|choice|*|*switch 2
|choice|move stoneedge|switch 2
|
|switch|p2a: Suicune|Suicune|353\/404
|-damage|p2a: Suicune|303\/404|[from] Stealth Rock
|-ability|p2a: Suicune|Pressure
|move|p1a: Keldeo|Stone Edge|p2a: Suicune
|-damage|p2a: Suicune|247\/404
|
|-heal|p2a: Suicune|272\/404|[from] item: Leftovers
|upkeep
|turn|38
|choice|*|*move 2
|c|☆Zenoa|dsadasd
|c|☆Zenoa|JAJAJAJA
|c|☆Gеrard Way|Ah, el scarf es eso
|choice|*switch 6|*
|choice|switch 6|move substitute
|
|switch|p1a: Tapu Bulu|Tapu Bulu|252\/281 brn
|-damage|p1a: Tapu Bulu|217\/281 brn|[from] Stealth Rock
|-fieldstart|move: Grassy Terrain|[from] ability: Grassy Surge|[of] p1a: Tapu Bulu
|move|p2a: Suicune|Substitute|p2a: Suicune
|-start|p2a: Suicune|Substitute
|-damage|p2a: Suicune|171\/404
|
|-heal|p2a: Suicune|196\/404|[from] item: Leftovers
|-heal|p2a: Suicune|221\/404|[from] Grassy Terrain
|-heal|p1a: Tapu Bulu|234\/281 brn|[from] Grassy Terrain
|-damage|p1a: Tapu Bulu|217\/281 brn|[from] brn
|upkeep
|turn|39
|c|☆Zenoa|n
|c|☆Zenoa|es zap2
|choice|*move 4|*
|choice|*|*move 4
|choice|move woodhammer|move protect
|
|move|p2a: Suicune|Protect|p2a: Suicune
|-singleturn|p2a: Suicune|Protect
|move|p1a: Tapu Bulu|Wood Hammer|p2a: Suicune
|-activate|p2a: Suicune|move: Protect
|
|-heal|p2a: Suicune|246\/404|[from] item: Leftovers
|-heal|p2a: Suicune|271\/404|[from] Grassy Terrain
|-heal|p1a: Tapu Bulu|234\/281 brn|[from] Grassy Terrain
|-damage|p1a: Tapu Bulu|217\/281 brn|[from] brn
|upkeep
|turn|40
|choice|*move 4|*
|choice|*|*move 1
|choice|move woodhammer|move scald
|
|move|p2a: Suicune|Scald|p1a: Tapu Bulu
|-resisted|p1a: Tapu Bulu
|-damage|p1a: Tapu Bulu|170\/281 brn
|move|p1a: Tapu Bulu|Wood Hammer|p2a: Suicune
|-supereffective|p2a: Suicune
|-end|p2a: Suicune|Substitute
|-damage|p1a: Tapu Bulu|137\/281 brn|[from] recoil|[of] p2a: Suicune
|
|-heal|p2a: Suicune|296\/404|[from] item: Leftovers
|-heal|p2a: Suicune|321\/404|[from] Grassy Terrain
|-heal|p1a: Tapu Bulu|154\/281 brn|[from] Grassy Terrain
|-damage|p1a: Tapu Bulu|137\/281 brn|[from] brn
|upkeep
|turn|41
|choice|*switch 6|*
|choice|*|*move 4
|choice|switch 6|move protect
|
|switch|p1a: Keldeo|Keldeo|25\/323
|-damage|p1a: Keldeo|5\/323|[from] Stealth Rock
|move|p2a: Suicune|Protect|p2a: Suicune
|-fail|p2a: Suicune
|
|-heal|p1a: Keldeo|25\/323|[from] Grassy Terrain
|-heal|p2a: Suicune|346\/404|[from] item: Leftovers
|-heal|p2a: Suicune|371\/404|[from] Grassy Terrain
|upkeep
|turn|42
|choice|*|*move 1
|choice|*move 4|*
|choice|move secretsword|move scald
|
|move|p1a: Keldeo|Secret Sword|p2a: Suicune
|-damage|p2a: Suicune|245\/404
|move|p2a: Suicune|Scald|p1a: Keldeo
|-resisted|p1a: Keldeo
|-damage|p1a: Keldeo|0 fnt
|faint|p1a: Keldeo
|
|-heal|p2a: Suicune|270\/404|[from] item: Leftovers
|-heal|p2a: Suicune|295\/404|[from] Grassy Terrain
|-fieldend|move: Grassy Terrain
|upkeep
|choice|*switch 6|*
|choice|switch 6|
|
|switch|p1a: Tapu Bulu|Tapu Bulu|137\/281 brn
|-damage|p1a: Tapu Bulu|102\/281 brn|[from] Stealth Rock
|-fieldstart|move: Grassy Terrain|[from] ability: Grassy Surge|[of] p1a: Tapu Bulu
|turn|43
|choice|*move 2|*
|choice|*|*move 4
|choice|move superpower|move protect
|
|move|p2a: Suicune|Protect|p2a: Suicune
|-singleturn|p2a: Suicune|Protect
|move|p1a: Tapu Bulu|Superpower|p2a: Suicune
|-activate|p2a: Suicune|move: Protect
|
|-heal|p2a: Suicune|320\/404|[from] item: Leftovers
|-heal|p2a: Suicune|345\/404|[from] Grassy Terrain
|-heal|p1a: Tapu Bulu|119\/281 brn|[from] Grassy Terrain
|-damage|p1a: Tapu Bulu|102\/281 brn|[from] brn
|upkeep
|turn|44
|choice|*switch 2|*
|choice|*|*move 3
|choice|switch 2|move calmmind
|
|switch|p1a: Jirachi|Jirachi|404\/404
|-damage|p1a: Jirachi|379\/404|[from] Stealth Rock
|move|p2a: Suicune|Calm Mind|p2a: Suicune
|-boost|p2a: Suicune|spa|1
|-boost|p2a: Suicune|spd|1
|
|-heal|p1a: Jirachi|404\/404|[from] item: Leftovers
|-heal|p2a: Suicune|370\/404|[from] item: Leftovers
|-heal|p2a: Suicune|395\/404|[from] Grassy Terrain
|upkeep
|turn|45
|choice|*|*move 2
|choice|*move 1|*
|choice|move ironhead|move substitute
|
|move|p1a: Jirachi|Iron Head|p2a: Suicune
|-resisted|p2a: Suicune
|-damage|p2a: Suicune|356\/404
|cant|p2a: Suicune|flinch
|
|-heal|p2a: Suicune|381\/404|[from] item: Leftovers
|-heal|p2a: Suicune|404\/404|[from] Grassy Terrain
|upkeep
|turn|46
|choice|*|*move 1
|choice|*move 4|*
|choice|*|*move 3
|choice|move wish|move calmmind
|
|move|p1a: Jirachi|Wish|p1a: Jirachi
|move|p2a: Suicune|Calm Mind|p2a: Suicune
|-boost|p2a: Suicune|spa|1
|-boost|p2a: Suicune|spd|1
|
|upkeep
|turn|47
|choice|*switch 2|*
|choice|*|*move 1
|choice|switch 2|move scald
|
|switch|p1a: Tapu Bulu|Tapu Bulu|102\/281 brn
|-damage|p1a: Tapu Bulu|67\/281 brn|[from] Stealth Rock
|move|p2a: Suicune|Scald|p1a: Tapu Bulu
|-resisted|p1a: Tapu Bulu
|-crit|p1a: Tapu Bulu
|-damage|p1a: Tapu Bulu|0 fnt
|faint|p1a: Tapu Bulu
|
|-fieldend|move: Grassy Terrain
|upkeep
|choice|*switch 2|*
|choice|switch 2|
|
|switch|p1a: Jirachi|Jirachi|404\/404
|-damage|p1a: Jirachi|379\/404|[from] Stealth Rock
|turn|48
|choice|*move 1|*
|choice|*|*move 2
|choice|move ironhead|move substitute
|
|move|p1a: Jirachi|Iron Head|p2a: Suicune
|-resisted|p2a: Suicune
|-damage|p2a: Suicune|360\/404
|cant|p2a: Suicune|flinch
|
|-heal|p1a: Jirachi|404\/404|[from] item: Leftovers
|-heal|p2a: Suicune|385\/404|[from] item: Leftovers
|upkeep
|turn|49
|choice|*|*move 2
|c|☆Gеrard Way|lagtest
|c|☆Gеrard Way|Ah 
|player|p2|
|choice|*move 1|*
|choice|move ironhead|move substitute
|
|move|p1a: Jirachi|Iron Head|p2a: Suicune
|-resisted|p2a: Suicune
|-damage|p2a: Suicune|345\/404
|move|p2a: Suicune|Substitute|p2a: Suicune
|-start|p2a: Suicune|Substitute
|-damage|p2a: Suicune|244\/404
|
|-heal|p2a: Suicune|269\/404|[from] item: Leftovers
|upkeep
|turn|50
|choice|*move 1|*
|player|p2|Gеrard Way|grardway-15.gif?739b7485
|choice|*|*move 2
|choice|move ironhead|move substitute
|
|move|p1a: Jirachi|Iron Head|p2a: Suicune
|-resisted|p2a: Suicune
|-activate|p2a: Suicune|move: Substitute|[damage]
|move|p2a: Suicune|Substitute|p2a: Suicune
|-fail|p2a: Suicune|move: Substitute
|
|-heal|p2a: Suicune|294\/404|[from] item: Leftovers
|upkeep
|turn|51
|c|☆Gеrard Way|Lol
|choice|*|*move 4
|choice|*move 1|*
|choice|move ironhead|move protect
|
|move|p2a: Suicune|Protect|p2a: Suicune
|-singleturn|p2a: Suicune|Protect
|move|p1a: Jirachi|Iron Head|p2a: Suicune
|-activate|p2a: Suicune|move: Protect
|
|-heal|p2a: Suicune|319\/404|[from] item: Leftovers
|upkeep
|turn|52
|inactive|Reloj de batalla ENCENDIDO. El jugador inactivo será descalificado (solicitado por Gеrard Way).
|choice|*|*move 1
|choice|*move 1|*
|choice|move ironhead|move scald
|
|move|p1a: Jirachi|Iron Head|p2a: Suicune
|-resisted|p2a: Suicune
|-activate|p2a: Suicune|move: Substitute|[damage]
|move|p2a: Suicune|Scald|p1a: Jirachi
|-damage|p1a: Jirachi|223\/404
|
|-heal|p1a: Jirachi|248\/404|[from] item: Leftovers
|-heal|p2a: Suicune|344\/404|[from] item: Leftovers
|upkeep
|turn|53
|choice|*|*move 1
|inactive|Zenoa tiene 285 segundos restantes.
|inactive|Zenoa tiene 270 segundos restantes.
|inactive|Zenoa tiene 255 segundos restantes.
|choice|*move 1|*
|choice|move ironhead|move scald
|
|move|p1a: Jirachi|Iron Head|p2a: Suicune
|-resisted|p2a: Suicune
|-end|p2a: Suicune|Substitute
|move|p2a: Suicune|Scald|p1a: Jirachi
|-crit|p1a: Jirachi
|-damage|p1a: Jirachi|0 fnt
|faint|p1a: Jirachi
|
|win|Gеrard Way
</script>
</div>
<div class="battle-log battle-log-inline"><div class="inner"><div class="battle-options"></div><div class="inner"><div class=""><small>Format:</small> <br><strong>OU</strong></div><div class=""><small><em>Cláusula-Mod de Dormir:</em> solo puedes dormir a uno de tus oponentes a la vez.</small></div><div class=""><small><em>Cláusula de Especie:</em> Hasta un Pokémon de cada especie</small></div><div class=""><small><em>Cláusula de Golpe Fulminante:</em> los movimientos fulminantes (OHKO) estan prohibidos</small></div><div class=""><small><em>Cláusula de Veleta:</em> la habilidad Veleta está prohibida</small></div><div class=""><small><em>Cláusula de Movimientos Evasivos:</em> los movimientos de Evasión están prohibidos.</small></div><div class=""><small><em>Cláusula de Batallas Eternas:</em> forzar batallas eternas está prohibido</small></div><div class="chat battle-history"><strong>Zenoa's team:</strong> <em style="color:#445566;display:block;">Heracross / Zygarde / Jirachi / Zapdos / Keldeo / Tapu Bulu</em></div><div class="chat battle-history"><strong>Gеrard Way's team:</strong> <em style="color:#445566;display:block;">Tangrowth / Suicune / Heatran / Altaria / Gliscor / Snorlax</em></div><div class="chat chatmessage-grardway"><strong style="color:hsl(23,56%,44%)"><small>☆</small><span class="username" data-name="Gеrard Way">Gеrard Way</span>:</strong> <em>Lord semi-monocolor </em></div><div class="chat chatmessage-grardway"><strong style="color:hsl(23,56%,44%)"><small>☆</small><span class="username" data-name="Gеrard Way">Gеrard Way</span>:</strong> <em>gl hf</em></div><div class="spacer battle-history"><br></div><div class="battle-history">Battle started between Zenoa and Gеrard Way!<br></div><div class="spacer battle-history"><br></div><div class="battle-history">Go! <strong>Keldeo</strong>!<br></div><div class="spacer battle-history"><br></div><div class="battle-history">Gеrard Way sent out <strong>Altaria</strong>!<br></div><div class="spacer battle-history"><br></div><h2 class="battle-history">Turn 1</h2><div class="spacer battle-history"><br></div><div class="battle-history">Keldeo, come back!<br></div><div class="battle-history">Go! <strong>Jirachi</strong>!<br></div><div class="spacer battle-history"><br></div><div class="battle-history"><small>The opposing Altaria's Altarianite is reacting to the Key Stone!</small><br>The opposing Altaria has Mega Evolved into Mega Altaria!<br></div><div class="spacer battle-history"><br></div><div class="battle-history">The opposing Altaria used <strong>Body Slam</strong>!<br></div><div class="battle-history"><small>It's not very effective...</small><br></div><div class="battle-history"><small>(Jirachi lost <abbr title="−63/404">15.6%</abbr> of its health!)</small><br></div><div class="spacer battle-history"><br></div><div class="battle-history"><small>Jirachi restored a little HP using its Leftovers!</small><br></div><div class="spacer battle-history"><br></div><h2 class="battle-history">Turn 2</h2><div class="spacer battle-history"><br></div><div class="battle-history">Gеrard Way withdrew Altaria!<br></div><div class="battle-history">Gеrard Way sent out <strong>Heatran</strong>!<br></div><div class="spacer battle-history"><br></div><div class="battle-history">Jirachi used <strong>Stealth Rock</strong>!<br></div><div class="battle-history"><small>Pointed stones float in the air around the opposing team!</small><br></div><div class="spacer battle-history"><br></div><div class="battle-history"><small>Jirachi restored a little HP using its Leftovers!</small><br></div><div class="spacer battle-history"><br></div><h2 class="battle-history">Turn 3</h2><div class="spacer battle-history"><br></div><div class="battle-history">Jirachi, come back!<br></div><div class="battle-history">Go! <strong>Zygarde</strong>!<br></div><div class="battle-history"><small>[Zygarde's Aura Break]</small><br><small>Zygarde reversed all other Pokémon's auras!</small><br></div><div class="spacer battle-history"><br></div><div class="battle-history">The opposing Heatran used <strong>Stealth Rock</strong>!<br></div><div class="battle-history"><small>Pointed stones float in the air around your team!</small><br></div><div class="spacer battle-history"><br></div><h2 class="battle-history">Turn 4</h2><div class="spacer battle-history"><br></div><div class="battle-history">Gеrard Way withdrew Heatran!<br></div><div class="battle-history">Gеrard Way sent out <strong>Tangrowth</strong>!<br></div><div class="battle-history"><small>Pointed stones dug into the opposing Tangrowth!</small><br></div><div class="spacer battle-history"><br></div><div class="battle-history">Zygarde used <strong>Dragon Dance</strong>!<br></div><div class="battle-history"><small>Zygarde's Attack rose!</small><br></div><div class="battle-history"><small>Zygarde's Speed rose!</small><br></div><div class="spacer battle-history"><br></div><h2 class="battle-history">Turn 5</h2><div class="spacer battle-history"><br></div><div class="battle-history">Zygarde used <strong>Coil</strong>!<br></div><div class="battle-history"><small>Zygarde's Attack rose!</small><br></div><div class="battle-history"><small>Zygarde's Defense rose!</small><br></div><div class="battle-history"><small>Zygarde's accuracy rose!</small><br></div><div class="spacer battle-history"><br></div><div class="battle-history">The opposing Tangrowth used <strong>Hidden Power</strong>!<br></div><div class="battle-history"><small>It's super effective!</small><br></div><div class="battle-history"><small>(Zygarde lost <abbr title="−208/357">58.3%</abbr> of its health!)</small><br></div><div class="spacer battle-history"><br></div><h2 class="battle-history">Turn 6</h2><div class="spacer battle-history"><br></div><div class="battle-history"><small>Zygarde surrounded itself with its Z-Power!</small><br></div><div class="spacer battle-history"><br></div><div class="battle-history">Zygarde used <strong>Corkscrew Crash</strong>!<br></div><div class="battle-history"><small>(The opposing Tangrowth lost <abbr title="−292/404">72.3%</abbr> of its health!)</small><br></div><div class="spacer battle-history"><br></div><div class="battle-history">The opposing Tangrowth used <strong>Hidden Power</strong>!<br></div><div class="battle-history"><small>It's super effective!</small><br></div><div class="battle-history"><small>(Zygarde lost <abbr title="−149/357">41.7%</abbr> of its health!)</small><br></div><div class="spacer battle-history"><br></div><div class="battle-history">Zygarde fainted!<br></div><div class="spacer battle-history"><br></div><div class="battle-history">Go! <strong>Heracross</strong>!<br></div><div class="battle-history"><small>Pointed stones dug into Heracross!</small><br></div><div class="spacer battle-history"><br></div><h2 class="battle-history">Turn 7</h2><div class="spacer battle-history"><br></div><div class="battle-history">Gеrard Way withdrew Tangrowth!<br></div><div class="battle-history">Gеrard Way sent out Altaria (<strong>Altaria-Mega</strong>)!<br></div><div class="battle-history"><small>Pointed stones dug into the opposing Altaria!</small><br></div><div class="spacer battle-history"><br></div><div class="battle-history"><small>Heracross's Heracronite is reacting to the Key Stone!</small><br>Heracross has Mega Evolved into Mega Heracross!<br></div><div class="spacer battle-history"><br></div><div class="battle-history">Heracross used <strong>Swords Dance</strong>!<br></div><div class="battle-history"><small>Heracross's Attack rose sharply!</small><br></div><div class="spacer battle-history"><br></div><h2 class="battle-history">Turn 8</h2><div class="spacer battle-history"><br></div><div class="battle-history">Heracross, come back!<br></div><div class="battle-history">Go! <strong>Jirachi</strong>!<br></div><div class="battle-history"><small>Pointed stones dug into Jirachi!</small><br></div><div class="spacer battle-history"><br></div><div class="battle-history">The opposing Altaria used <strong>Body Slam</strong>!<br></div><div class="battle-history"><small>It's not very effective...</small><br></div><div class="battle-history"><small>(Jirachi lost <abbr title="−62/404">15.3%</abbr> of its health!)</small><br></div><div class="spacer battle-history"><br></div><div class="battle-history"><small>Jirachi restored a little HP using its Leftovers!</small><br></div><div class="spacer battle-history"><br></div><h2 class="battle-history">Turn 9</h2><div class="spacer battle-history"><br></div><div class="battle-history">Jirachi, come back!<br></div><div class="battle-history">Go! <strong>Keldeo</strong>!<br></div><div class="battle-history"><small>Pointed stones dug into Keldeo!</small><br></div><div class="spacer battle-history"><br></div><div class="battle-history">Gеrard Way withdrew Altaria!<br></div><div class="battle-history">Gеrard Way sent out <strong>Heatran</strong>!<br></div><div class="battle-history"><small>Pointed stones dug into the opposing Heatran!</small><br></div><div class="spacer battle-history"><br></div><h2 class="battle-history">Turn 10</h2><div class="spacer battle-history"><br></div><div class="battle-history">Gеrard Way withdrew Heatran!<br></div><div class="battle-history">Gеrard Way sent out <strong>Suicune</strong>!<br></div><div class="battle-history"><small>Pointed stones dug into the opposing Suicune!</small><br></div><div class="battle-history"><small>[The opposing Suicune's Pressure]</small><br><small>The opposing Suicune is exerting its pressure!</small><br></div><div class="spacer battle-history"><br></div><div class="battle-history">Keldeo used <strong>Hydro Pump</strong>!<br></div><div class="battle-history"><small>The opposing Suicune avoided the attack!</small><br></div><div class="spacer battle-history"><br></div><div class="battle-history"><small>The opposing Suicune restored a little HP using its Leftovers!</small><br></div><div class="spacer battle-history"><br></div><h2 class="battle-history">Turn 11</h2><div class="spacer battle-history"><br></div><div class="battle-history">Keldeo, come back!<br></div><div class="battle-history">Go! <strong>Tapu Bulu</strong>!<br></div><div class="battle-history"><small>Pointed stones dug into Tapu Bulu!</small><br></div><div class="battle-history"><small>[Tapu Bulu's Grassy Surge]</small><br><small>Grass grew to cover the battlefield!</small><br></div><div class="spacer battle-history"><br></div><div class="battle-history">The opposing Suicune used <strong>Substitute</strong>!<br></div><div class="battle-history"><small>The opposing Suicune put in a substitute!</small><br></div><div class="battle-history"><small>(The opposing Suicune lost <abbr title="−101/404">25%</abbr> of its health!)</small><br></div><div class="spacer battle-history"><br></div><div class="battle-history"><small>The opposing Suicune restored a little HP using its Leftovers!</small><br></div><div class="battle-history"><small>The opposing Suicune restored HP using its Grassy Terrain!</small><br></div><div class="battle-history"><small>Tapu Bulu restored HP using its Grassy Terrain!</small><br></div><div class="spacer battle-history"><br></div><h2 class="battle-history">Turn 12</h2><div class="spacer battle-history"><br></div><div class="battle-history">The opposing Suicune used <strong>Scald</strong>!<br></div><div class="battle-history"><small>It's not very effective...</small><br></div><div class="battle-history"><small>(Tapu Bulu lost <abbr title="−43/281">15.3%</abbr> of its health!)</small><br></div><div class="battle-history"><small>Tapu Bulu was burned!</small><br></div><div class="spacer battle-history"><br></div><div class="battle-history">Tapu Bulu used <strong>Horn Leech</strong>!<br></div><div class="battle-history"><small>It's super effective!</small><br></div><div class="battle-history"><small>The opposing Suicune's substitute faded!</small><br></div><div class="battle-history"><small>The opposing Suicune had its energy drained!</small><br></div><div class="spacer battle-history"><br></div><div class="battle-history"><small>The opposing Suicune restored a little HP using its Leftovers!</small><br></div><div class="battle-history"><small>The opposing Suicune restored HP using its Grassy Terrain!</small><br></div><div class="battle-history"><small>Tapu Bulu restored HP using its Grassy Terrain!</small><br></div><div class="battle-history"><small>Tapu Bulu was hurt by its burn!</small><br></div><div class="spacer battle-history"><br></div><h2 class="battle-history">Turn 13</h2><div class="spacer battle-history"><br></div><div class="battle-history">The opposing Suicune used <strong>Calm Mind</strong>!<br></div><div class="battle-history"><small>The opposing Suicune's Special Attack rose!</small><br></div><div class="battle-history"><small>The opposing Suicune's Special Defense rose!</small><br></div><div class="spacer battle-history"><br></div><div class="battle-history">Tapu Bulu used <strong>Horn Leech</strong>!<br></div><div class="battle-history"><small>It's super effective!</small><br></div><div class="battle-history"><small>(The opposing Suicune lost <abbr title="−274/404">67.8%</abbr> of its health!)</small><br></div><div class="battle-history"><small>The opposing Suicune had its energy drained!</small><br></div><div class="spacer battle-history"><br></div><div class="battle-history"><small>The opposing Suicune restored a little HP using its Leftovers!</small><br></div><div class="battle-history"><small>The opposing Suicune restored HP using its Grassy Terrain!</small><br></div><div class="battle-history"><small>Tapu Bulu was hurt by its burn!</small><br></div><div class="spacer battle-history"><br></div><h2 class="battle-history">Turn 14</h2><div class="chat chatmessage-grardway"><strong style="color:hsl(23,56%,44%)"><small>☆</small><span class="username" data-name="Gеrard Way">Gеrard Way</span>:</strong> <em>Damn</em></div><div class="chat chatmessage-zenoa"><strong style="color:hsl(87,41%,35%)"><small>☆</small><span class="username" data-name="Zenoa">Zenoa</span>:</strong> <em>es band</em></div><div class="spacer battle-history"><br></div><div class="battle-history">Tapu Bulu, come back!<br></div><div class="battle-history">Go! <strong>Jirachi</strong>!<br></div><div class="battle-history"><small>Pointed stones dug into Jirachi!</small><br></div><div class="spacer battle-history"><br></div><div class="battle-history">The opposing Suicune used <strong>Protect</strong>!<br></div><div class="battle-history"><small>But it failed!</small><br></div><div class="spacer battle-history"><br></div><div class="battle-history"><small>Jirachi restored a little HP using its Leftovers!</small><br></div><div class="battle-history"><small>Jirachi restored HP using its Grassy Terrain!</small><br></div><div class="battle-history"><small>The opposing Suicune restored a little HP using its Leftovers!</small><br></div><div class="battle-history"><small>The opposing Suicune restored HP using its Grassy Terrain!</small><br></div><div class="spacer battle-history"><br></div><h2 class="battle-history">Turn 15</h2><div class="spacer battle-history"><br></div><div class="battle-history">Jirachi used <strong>Wish</strong>!<br></div><div class="spacer battle-history"><br></div><div class="battle-history">The opposing Suicune used <strong>Substitute</strong>!<br></div><div class="battle-history"><small>The opposing Suicune put in a substitute!</small><br></div><div class="battle-history"><small>(The opposing Suicune lost <abbr title="−101/404">25%</abbr> of its health!)</small><br></div><div class="spacer battle-history"><br></div><div class="battle-history"><small>Jirachi restored a little HP using its Leftovers!</small><br></div><div class="battle-history"><small>Jirachi restored HP using its Grassy Terrain!</small><br></div><div class="battle-history"><small>The opposing Suicune restored a little HP using its Leftovers!</small><br></div><div class="battle-history"><small>The opposing Suicune restored HP using its Grassy Terrain!</small><br></div><div class="battle-history"><small>The grass disappeared from the battlefield.</small><br></div><div class="spacer battle-history"><br></div><h2 class="battle-history">Turn 16</h2><div class="spacer battle-history"><br></div><div class="battle-history">Jirachi, come back!<br></div><div class="battle-history">Go! <strong>Tapu Bulu</strong>!<br></div><div class="battle-history"><small>Pointed stones dug into Tapu Bulu!</small><br></div><div class="battle-history"><small>[Tapu Bulu's Grassy Surge]</small><br><small>Grass grew to cover the battlefield!</small><br></div><div class="spacer battle-history"><br></div><div class="battle-history">The opposing Suicune used <strong>Calm Mind</strong>!<br></div><div class="battle-history"><small>The opposing Suicune's Special Attack rose!</small><br></div><div class="battle-history"><small>The opposing Suicune's Special Defense rose!</small><br></div><div class="spacer battle-history"><br></div><div class="battle-history"><small>Jirachi's wish came true!</small><br></div><div class="battle-history"><small>The opposing Suicune restored a little HP using its Leftovers!</small><br></div><div class="battle-history"><small>The opposing Suicune restored HP using its Grassy Terrain!</small><br></div><div class="battle-history"><small>Tapu Bulu was hurt by its burn!</small><br></div><div class="spacer battle-history"><br></div><h2 class="battle-history">Turn 17</h2><div class="spacer battle-history"><br></div><div class="battle-history">The opposing Suicune used <strong>Protect</strong>!<br></div><div class="battle-history"><small>The opposing Suicune protected itself!</small><br></div><div class="spacer battle-history"><br></div><div class="battle-history">Tapu Bulu used <strong>Horn Leech</strong>!<br></div><div class="battle-history"><small>The opposing Suicune protected itself!</small><br></div><div class="spacer battle-history"><br></div><div class="battle-history"><small>The opposing Suicune restored a little HP using its Leftovers!</small><br></div><div class="battle-history"><small>The opposing Suicune restored HP using its Grassy Terrain!</small><br></div><div class="battle-history"><small>Tapu Bulu restored HP using its Grassy Terrain!</small><br></div><div class="battle-history"><small>Tapu Bulu was hurt by its burn!</small><br></div><div class="spacer battle-history"><br></div><h2 class="battle-history">Turn 18</h2><div class="spacer battle-history"><br></div><div class="battle-history">The opposing Suicune used <strong>Scald</strong>!<br></div><div class="battle-history"><small>It's not very effective...</small><br></div><div class="battle-history"><small>(Tapu Bulu lost <abbr title="−81/281">28.8%</abbr> of its health!)</small><br></div><div class="spacer battle-history"><br></div><div class="battle-history">Tapu Bulu used <strong>Horn Leech</strong>!<br></div><div class="battle-history"><small>It's super effective!</small><br></div><div class="battle-history"><small>The opposing Suicune's substitute faded!</small><br></div><div class="battle-history"><small>The opposing Suicune had its energy drained!</small><br></div><div class="spacer battle-history"><br></div><div class="battle-history"><small>The opposing Suicune restored a little HP using its Leftovers!</small><br></div><div class="battle-history"><small>The opposing Suicune restored HP using its Grassy Terrain!</small><br></div><div class="battle-history"><small>Tapu Bulu restored HP using its Grassy Terrain!</small><br></div><div class="battle-history"><small>Tapu Bulu was hurt by its burn!</small><br></div><div class="spacer battle-history"><br></div><h2 class="battle-history">Turn 19</h2><div class="chat chatmessage-zenoa"><strong style="color:hsl(87,41%,35%)"><small>☆</small><span class="username" data-name="Zenoa">Zenoa</span>:</strong> <em>relevo</em></div><div class="chat chatmessage-zenoa"><strong style="color:hsl(87,41%,35%)"><small>☆</small><span class="username" data-name="Zenoa">Zenoa</span>:</strong> <em>?</em></div><div class="spacer battle-history"><br></div><div class="battle-history">The opposing Suicune used <strong>Protect</strong>!<br></div><div class="battle-history"><small>The opposing Suicune protected itself!</small><br></div><div class="spacer battle-history"><br></div><div class="battle-history">Tapu Bulu used <strong>Horn Leech</strong>!<br></div><div class="battle-history"><small>The opposing Suicune protected itself!</small><br></div><div class="spacer battle-history"><br></div><div class="battle-history"><small>The opposing Suicune restored a little HP using its Leftovers!</small><br></div><div class="battle-history"><small>The opposing Suicune restored HP using its Grassy Terrain!</small><br></div><div class="battle-history"><small>Tapu Bulu restored HP using its Grassy Terrain!</small><br></div><div class="battle-history"><small>Tapu Bulu was hurt by its burn!</small><br></div><div class="spacer battle-history"><br></div><h2 class="battle-history">Turn 20</h2><div class="spacer battle-history"><br></div><div class="battle-history">Gеrard Way withdrew Suicune!<br></div><div class="battle-history">Gеrard Way sent out <strong>Heatran</strong>!<br></div><div class="battle-history"><small>Pointed stones dug into the opposing Heatran!</small><br></div><div class="spacer battle-history"><br></div><div class="battle-history">Tapu Bulu used <strong>Horn Leech</strong>!<br></div><div class="battle-history"><small>It's not very effective...</small><br></div><div class="battle-history"><small>(The opposing Heatran lost <abbr title="−36/323">11.1%</abbr> of its health!)</small><br></div><div class="battle-history"><small>The opposing Heatran had its energy drained!</small><br></div><div class="spacer battle-history"><br></div><div class="battle-history"><small>The opposing Heatran restored HP using its Grassy Terrain!</small><br></div><div class="battle-history"><small>Tapu Bulu restored HP using its Grassy Terrain!</small><br></div><div class="battle-history"><small>The grass disappeared from the battlefield.</small><br></div><div class="battle-history"><small>Tapu Bulu was hurt by its burn!</small><br></div><div class="spacer battle-history"><br></div><h2 class="battle-history">Turn 21</h2><div class="spacer battle-history"><br></div><div class="battle-history">Tapu Bulu, come back!<br></div><div class="battle-history">Go! <strong>Keldeo</strong>!<br></div><div class="battle-history"><small>Pointed stones dug into Keldeo!</small><br></div><div class="spacer battle-history"><br></div><div class="battle-history">The opposing Heatran used <strong>Earth Power</strong>!<br></div><div class="battle-history"><small>(Keldeo lost <abbr title="−134/323">41.5%</abbr> of its health!)</small><br></div><div class="spacer battle-history"><br></div><h2 class="battle-history">Turn 22</h2><div class="spacer battle-history"><br></div><div class="battle-history">Gеrard Way withdrew Heatran!<br></div><div class="battle-history">Gеrard Way sent out Altaria (<strong>Altaria-Mega</strong>)!<br></div><div class="battle-history"><small>Pointed stones dug into the opposing Altaria!</small><br></div><div class="spacer battle-history"><br></div><div class="battle-history">Keldeo used <strong>Secret Sword</strong>!<br></div><div class="battle-history"><small>It's not very effective...</small><br></div><div class="battle-history"><small>(The opposing Altaria lost <abbr title="−58/353">16.4%</abbr> of its health!)</small><br></div><div class="spacer battle-history"><br></div><h2 class="battle-history">Turn 23</h2><div class="spacer battle-history"><br></div><div class="battle-history">Keldeo, come back!<br></div><div class="battle-history">Go! <strong>Jirachi</strong>!<br></div><div class="battle-history"><small>Pointed stones dug into Jirachi!</small><br></div><div class="spacer battle-history"><br></div><div class="battle-history">The opposing Altaria used <strong>Roost</strong>!<br></div><div class="battle-history"><small>The opposing Altaria restored its HP.</small><br></div><div class="spacer battle-history"><br></div><div class="battle-history"><small>Jirachi restored a little HP using its Leftovers!</small><br></div><div class="spacer battle-history"><br></div><h2 class="battle-history">Turn 24</h2><div class="spacer battle-history"><br></div><div class="battle-history">Gеrard Way withdrew Altaria!<br></div><div class="battle-history">Gеrard Way sent out <strong>Gliscor</strong>!<br></div><div class="battle-history"><small>Pointed stones dug into the opposing Gliscor!</small><br></div><div class="spacer battle-history"><br></div><div class="battle-history">Jirachi used <strong>Wish</strong>!<br></div><div class="spacer battle-history"><br></div><div class="battle-history"><small>The opposing Gliscor was badly poisoned!</small><br></div><div class="spacer battle-history"><br></div><h2 class="battle-history">Turn 25</h2><div class="spacer battle-history"><br></div><div class="battle-history">Jirachi, come back!<br></div><div class="battle-history">Go! Heracross (<strong>Heracross-Mega</strong>)!<br></div><div class="battle-history"><small>Pointed stones dug into Heracross!</small><br></div><div class="spacer battle-history"><br></div><div class="battle-history">The opposing Gliscor used <strong>Swords Dance</strong>!<br></div><div class="battle-history"><small>The opposing Gliscor's Attack rose sharply!</small><br></div><div class="spacer battle-history"><br></div><div class="battle-history"><small>Jirachi's wish came true!</small><br></div><div class="battle-history"><small>[The opposing Gliscor's Poison Heal]</small><br><small>The opposing Gliscor restored its HP.</small><br></div><div class="spacer battle-history"><br></div><h2 class="battle-history">Turn 26</h2><div class="spacer battle-history"><br></div><div class="battle-history">The opposing Gliscor used <strong>Facade</strong>!<br></div><div class="battle-history"><small>(Heracross lost <abbr title="−188/301">62.5%</abbr> of its health!)</small><br></div><div class="spacer battle-history"><br></div><div class="battle-history">Heracross used <strong>Swords Dance</strong>!<br></div><div class="battle-history"><small>Heracross's Attack rose sharply!</small><br></div><div class="spacer battle-history"><br></div><h2 class="battle-history">Turn 27</h2><div class="spacer battle-history"><br></div><div class="battle-history">The opposing Gliscor used <strong>Facade</strong>!<br></div><div class="battle-history"><small>(Heracross lost <abbr title="−113/301">37.5%</abbr> of its health!)</small><br></div><div class="spacer battle-history"><br></div><div class="battle-history">Heracross fainted!<br></div><div class="spacer battle-history"><br></div><div class="battle-history">Go! <strong>Zapdos</strong>!<br></div><div class="battle-history"><small>Pointed stones dug into Zapdos!</small><br></div><div class="spacer battle-history"><br></div><h2 class="battle-history">Turn 28</h2><div class="spacer battle-history"><br></div><div class="battle-history">The opposing Gliscor used <strong>Facade</strong>!<br></div><div class="battle-history"><small>(Zapdos lost <abbr title="−163/384">42.4%</abbr> of its health!)</small><br></div><div class="spacer battle-history"><br></div><div class="battle-history">Zapdos used <strong>Hidden Power</strong>!<br></div><div class="battle-history"><small>It's super effective!</small><br></div><div class="battle-history"><small>(The opposing Gliscor lost <abbr title="−256/352">72.7%</abbr> of its health!)</small><br></div><div class="spacer battle-history"><br></div><div class="battle-history"><small>Zapdos restored a little HP using its Leftovers!</small><br></div><div class="battle-history"><small>[The opposing Gliscor's Poison Heal]</small><br><small>The opposing Gliscor restored its HP.</small><br></div><div class="spacer battle-history"><br></div><h2 class="battle-history">Turn 29</h2><div class="spacer battle-history"><br></div><div class="battle-history">The opposing Gliscor used <strong>Facade</strong>!<br></div><div class="battle-history"><small>(Zapdos lost <abbr title="−149/384">38.8%</abbr> of its health!)</small><br></div><div class="spacer battle-history"><br></div><div class="battle-history">Zapdos fainted!<br></div><div class="spacer battle-history"><br></div><div class="battle-history"><small>[The opposing Gliscor's Poison Heal]</small><br><small>The opposing Gliscor restored its HP.</small><br></div><div class="spacer battle-history"><br></div><div class="battle-history">Go! <strong>Keldeo</strong>!<br></div><div class="battle-history"><small>Pointed stones dug into Keldeo!</small><br></div><div class="spacer battle-history"><br></div><h2 class="battle-history">Turn 30</h2><div class="spacer battle-history"><br></div><div class="battle-history">Gеrard Way withdrew Gliscor!<br></div><div class="battle-history">Gеrard Way sent out Altaria (<strong>Altaria-Mega</strong>)!<br></div><div class="battle-history"><small>Pointed stones dug into the opposing Altaria!</small><br></div><div class="spacer battle-history"><br></div><div class="battle-history">Keldeo used <strong>Hydro Pump</strong>!<br></div><div class="battle-history"><small>It's not very effective...</small><br></div><div class="battle-history"><small>(The opposing Altaria lost <abbr title="−84/353">23.8%</abbr> of its health!)</small><br></div><div class="spacer battle-history"><br></div><h2 class="battle-history">Turn 31</h2><div class="spacer battle-history"><br></div><div class="battle-history">Keldeo used <strong>Hydro Pump</strong>!<br></div><div class="battle-history"><small>It's not very effective...</small><br></div><div class="battle-history"><small>(The opposing Altaria lost <abbr title="−93/353">26.3%</abbr> of its health!)</small><br></div><div class="spacer battle-history"><br></div><div class="battle-history">The opposing Altaria used <strong>Roost</strong>!<br></div><div class="battle-history"><small>The opposing Altaria restored its HP.</small><br></div><div class="spacer battle-history"><br></div><h2 class="battle-history">Turn 32</h2><div class="chat chatmessage-zenoa"><strong style="color:hsl(87,41%,35%)"><small>☆</small><span class="username" data-name="Zenoa">Zenoa</span>:</strong> <em>q</em></div><div class="chat chatmessage-zenoa"><strong style="color:hsl(87,41%,35%)"><small>☆</small><span class="username" data-name="Zenoa">Zenoa</span>:</strong> <em>ya te diste cuenta que era scarf?</em></div><div class="spacer battle-history"><br></div><div class="battle-history">Keldeo, come back!<br></div><div class="battle-history">Go! <strong>Jirachi</strong>!<br></div><div class="battle-history"><small>Pointed stones dug into Jirachi!</small><br></div><div class="spacer battle-history"><br></div><div class="battle-history">The opposing Altaria used <strong>Earthquake</strong>!<br></div><div class="battle-history"><small>It's super effective!</small><br></div><div class="battle-history"><small>(Jirachi lost <abbr title="−172/404">42.6%</abbr> of its health!)</small><br></div><div class="spacer battle-history"><br></div><div class="battle-history"><small>Jirachi restored a little HP using its Leftovers!</small><br></div><div class="spacer battle-history"><br></div><h2 class="battle-history">Turn 33</h2><div class="chat chatmessage-grardway"><strong style="color:hsl(23,56%,44%)"><small>☆</small><span class="username" data-name="Gеrard Way">Gеrard Way</span>:</strong> <em>El qué? a.a</em></div><div class="chat chatmessage-zenoa"><strong style="color:hsl(87,41%,35%)"><small>☆</small><span class="username" data-name="Zenoa">Zenoa</span>:</strong> <em>el zapdos</em></div><div class="chat chatmessage-zenoa"><strong style="color:hsl(87,41%,35%)"><small>☆</small><span class="username" data-name="Zenoa">Zenoa</span>:</strong> <em>o.ó</em></div><div class="chat chatmessage-grardway"><strong style="color:hsl(23,56%,44%)"><small>☆</small><span class="username" data-name="Gеrard Way">Gеrard Way</span>:</strong> <em>Lmao, no :0</em></div><div class="chat chatmessage-grardway"><strong style="color:hsl(23,56%,44%)"><small>☆</small><span class="username" data-name="Gеrard Way">Gеrard Way</span>:</strong> <em>Podría ser full speed hp</em></div><div class="chat chatmessage-grardway"><strong style="color:hsl(23,56%,44%)"><small>☆</small><span class="username" data-name="Gеrard Way">Gеrard Way</span>:</strong> <em>Que es un set de 200 a. C</em></div><div class="chat chatmessage-grardway"><strong style="color:hsl(23,56%,44%)"><small>☆</small><span class="username" data-name="Gеrard Way">Gеrard Way</span>:</strong> <em>Pero era una probabilidad</em></div><div class="chat chatmessage-zenoa"><strong style="color:hsl(87,41%,35%)"><small>☆</small><span class="username" data-name="Zenoa">Zenoa</span>:</strong> <em>LA MADRE</em></div><div class="spacer battle-history"><br></div><div class="battle-history">Gеrard Way withdrew Altaria!<br></div><div class="battle-history">Gеrard Way sent out <strong>Heatran</strong>!<br></div><div class="battle-history"><small>Pointed stones dug into the opposing Heatran!</small><br></div><div class="spacer battle-history"><br></div><div class="battle-history">Jirachi used <strong>Wish</strong>!<br></div><div class="spacer battle-history"><br></div><div class="battle-history"><small>Jirachi restored a little HP using its Leftovers!</small><br></div><div class="spacer battle-history"><br></div><h2 class="battle-history">Turn 34</h2><div class="chat chatmessage-zenoa"><strong style="color:hsl(87,41%,35%)"><small>☆</small><span class="username" data-name="Zenoa">Zenoa</span>:</strong> <em>9 de la noche y no he estudiado</em></div><div class="chat chatmessage-zenoa"><strong style="color:hsl(87,41%,35%)"><small>☆</small><span class="username" data-name="Zenoa">Zenoa</span>:</strong> <em></em></div><div class="spacer battle-history"><br></div><div class="battle-history">Jirachi used <strong>Protect</strong>!<br></div><div class="battle-history"><small>Jirachi protected itself!</small><br></div><div class="spacer battle-history"><br></div><div class="battle-history">The opposing Heatran used <strong>Earth Power</strong>!<br></div><div class="battle-history"><small>Jirachi protected itself!</small><br></div><div class="spacer battle-history"><br></div><div class="battle-history"><small>Jirachi's wish came true!</small><br></div><div class="spacer battle-history"><br></div><h2 class="battle-history">Turn 35</h2><div class="chat chatmessage-grardway"><strong style="color:hsl(23,56%,44%)"><small>☆</small><span class="username" data-name="Gеrard Way">Gеrard Way</span>:</strong> <em>Lmao</em></div><div class="spacer battle-history"><br></div><div class="battle-history">Jirachi used <strong>Iron Head</strong>!<br></div><div class="battle-history"><small>It's not very effective...</small><br></div><div class="battle-history"><small>(The opposing Heatran lost <abbr title="−20/323">6.2%</abbr> of its health!)</small><br></div><div class="spacer battle-history"><br></div><div class="battle-history">The opposing Heatran flinched and couldn't move!<br></div><div class="spacer battle-history"><br></div><h2 class="battle-history">Turn 36</h2><div class="spacer battle-history"><br></div><div class="battle-history">Jirachi, come back!<br></div><div class="battle-history">Go! <strong>Keldeo</strong>!<br></div><div class="battle-history"><small>Pointed stones dug into Keldeo!</small><br></div><div class="spacer battle-history"><br></div><div class="battle-history">The opposing Heatran used <strong>Lava Plume</strong>!<br></div><div class="battle-history"><small>It's not very effective...</small><br></div><div class="battle-history"><small>(Keldeo lost <abbr title="−84/323">26.0%</abbr> of its health!)</small><br></div><div class="spacer battle-history"><br></div><h2 class="battle-history">Turn 37</h2><div class="spacer battle-history"><br></div><div class="battle-history">Gеrard Way withdrew Heatran!<br></div><div class="battle-history">Gеrard Way sent out <strong>Suicune</strong>!<br></div><div class="battle-history"><small>Pointed stones dug into the opposing Suicune!</small><br></div><div class="battle-history"><small>[The opposing Suicune's Pressure]</small><br><small>The opposing Suicune is exerting its pressure!</small><br></div><div class="spacer battle-history"><br></div><div class="battle-history">Keldeo used <strong>Stone Edge</strong>!<br></div><div class="battle-history"><small>(The opposing Suicune lost <abbr title="−56/404">13.9%</abbr> of its health!)</small><br></div><div class="spacer battle-history"><br></div><div class="battle-history"><small>The opposing Suicune restored a little HP using its Leftovers!</small><br></div><div class="spacer battle-history"><br></div><h2 class="battle-history">Turn 38</h2><div class="chat chatmessage-zenoa"><strong style="color:hsl(87,41%,35%)"><small>☆</small><span class="username" data-name="Zenoa">Zenoa</span>:</strong> <em>dsadasd</em></div><div class="chat chatmessage-zenoa"><strong style="color:hsl(87,41%,35%)"><small>☆</small><span class="username" data-name="Zenoa">Zenoa</span>:</strong> <em>JAJAJAJA</em></div><div class="chat chatmessage-grardway"><strong style="color:hsl(23,56%,44%)"><small>☆</small><span class="username" data-name="Gеrard Way">Gеrard Way</span>:</strong> <em>Ah, el scarf es eso</em></div><div class="spacer battle-history"><br></div><div class="battle-history">Keldeo, come back!<br></div><div class="battle-history">Go! <strong>Tapu Bulu</strong>!<br></div><div class="battle-history"><small>Pointed stones dug into Tapu Bulu!</small><br></div><div class="battle-history"><small>[Tapu Bulu's Grassy Surge]</small><br><small>Grass grew to cover the battlefield!</small><br></div><div class="spacer battle-history"><br></div><div class="battle-history">The opposing Suicune used <strong>Substitute</strong>!<br></div><div class="battle-history"><small>The opposing Suicune put in a substitute!</small><br></div><div class="battle-history"><small>(The opposing Suicune lost <abbr title="−101/404">25%</abbr> of its health!)</small><br></div><div class="spacer battle-history"><br></div><div class="battle-history"><small>The opposing Suicune restored a little HP using its Leftovers!</small><br></div><div class="battle-history"><small>The opposing Suicune restored HP using its Grassy Terrain!</small><br></div><div class="battle-history"><small>Tapu Bulu restored HP using its Grassy Terrain!</small><br></div><div class="battle-history"><small>Tapu Bulu was hurt by its burn!</small><br></div><div class="spacer battle-history"><br></div><h2 class="battle-history">Turn 39</h2><div class="chat chatmessage-zenoa"><strong style="color:hsl(87,41%,35%)"><small>☆</small><span class="username" data-name="Zenoa">Zenoa</span>:</strong> <em>n</em></div><div class="chat chatmessage-zenoa"><strong style="color:hsl(87,41%,35%)"><small>☆</small><span class="username" data-name="Zenoa">Zenoa</span>:</strong> <em>es zap2</em></div><div class="spacer battle-history"><br></div><div class="battle-history">The opposing Suicune used <strong>Protect</strong>!<br></div><div class="battle-history"><small>The opposing Suicune protected itself!</small><br></div><div class="spacer battle-history"><br></div><div class="battle-history">Tapu Bulu used <strong>Wood Hammer</strong>!<br></div><div class="battle-history"><small>The opposing Suicune protected itself!</small><br></div><div class="spacer battle-history"><br></div><div class="battle-history"><small>The opposing Suicune restored a little HP using its Leftovers!</small><br></div><div class="battle-history"><small>The opposing Suicune restored HP using its Grassy Terrain!</small><br></div><div class="battle-history"><small>Tapu Bulu restored HP using its Grassy Terrain!</small><br></div><div class="battle-history"><small>Tapu Bulu was hurt by its burn!</small><br></div><div class="spacer battle-history"><br></div><h2 class="battle-history">Turn 40</h2><div class="spacer battle-history"><br></div><div class="battle-history">The opposing Suicune used <strong>Scald</strong>!<br></div><div class="battle-history"><small>It's not very effective...</small><br></div><div class="battle-history"><small>(Tapu Bulu lost <abbr title="−47/281">16.7%</abbr> of its health!)</small><br></div><div class="spacer battle-history"><br></div><div class="battle-history">Tapu Bulu used <strong>Wood Hammer</strong>!<br></div><div class="battle-history"><small>It's super effective!</small><br></div><div class="battle-history"><small>The opposing Suicune's substitute faded!</small><br></div><div class="battle-history"><small>Tapu Bulu is damaged by the recoil!</small><br></div><div class="spacer battle-history"><br></div><div class="battle-history"><small>The opposing Suicune restored a little HP using its Leftovers!</small><br></div><div class="battle-history"><small>The opposing Suicune restored HP using its Grassy Terrain!</small><br></div><div class="battle-history"><small>Tapu Bulu restored HP using its Grassy Terrain!</small><br></div><div class="battle-history"><small>Tapu Bulu was hurt by its burn!</small><br></div><div class="spacer battle-history"><br></div><h2 class="battle-history">Turn 41</h2><div class="spacer battle-history"><br></div><div class="battle-history">Tapu Bulu, come back!<br></div><div class="battle-history">Go! <strong>Keldeo</strong>!<br></div><div class="battle-history"><small>Pointed stones dug into Keldeo!</small><br></div><div class="spacer battle-history"><br></div><div class="battle-history">The opposing Suicune used <strong>Protect</strong>!<br></div><div class="battle-history"><small>But it failed!</small><br></div><div class="spacer battle-history"><br></div><div class="battle-history"><small>Keldeo restored HP using its Grassy Terrain!</small><br></div><div class="battle-history"><small>The opposing Suicune restored a little HP using its Leftovers!</small><br></div><div class="battle-history"><small>The opposing Suicune restored HP using its Grassy Terrain!</small><br></div><div class="spacer battle-history"><br></div><h2 class="battle-history">Turn 42</h2><div class="spacer battle-history"><br></div><div class="battle-history">Keldeo used <strong>Secret Sword</strong>!<br></div><div class="battle-history"><small>(The opposing Suicune lost <abbr title="−126/404">31.2%</abbr> of its health!)</small><br></div><div class="spacer battle-history"><br></div><div class="battle-history">The opposing Suicune used <strong>Scald</strong>!<br></div><div class="battle-history"><small>It's not very effective...</small><br></div><div class="battle-history"><small>(Keldeo lost <abbr title="−25/323">7.7%</abbr> of its health!)</small><br></div><div class="spacer battle-history"><br></div><div class="battle-history">Keldeo fainted!<br></div><div class="spacer battle-history"><br></div><div class="battle-history"><small>The opposing Suicune restored a little HP using its Leftovers!</small><br></div><div class="battle-history"><small>The opposing Suicune restored HP using its Grassy Terrain!</small><br></div><div class="battle-history"><small>The grass disappeared from the battlefield.</small><br></div><div class="spacer battle-history"><br></div><div class="battle-history">Go! <strong>Tapu Bulu</strong>!<br></div><div class="battle-history"><small>Pointed stones dug into Tapu Bulu!</small><br></div><div class="battle-history"><small>[Tapu Bulu's Grassy Surge]</small><br><small>Grass grew to cover the battlefield!</small><br></div><div class="spacer battle-history"><br></div><h2 class="battle-history">Turn 43</h2><div class="spacer battle-history"><br></div><div class="battle-history">The opposing Suicune used <strong>Protect</strong>!<br></div><div class="battle-history"><small>The opposing Suicune protected itself!</small><br></div><div class="spacer battle-history"><br></div><div class="battle-history">Tapu Bulu used <strong>Superpower</strong>!<br></div><div class="battle-history"><small>The opposing Suicune protected itself!</small><br></div><div class="spacer battle-history"><br></div><div class="battle-history"><small>The opposing Suicune restored a little HP using its Leftovers!</small><br></div><div class="battle-history"><small>The opposing Suicune restored HP using its Grassy Terrain!</small><br></div><div class="battle-history"><small>Tapu Bulu restored HP using its Grassy Terrain!</small><br></div><div class="battle-history"><small>Tapu Bulu was hurt by its burn!</small><br></div><div class="spacer battle-history"><br></div><h2 class="battle-history">Turn 44</h2><div class="spacer battle-history"><br></div><div class="battle-history">Tapu Bulu, come back!<br></div><div class="battle-history">Go! <strong>Jirachi</strong>!<br></div><div class="battle-history"><small>Pointed stones dug into Jirachi!</small><br></div><div class="spacer battle-history"><br></div><div class="battle-history">The opposing Suicune used <strong>Calm Mind</strong>!<br></div><div class="battle-history"><small>The opposing Suicune's Special Attack rose!</small><br></div><div class="battle-history"><small>The opposing Suicune's Special Defense rose!</small><br></div><div class="spacer battle-history"><br></div><div class="battle-history"><small>Jirachi restored a little HP using its Leftovers!</small><br></div><div class="battle-history"><small>The opposing Suicune restored a little HP using its Leftovers!</small><br></div><div class="battle-history"><small>The opposing Suicune restored HP using its Grassy Terrain!</small><br></div><div class="spacer battle-history"><br></div><h2 class="battle-history">Turn 45</h2><div class="spacer battle-history"><br></div><div class="battle-history">Jirachi used <strong>Iron Head</strong>!<br></div><div class="battle-history"><small>It's not very effective...</small><br></div><div class="battle-history"><small>(The opposing Suicune lost <abbr title="−39/404">9.7%</abbr> of its health!)</small><br></div><div class="spacer battle-history"><br></div><div class="battle-history">The opposing Suicune flinched and couldn't move!<br></div><div class="spacer battle-history"><br></div><div class="battle-history"><small>The opposing Suicune restored a little HP using its Leftovers!</small><br></div><div class="battle-history"><small>The opposing Suicune restored HP using its Grassy Terrain!</small><br></div><div class="spacer battle-history"><br></div><h2 class="battle-history">Turn 46</h2><div class="spacer battle-history"><br></div><div class="battle-history">Jirachi used <strong>Wish</strong>!<br></div><div class="spacer battle-history"><br></div><div class="battle-history">The opposing Suicune used <strong>Calm Mind</strong>!<br></div><div class="battle-history"><small>The opposing Suicune's Special Attack rose!</small><br></div><div class="battle-history"><small>The opposing Suicune's Special Defense rose!</small><br></div><div class="spacer battle-history"><br></div><h2 class="battle-history">Turn 47</h2><div class="spacer battle-history"><br></div><div class="battle-history">Jirachi, come back!<br></div><div class="battle-history">Go! <strong>Tapu Bulu</strong>!<br></div><div class="battle-history"><small>Pointed stones dug into Tapu Bulu!</small><br></div><div class="spacer battle-history"><br></div><div class="battle-history">The opposing Suicune used <strong>Scald</strong>!<br></div><div class="battle-history"><small>It's not very effective...</small><br></div><div class="battle-history"><small>A critical hit!</small><br></div><div class="battle-history"><small>(Tapu Bulu lost <abbr title="−67/281">23.8%</abbr> of its health!)</small><br></div><div class="spacer battle-history"><br></div><div class="battle-history">Tapu Bulu fainted!<br></div><div class="spacer battle-history"><br></div><div class="battle-history"><small>The grass disappeared from the battlefield.</small><br></div><div class="spacer battle-history"><br></div><div class="battle-history">Go! <strong>Jirachi</strong>!<br></div><div class="battle-history"><small>Pointed stones dug into Jirachi!</small><br></div><div class="spacer battle-history"><br></div><h2 class="battle-history">Turn 48</h2><div class="spacer battle-history"><br></div><div class="battle-history">Jirachi used <strong>Iron Head</strong>!<br></div><div class="battle-history"><small>It's not very effective...</small><br></div><div class="battle-history"><small>(The opposing Suicune lost <abbr title="−44/404">10.9%</abbr> of its health!)</small><br></div><div class="spacer battle-history"><br></div><div class="battle-history">The opposing Suicune flinched and couldn't move!<br></div><div class="spacer battle-history"><br></div><div class="battle-history"><small>Jirachi restored a little HP using its Leftovers!</small><br></div><div class="battle-history"><small>The opposing Suicune restored a little HP using its Leftovers!</small><br></div><div class="spacer battle-history"><br></div><h2 class="battle-history">Turn 49</h2><div class="chat chatmessage-grardway"><strong style="color:hsl(23,56%,44%)"><small>☆</small><span class="username" data-name="Gеrard Way">Gеrard Way</span>:</strong> <em>lagtest</em></div><div class="chat chatmessage-grardway"><strong style="color:hsl(23,56%,44%)"><small>☆</small><span class="username" data-name="Gеrard Way">Gеrard Way</span>:</strong> <em>Ah </em></div><div class="spacer battle-history"><br></div><div class="battle-history">Jirachi used <strong>Iron Head</strong>!<br></div><div class="battle-history"><small>It's not very effective...</small><br></div><div class="battle-history"><small>(The opposing Suicune lost <abbr title="−40/404">9.9%</abbr> of its health!)</small><br></div><div class="spacer battle-history"><br></div><div class="battle-history">The opposing Suicune used <strong>Substitute</strong>!<br></div><div class="battle-history"><small>The opposing Suicune put in a substitute!</small><br></div><div class="battle-history"><small>(The opposing Suicune lost <abbr title="−101/404">25%</abbr> of its health!)</small><br></div><div class="spacer battle-history"><br></div><div class="battle-history"><small>The opposing Suicune restored a little HP using its Leftovers!</small><br></div><div class="spacer battle-history"><br></div><h2 class="battle-history">Turn 50</h2><div class="spacer battle-history"><br></div><div class="battle-history">Jirachi used <strong>Iron Head</strong>!<br></div><div class="battle-history"><small>It's not very effective...</small><br></div><div class="battle-history"><small>The substitute took damage for the opposing Suicune!</small><br></div><div class="spacer battle-history"><br></div><div class="battle-history">The opposing Suicune used <strong>Substitute</strong>!<br></div><div class="battle-history"><small>The opposing Suicune already has a substitute!</small><br></div><div class="spacer battle-history"><br></div><div class="battle-history"><small>The opposing Suicune restored a little HP using its Leftovers!</small><br></div><div class="spacer battle-history"><br></div><h2 class="battle-history">Turn 51</h2><div class="chat chatmessage-grardway"><strong style="color:hsl(23,56%,44%)"><small>☆</small><span class="username" data-name="Gеrard Way">Gеrard Way</span>:</strong> <em>Lol</em></div><div class="spacer battle-history"><br></div><div class="battle-history">The opposing Suicune used <strong>Protect</strong>!<br></div><div class="battle-history"><small>The opposing Suicune protected itself!</small><br></div><div class="spacer battle-history"><br></div><div class="battle-history">Jirachi used <strong>Iron Head</strong>!<br></div><div class="battle-history"><small>The opposing Suicune protected itself!</small><br></div><div class="spacer battle-history"><br></div><div class="battle-history"><small>The opposing Suicune restored a little HP using its Leftovers!</small><br></div><div class="spacer battle-history"><br></div><h2 class="battle-history">Turn 52</h2><div class="chat message-error">Reloj de batalla ENCENDIDO. El jugador inactivo será descalificado (solicitado por Gеrard Way).</div><div class="spacer battle-history"><br></div><div class="battle-history">Jirachi used <strong>Iron Head</strong>!<br></div><div class="battle-history"><small>It's not very effective...</small><br></div><div class="battle-history"><small>The substitute took damage for the opposing Suicune!</small><br></div><div class="spacer battle-history"><br></div><div class="battle-history">The opposing Suicune used <strong>Scald</strong>!<br></div><div class="battle-history"><small>(Jirachi lost <abbr title="−181/404">44.8%</abbr> of its health!)</small><br></div><div class="spacer battle-history"><br></div><div class="battle-history"><small>Jirachi restored a little HP using its Leftovers!</small><br></div><div class="battle-history"><small>The opposing Suicune restored a little HP using its Leftovers!</small><br></div><div class="spacer battle-history"><br></div><h2 class="battle-history">Turn 53</h2><div class="chat message-error">Zenoa tiene 285 segundos restantes.</div><div class="chat message-error">Zenoa tiene 270 segundos restantes.</div><div class="chat message-error">Zenoa tiene 255 segundos restantes.</div><div class="spacer battle-history"><br></div><div class="battle-history">Jirachi used <strong>Iron Head</strong>!<br></div><div class="battle-history"><small>It's not very effective...</small><br></div><div class="battle-history"><small>The opposing Suicune's substitute faded!</small><br></div><div class="spacer battle-history"><br></div><div class="battle-history">The opposing Suicune used <strong>Scald</strong>!<br></div><div class="battle-history"><small>A critical hit!</small><br></div><div class="battle-history"><small>(Jirachi lost <abbr title="−248/404">61.4%</abbr> of its health!)</small><br></div><div class="spacer battle-history"><br></div><div class="battle-history">Jirachi fainted!<br></div><div class="spacer battle-history"><br></div><div class="battle-history"><strong>Gеrard Way</strong> won the battle!<br></div></div><div class="inner-preempt"></div></div></div>
</div>
<script>
let daily = Math.floor(Date.now()/1000/60/60/24);document.write('<script src="https://play.pokemonshowdown.com/js/replay-embed.js?version'+daily+'"></'+'script>');
</script>
