<!DOCTYPE html>
<meta charset="utf-8" />
<!-- version 1 -->
<title>OU replay: Alm-2200 vs. Cacoxd</title>
<style>
html,body {font-family:Verdana, sans-serif;font-size:10pt;margin:0;padding:0;}body{padding:12px 0;} .battle-log {font-family:Verdana, sans-serif;font-size:10pt;} .battle-log-inline {border:1px solid #AAAAAA;background:#EEF2F5;color:black;max-width:640px;margin:0 auto 80px;padding-bottom:5px;} .battle-log .inner {padding:4px 8px 0px 8px;} .battle-log .inner-preempt {padding:0 8px 4px 8px;} .battle-log .inner-after {margin-top:0.5em;} .battle-log h2 {margin:0.5em -8px;padding:4px 8px;border:1px solid #AAAAAA;background:#E0E7EA;border-left:0;border-right:0;font-family:Verdana, sans-serif;font-size:13pt;} .battle-log .chat {vertical-align:middle;padding:3px 0 3px 0;font-size:8pt;} .battle-log .chat strong {color:#40576A;} .battle-log .chat em {padding:1px 4px 1px 3px;color:#000000;font-style:normal;} .chat.mine {background:rgba(0,0,0,0.05);margin-left:-8px;margin-right:-8px;padding-left:8px;padding-right:8px;} .spoiler {color:#BBBBBB;background:#BBBBBB;padding:0px 3px;} .spoiler:hover, .spoiler:active, .spoiler-shown {color:#000000;background:#E2E2E2;padding:0px 3px;} .spoiler a {color:#BBBBBB;} .spoiler:hover a, .spoiler:active a, .spoiler-shown a {color:#2288CC;} .chat code, .chat .spoiler:hover code, .chat .spoiler:active code, .chat .spoiler-shown code {border:1px solid #C0C0C0;background:#EEEEEE;color:black;padding:0 2px;} .chat .spoiler code {border:1px solid #CCCCCC;background:#CCCCCC;color:#CCCCCC;} .battle-log .rated {padding:3px 4px;} .battle-log .rated strong {color:white;background:#89A;padding:1px 4px;border-radius:4px;} .spacer {margin-top:0.5em;} .message-announce {background:#6688AA;color:white;padding:1px 4px 2px;} .message-announce a, .broadcast-green a, .broadcast-blue a, .broadcast-red a {color:#DDEEFF;} .broadcast-green {background-color:#559955;color:white;padding:2px 4px;} .broadcast-blue {background-color:#6688AA;color:white;padding:2px 4px;} .infobox {border:1px solid #6688AA;padding:2px 4px;} .infobox-limited {max-height:200px;overflow:auto;overflow-x:hidden;} .broadcast-red {background-color:#AA5544;color:white;padding:2px 4px;} .message-learn-canlearn {font-weight:bold;color:#228822;text-decoration:underline;} .message-learn-cannotlearn {font-weight:bold;color:#CC2222;text-decoration:underline;} .message-effect-weak {font-weight:bold;color:#CC2222;} .message-effect-resist {font-weight:bold;color:#6688AA;} .message-effect-immune {font-weight:bold;color:#666666;} .message-learn-list {margin-top:0;margin-bottom:0;} .message-throttle-notice, .message-error {color:#992222;} .message-overflow, .chat small.message-overflow {font-size:0pt;} .message-overflow::before {font-size:9pt;content:'...';} .subtle {color:#3A4A66;}
</style>
<div class="wrapper replay-wrapper" style="max-width:1180px;margin:0 auto">
<input type="hidden" name="replayid" value="destiny-ou-508999" />
<div class="battle"></div><div class="battle-log"></div><div class="replay-controls"></div><div class="replay-controls-2"></div>
<h1 style="font-weight:normal;text-align:center"><strong>OU</strong><br /><a href="http://pokemonshowdown.com/users/alm2200" class="subtle" target="_blank">Alm-2200</a> vs. <a href="http://pokemonshowdown.com/users/cacoxd" class="subtle" target="_blank">Cacoxd</a></h1>
<script type="text/plain" class="battle-log-data">|player|p1|Alm-2200|2063
|teamsize|p1|6
|player|p2|Cacoxd|1
|teamsize|p2|6
|teamsize|p1|6
|teamsize|p2|6
|gametype|singles
|gen|7
|tier|OU
|rated
|seed|12170,45716,3956,23465
|rule|Cláusula-Mod de Dormir: solo puedes dormir a uno de tus oponentes a la vez.
|rule|Cláusula de Especie: Hasta un Pokémon de cada especie
|rule|Cláusula de Golpe Fulminante: los movimientos fulminantes (OHKO) estan prohibidos
|rule|Cláusula de Veleta: la habilidad Veleta está prohibida
|rule|Cláusula de Movimientos Evasivos: los movimientos de Evasión están prohibidos.
|rule|Cláusula de Batallas Eternas: forzar batallas eternas está prohibido
|clearpoke
|poke|p1|Zapdos|item
|poke|p1|Aggron, M|item
|poke|p1|Kyurem-Black|item
|poke|p1|Hawlucha, M|item
|poke|p1|Tapu Koko|item
|poke|p1|Conkeldurr, F|item
|poke|p2|Greninja, M|item
|poke|p2|Tapu Lele|item
|poke|p2|Landorus-Therian, M|item
|poke|p2|Mawile, M|item
|poke|p2|Zygarde|item
|poke|p2|Toxapex, F|item
|teampreview|undefined
|choice|*team 523416|*
|inactive|Reloj de batalla ENCENDIDO. El jugador inactivo será descalificado (solicitado por Cacoxd).
|choice|*|*team 123456
|choice|team 5, 2, 3, 4, 1, 6|team 1, 2, 3, 4, 5, 6
|
|start
|switch|p1a: Tapu Koko|Tapu Koko|281\/281
|switch|p2a: Greninja|Greninja, M|285\/285
|-fieldstart|move: Electric Terrain|[from] ability: Electric Surge|[of] p1a: Tapu Koko
|turn|1
|choice|*|*move 1
|inactive|Alm-2200 tiene 135 segundos restantes.
|choice|*move 2|*
|choice|move hiddenpower|move watershuriken
|
|move|p2a: Greninja|Water Shuriken|p1a: Tapu Koko
|-damage|p1a: Tapu Koko|235\/281
|-damage|p1a: Tapu Koko|189\/281
|-damage|p1a: Tapu Koko|146\/281
|-damage|p1a: Tapu Koko|103\/281
|-damage|p1a: Tapu Koko|55\/281
|-hitcount|p1a: Tapu Koko|5
|move|p1a: Tapu Koko|Hidden Power|p2a: Greninja
|-resisted|p2a: Greninja
|-damage|p2a: Greninja|242\/285
|
|upkeep
|turn|2
|choice|*|*move 1
|choice|*switch 6|*
|choice|switch 6|move watershuriken
|
|switch|p1a: Conkeldurr|Conkeldurr, F|351\/351
|move|p2a: Greninja|Water Shuriken|p1a: Conkeldurr
|-damage|p1a: Conkeldurr|311\/351
|-damage|p1a: Conkeldurr|274\/351
|-damage|p1a: Conkeldurr|238\/351
|-hitcount|p1a: Conkeldurr|3
|
|-status|p1a: Conkeldurr|brn|[from] item: Flame Orb
|upkeep
|turn|3
|choice|*move 2|*
|choice|*|*switch 2
|choice|move machpunch|switch 2
|
|switch|p2a: Tapu Lele|Tapu Lele|281\/281
|-fieldstart|move: Psychic Terrain|[from] ability: Psychic Surge|[of] p2a: Tapu Lele
|move|p1a: Conkeldurr|Mach Punch|p2a: Tapu Lele
|-activate|p2a: Tapu Lele|move: Psychic Terrain
|
|-damage|p1a: Conkeldurr|217\/351 brn|[from] brn
|upkeep
|turn|4
|choice|*|*move 3
|inactive|Alm-2200 tiene 135 segundos restantes.
|inactive|Alm-2200 tiene 120 segundos restantes.
|choice|*switch 2|*
|choice|switch 2|move focusblast
|
|switch|p1a: Aggron|Aggron, M|343\/343
|move|p2a: Tapu Lele|Focus Blast|p1a: Aggron|[miss]
|-miss|p2a: Tapu Lele|p1a: Aggron
|
|upkeep
|turn|5
|choice|*switch 2|*
|choice|*|*switch 3
|choice|switch 2|switch 3
|
|switch|p2a: Landorus|Landorus-Therian, M|382\/382
|-ability|p2a: Landorus|Intimidate|boost
|-unboost|p1a: Aggron|atk|1
|switch|p1a: Conkeldurr|Conkeldurr, F|217\/351 brn
|
|-damage|p1a: Conkeldurr|196\/351 brn|[from] brn
|upkeep
|turn|6
|choice|*move 3|*
|choice|*|*move 1
|choice|move icepunch|move stealthrock
|
|move|p2a: Landorus|Stealth Rock|p1a: Conkeldurr
|-sidestart|p1: Alm-2200|move: Stealth Rock
|move|p1a: Conkeldurr|Ice Punch|p2a: Landorus
|-supereffective|p2a: Landorus
|-damage|p2a: Landorus|0 fnt
|-damage|p1a: Conkeldurr|138\/351 brn|[from] item: Rocky Helmet|[of] p2a: Landorus
|faint|p2a: Landorus
|
|-damage|p1a: Conkeldurr|117\/351 brn|[from] brn
|upkeep
|choice|*|*switch 2
|choice||switch 2
|
|switch|p2a: Greninja|Greninja, M|242\/285
|turn|7
|choice|*|*switch 3
|choice|*switch 5|*
|choice|switch 5|switch 3
|
|switch|p2a: Tapu Lele|Tapu Lele|281\/281
|switch|p1a: Zapdos|Zapdos|360\/360
|-damage|p1a: Zapdos|270\/360|[from] Stealth Rock
|
|-fieldend|move: Psychic Terrain
|upkeep
|turn|8
|choice|*move 1|*
|choice|*|*move 2
|choice|move discharge|move psyshock
|
|move|p2a: Tapu Lele|Psyshock|p1a: Zapdos
|-damage|p1a: Zapdos|159\/360
|move|p1a: Zapdos|Discharge|p2a: Tapu Lele
|-damage|p2a: Tapu Lele|176\/281
|
|upkeep
|turn|9
|choice|*move 3|*
|choice|*|*switch 5
|choice|move roost|switch 5
|
|switch|p2a: Zygarde|Zygarde|357\/357
|-ability|p2a: Zygarde|Aura Break
|move|p1a: Zapdos|Roost|p1a: Zapdos
|-heal|p1a: Zapdos|339\/360
|
|upkeep
|turn|10
|choice|*|*move 2
|choice|*switch 3|*
|choice|switch 3|move glare
|
|switch|p1a: Kyurem|Kyurem-Black|391\/391
|-damage|p1a: Kyurem|294\/391|[from] Stealth Rock
|-ability|p1a: Kyurem|Teravolt
|move|p2a: Zygarde|Glare|p1a: Kyurem
|-status|p1a: Kyurem|par
|
|upkeep
|turn|11
|choice|*|*move 3
|choice|*move 4 zmove|*
|choice|move freezeshock zmove|move substitute
|
|move|p2a: Zygarde|Substitute|p2a: Zygarde
|-start|p2a: Zygarde|Substitute
|-damage|p2a: Zygarde|268\/357
|-zpower|p1a: Kyurem
|move|p1a: Kyurem|Subzero Slammer|p2a: Zygarde|[zeffect]
|-supereffective|p2a: Zygarde
|-end|p2a: Zygarde|Substitute
|
|-heal|p2a: Zygarde|290\/357|[from] item: Leftovers
|upkeep
|turn|12
|choice|*move 1|*
|choice|*|*move 3
|choice|move icebeam|move substitute
|
|move|p2a: Zygarde|Substitute|p2a: Zygarde
|-start|p2a: Zygarde|Substitute
|-damage|p2a: Zygarde|201\/357
|cant|p1a: Kyurem|par
|
|-heal|p2a: Zygarde|223\/357|[from] item: Leftovers
|upkeep
|turn|13
|choice|*|*move 1
|choice|*move 1|*
|choice|move icebeam|move dragondance
|
|move|p2a: Zygarde|Dragon Dance|p2a: Zygarde
|-boost|p2a: Zygarde|atk|1
|-boost|p2a: Zygarde|spe|1
|move|p1a: Kyurem|Ice Beam|p2a: Zygarde
|-supereffective|p2a: Zygarde
|-end|p2a: Zygarde|Substitute
|
|-heal|p2a: Zygarde|245\/357|[from] item: Leftovers
|upkeep
|turn|14
|choice|*move 1|*
|choice|*|*move 4
|choice|move icebeam|move thousandarrows
|
|move|p2a: Zygarde|Thousand Arrows|p1a: Kyurem
|-damage|p1a: Kyurem|71\/391 par
|move|p1a: Kyurem|Ice Beam|p2a: Zygarde
|-supereffective|p2a: Zygarde
|-damage|p2a: Zygarde|0 fnt
|faint|p2a: Zygarde
|
|upkeep
|choice|*|*switch 5
|choice||switch 5
|
|switch|p2a: Tapu Lele|Tapu Lele|176\/281
|-fieldstart|move: Psychic Terrain|[from] ability: Psychic Surge|[of] p2a: Tapu Lele
|turn|15
|choice|*|*move 2
|choice|*move 3|*
|choice|move fusionbolt|move psyshock
|
|move|p2a: Tapu Lele|Psyshock|p1a: Kyurem
|-damage|p1a: Kyurem|0 fnt
|faint|p1a: Kyurem
|
|upkeep
|inactive|Alm-2200 tiene 135 segundos restantes.
|choice|*switch 6|*
|choice|switch 6|
|
|switch|p1a: Tapu Koko|Tapu Koko|55\/281
|-damage|p1a: Tapu Koko|20\/281|[from] Stealth Rock
|-fieldstart|move: Electric Terrain|[from] ability: Electric Surge|[of] p1a: Tapu Koko
|turn|16
|choice|*|*move 2
|choice|*move 1|*
|choice|move thunderbolt|move psyshock
|
|move|p2a: Tapu Lele|Psyshock|p1a: Tapu Koko
|-damage|p1a: Tapu Koko|0 fnt
|faint|p1a: Tapu Koko
|
|upkeep
|inactive|Alm-2200 tiene 135 segundos restantes.
|inactive|Alm-2200 tiene 120 segundos restantes.
|choice|*switch 2|*
|choice|switch 2|
|
|switch|p1a: Aggron|Aggron, M|343\/343
|-damage|p1a: Aggron|322\/343|[from] Stealth Rock
|turn|17
|choice|*|*switch 6
|inactive|Alm-2200 tiene 135 segundos restantes.
|choice|*move 1 mega|*
|choice|move stealthrock mega|switch 6
|
|switch|p2a: Toxapex|Toxapex, F|304\/304
|-mega|p1a: Aggron|Aggron|Aggronite
|detailschange|p1a: Aggron|Aggron-Mega, M
|move|p1a: Aggron|Stealth Rock|p2a: Toxapex
|-sidestart|p2: Cacoxd|move: Stealth Rock
|
|upkeep
|turn|18
|choice|*move 3|*
|choice|*|*move 1
|choice|move earthquake|move scald
|
|move|p1a: Aggron|Earthquake|p2a: Toxapex
|-supereffective|p2a: Toxapex
|-damage|p2a: Toxapex|168\/304
|move|p2a: Toxapex|Scald|p1a: Aggron
|-damage|p1a: Aggron|270\/343
|-status|p1a: Aggron|brn
|
|-heal|p2a: Toxapex|187\/304|[from] item: Black Sludge
|-damage|p1a: Aggron|249\/343 brn|[from] brn
|upkeep
|turn|19
|choice|*switch 5|*
|choice|*|*move 4
|choice|switch 5|move recover
|
|switch|p1a: Conkeldurr|Conkeldurr, F|117\/351 brn
|-damage|p1a: Conkeldurr|96\/351 brn|[from] Stealth Rock
|move|p2a: Toxapex|Recover|p2a: Toxapex
|-heal|p2a: Toxapex|304\/304
|
|-damage|p1a: Conkeldurr|75\/351 brn|[from] brn
|upkeep
|turn|20
|choice|*|*move 1
|inactive|Alm-2200 tiene 135 segundos restantes.
|choice|*move 4|*
|choice|move knockoff|move scald
|
|move|p1a: Conkeldurr|Knock Off|p2a: Toxapex
|-damage|p2a: Toxapex|155\/304
|-enditem|p2a: Toxapex|Black Sludge|[from] move: Knock Off|[of] p1a: Conkeldurr
|move|p2a: Toxapex|Scald|p1a: Conkeldurr
|-damage|p1a: Conkeldurr|14\/351 brn
|
|-damage|p1a: Conkeldurr|0 fnt|[from] brn
|-fieldend|move: Electric Terrain
|upkeep
|faint|p1a: Conkeldurr
|choice|*switch 3|*
|choice|switch 3|
|
|switch|p1a: Zapdos|Zapdos|339\/360
|-damage|p1a: Zapdos|249\/360|[from] Stealth Rock
|turn|21
|choice|*move 1|*
|inactive|Cacoxd tiene 135 segundos restantes.
|choice|*|*move 4
|choice|move discharge|move recover
|
|move|p1a: Zapdos|Discharge|p2a: Toxapex
|-supereffective|p2a: Toxapex
|-damage|p2a: Toxapex|23\/304
|move|p2a: Toxapex|Recover|p2a: Toxapex
|-heal|p2a: Toxapex|175\/304
|
|upkeep
|turn|22
|choice|*|*move 4
|inactive|Alm-2200 tiene 135 segundos restantes.
|inactive|Alm-2200 tiene 120 segundos restantes.
|choice|*switch 5|*
|choice|switch 5|move recover
|
|switch|p1a: Aggron|Aggron-Mega, M|249\/343 brn
|-damage|p1a: Aggron|228\/343 brn|[from] Stealth Rock
|move|p2a: Toxapex|Recover|p2a: Toxapex
|-heal|p2a: Toxapex|304\/304
|
|-damage|p1a: Aggron|207\/343 brn|[from] brn
|upkeep
|turn|23
|choice|*move 4|*
|choice|*|*move 1
|choice|move roar|move scald
|
|move|p2a: Toxapex|Scald|p1a: Aggron
|-damage|p1a: Aggron|156\/343 brn
|move|p1a: Aggron|Roar|p2a: Toxapex
|drag|p2a: Greninja|Greninja, M|242\/285
|-damage|p2a: Greninja|207\/285|[from] Stealth Rock
|
|-damage|p1a: Aggron|135\/343 brn|[from] brn
|upkeep
|turn|24
|choice|*|*move 2
|inactive|Alm-2200 tiene 135 segundos restantes.
|choice|*move 2|*
|choice|move heavyslam|move darkpulse
|
|move|p2a: Greninja|Dark Pulse|p1a: Aggron
|-damage|p1a: Aggron|0 fnt
|faint|p1a: Aggron
|-activate|p2a: Greninja|ability: Battle Bond
|detailschange|p2a: Greninja|Greninja-Ash, M
|
|upkeep
|choice|*switch 5|*
|choice|switch 5|
|
|switch|p1a: Zapdos|Zapdos|249\/360
|-damage|p1a: Zapdos|159\/360|[from] Stealth Rock
|turn|25
|choice|*move 1|*
|choice|*|*move 2
|choice|move discharge|move darkpulse
|
|move|p2a: Greninja|Dark Pulse|p1a: Zapdos
|-damage|p1a: Zapdos|0 fnt
|faint|p1a: Zapdos
|
|upkeep
|choice|*switch 4|*
|choice|switch 4|
|
|switch|p1a: Hawlucha|Hawlucha, M|323\/323
|-damage|p1a: Hawlucha|283\/323|[from] Stealth Rock
|turn|26
|choice|*move 2|*
|inactive|Cacoxd tiene 135 segundos restantes.
|choice|*|*switch 3
|choice|move highjumpkick|switch 3
|
|switch|p2a: Toxapex|Toxapex, F|304\/304
|-damage|p2a: Toxapex|266\/304|[from] Stealth Rock
|move|p1a: Hawlucha|High Jump Kick|p2a: Toxapex
|-resisted|p2a: Toxapex
|-damage|p2a: Toxapex|194\/304
|
|upkeep
|turn|27
|choice|*|*move 2
|choice|*move 4|*
|choice|move swordsdance|move toxic
|
|move|p1a: Hawlucha|Swords Dance|p1a: Hawlucha
|-boost|p1a: Hawlucha|atk|2
|move|p2a: Toxapex|Toxic|p1a: Hawlucha
|-status|p1a: Hawlucha|tox
|
|-damage|p1a: Hawlucha|263\/323 tox|[from] psn
|upkeep
|turn|28
|choice|*move 4|*
|choice|*|*move 3
|choice|move swordsdance|move haze
|
|move|p1a: Hawlucha|Swords Dance|p1a: Hawlucha
|-boost|p1a: Hawlucha|atk|2
|move|p2a: Toxapex|Haze|p2a: Toxapex
|-clearallboost
|
|-damage|p1a: Hawlucha|223\/323 tox|[from] psn
|upkeep
|turn|29
|choice|*move 4|*
|choice|*|*move 1
|choice|move swordsdance|move scald
|
|move|p1a: Hawlucha|Swords Dance|p1a: Hawlucha
|-boost|p1a: Hawlucha|atk|2
|move|p2a: Toxapex|Scald|p1a: Hawlucha
|-damage|p1a: Hawlucha|139\/323 tox
|
|-damage|p1a: Hawlucha|79\/323 tox|[from] psn
|upkeep
|turn|30
|choice|*move 1|*
|inactive|Cacoxd tiene 135 segundos restantes.
|choice|*|*move 1
|choice|move acrobatics|move scald
|
|move|p1a: Hawlucha|Acrobatics|p2a: Toxapex
|-damage|p2a: Toxapex|70\/304
|move|p2a: Toxapex|Scald|p1a: Hawlucha
|-damage|p1a: Hawlucha|0 fnt
|faint|p1a: Hawlucha
|
|win|Cacoxd
Cacoxd ha ganado 9.25 PokeDolares.
|raw|Puntaje de Alm-2200: 1230 &rarr; <strong>1197<\/strong><br \/>(-33 por perder)
|raw|Puntaje de Cacoxd: 1126 &rarr; <strong>1168<\/strong><br \/>(+42 por ganar)
</script>
</div>
<div class="battle-log battle-log-inline"><div class="inner"><div class="battle-options"></div><div class="inner"><div class=""><small>Format:</small> <br><strong>OU</strong></div><div class="rated"><strong>Rated battle</strong></div><div class=""><small><em>Cláusula-Mod de Dormir:</em> solo puedes dormir a uno de tus oponentes a la vez.</small></div><div class=""><small><em>Cláusula de Especie:</em> Hasta un Pokémon de cada especie</small></div><div class=""><small><em>Cláusula de Golpe Fulminante:</em> los movimientos fulminantes (OHKO) estan prohibidos</small></div><div class=""><small><em>Cláusula de Veleta:</em> la habilidad Veleta está prohibida</small></div><div class=""><small><em>Cláusula de Movimientos Evasivos:</em> los movimientos de Evasión están prohibidos.</small></div><div class=""><small><em>Cláusula de Batallas Eternas:</em> forzar batallas eternas está prohibido</small></div><div class="chat battle-history"><strong>Alm-2200's team:</strong> <em style="color:#445566;display:block;">Zapdos / Aggron / Kyurem-Black / Hawlucha / Tapu Koko / Conkeldurr</em></div><div class="chat battle-history"><strong>Cacoxd's team:</strong> <em style="color:#445566;display:block;">Greninja / Tapu Lele / Landorus-Therian / Mawile / Zygarde / Toxapex</em></div><div class="chat message-error">Reloj de batalla ENCENDIDO. El jugador inactivo será descalificado (solicitado por Cacoxd).</div><div class="spacer battle-history"><br></div><div class="battle-history">Battle started between Alm-2200 and Cacoxd!<br></div><div class="spacer battle-history"><br></div><div class="battle-history">Go! <strong>Tapu Koko</strong>!<br></div><div class="spacer battle-history"><br></div><div class="battle-history">Cacoxd sent out <strong>Greninja</strong>!<br></div><div class="battle-history"><small>[Tapu Koko's Electric Surge]</small><br><small>An electric current runs across the battlefield!</small><br></div><div class="spacer battle-history"><br></div><h2 class="battle-history">Turn 1</h2><div class="chat message-error">Alm-2200 tiene 135 segundos restantes.</div><div class="spacer battle-history"><br></div><div class="battle-history">The opposing Greninja used <strong>Water Shuriken</strong>!<br></div><div class="battle-history"><small>(Tapu Koko lost <abbr title="−46/281">16.4%</abbr> of its health!)</small><br></div><div class="battle-history"><small>(Tapu Koko lost <abbr title="−46/281">16.4%</abbr> of its health!)</small><br></div><div class="battle-history"><small>(Tapu Koko lost <abbr title="−43/281">15.3%</abbr> of its health!)</small><br></div><div class="battle-history"><small>(Tapu Koko lost <abbr title="−43/281">15.3%</abbr> of its health!)</small><br></div><div class="battle-history"><small>(Tapu Koko lost <abbr title="−48/281">17.1%</abbr> of its health!)</small><br></div><div class="battle-history"><small>Hit 5 times!</small><br></div><div class="spacer battle-history"><br></div><div class="battle-history">Tapu Koko used <strong>Hidden Power</strong>!<br></div><div class="battle-history"><small>It's not very effective...</small><br></div><div class="battle-history"><small>(The opposing Greninja lost <abbr title="−43/285">15.1%</abbr> of its health!)</small><br></div><div class="spacer battle-history"><br></div><h2 class="battle-history">Turn 2</h2><div class="spacer battle-history"><br></div><div class="battle-history">Tapu Koko, come back!<br></div><div class="battle-history">Go! <strong>Conkeldurr</strong>!<br></div><div class="spacer battle-history"><br></div><div class="battle-history">The opposing Greninja used <strong>Water Shuriken</strong>!<br></div><div class="battle-history"><small>(Conkeldurr lost <abbr title="−40/351">11.4%</abbr> of its health!)</small><br></div><div class="battle-history"><small>(Conkeldurr lost <abbr title="−37/351">10.5%</abbr> of its health!)</small><br></div><div class="battle-history"><small>(Conkeldurr lost <abbr title="−36/351">10.3%</abbr> of its health!)</small><br></div><div class="battle-history"><small>Hit 3 times!</small><br></div><div class="spacer battle-history"><br></div><div class="battle-history"><small>Conkeldurr was burned!</small><br></div><div class="spacer battle-history"><br></div><h2 class="battle-history">Turn 3</h2><div class="spacer battle-history"><br></div><div class="battle-history">Cacoxd withdrew Greninja!<br></div><div class="battle-history">Cacoxd sent out <strong>Tapu Lele</strong>!<br></div><div class="battle-history"><small>[The opposing Tapu Lele's Psychic Surge]</small><br><small>The battlefield got weird!</small><br></div><div class="spacer battle-history"><br></div><div class="battle-history">Conkeldurr used <strong>Mach Punch</strong>!<br></div><div class="battle-history"><small>The opposing Tapu Lele surrounds itself with psychic terrain!</small><br></div><div class="spacer battle-history"><br></div><div class="battle-history"><small>Conkeldurr was hurt by its burn!</small><br></div><div class="spacer battle-history"><br></div><h2 class="battle-history">Turn 4</h2><div class="chat message-error">Alm-2200 tiene 135 segundos restantes.</div><div class="chat message-error">Alm-2200 tiene 120 segundos restantes.</div><div class="spacer battle-history"><br></div><div class="battle-history">Conkeldurr, come back!<br></div><div class="battle-history">Go! <strong>Aggron</strong>!<br></div><div class="spacer battle-history"><br></div><div class="battle-history">The opposing Tapu Lele used <strong>Focus Blast</strong>!<br></div><div class="battle-history"><small>Aggron avoided the attack!</small><br></div><div class="spacer battle-history"><br></div><h2 class="battle-history">Turn 5</h2><div class="spacer battle-history"><br></div><div class="battle-history">Cacoxd withdrew Tapu Lele!<br></div><div class="battle-history">Cacoxd sent out Landorus (<strong>Landorus-Therian</strong>)!<br></div><div class="battle-history"><small>[The opposing Landorus's Intimidate]</small><br></div><div class="battle-history"><small>Aggron's Attack fell!</small><br></div><div class="spacer battle-history"><br></div><div class="battle-history">Aggron, come back!<br></div><div class="battle-history">Go! <strong>Conkeldurr</strong>!<br></div><div class="spacer battle-history"><br></div><div class="battle-history"><small>Conkeldurr was hurt by its burn!</small><br></div><div class="spacer battle-history"><br></div><h2 class="battle-history">Turn 6</h2><div class="spacer battle-history"><br></div><div class="battle-history">The opposing Landorus used <strong>Stealth Rock</strong>!<br></div><div class="battle-history"><small>Pointed stones float in the air around your team!</small><br></div><div class="spacer battle-history"><br></div><div class="battle-history">Conkeldurr used <strong>Ice Punch</strong>!<br></div><div class="battle-history"><small>It's super effective!</small><br></div><div class="battle-history"><small>(The opposing Landorus lost <abbr title="−382/382">100%</abbr> of its health!)</small><br></div><div class="battle-history"><small>Conkeldurr was hurt by the Rocky Helmet!</small><br></div><div class="spacer battle-history"><br></div><div class="battle-history">The opposing Landorus fainted!<br></div><div class="spacer battle-history"><br></div><div class="battle-history"><small>Conkeldurr was hurt by its burn!</small><br></div><div class="spacer battle-history"><br></div><div class="battle-history">Cacoxd sent out <strong>Greninja</strong>!<br></div><div class="spacer battle-history"><br></div><h2 class="battle-history">Turn 7</h2><div class="spacer battle-history"><br></div><div class="battle-history">Cacoxd withdrew Greninja!<br></div><div class="battle-history">Cacoxd sent out <strong>Tapu Lele</strong>!<br></div><div class="spacer battle-history"><br></div><div class="battle-history">Conkeldurr, come back!<br></div><div class="battle-history">Go! <strong>Zapdos</strong>!<br></div><div class="battle-history"><small>Pointed stones dug into Zapdos!</small><br></div><div class="spacer battle-history"><br></div><div class="battle-history"><small>The weirdness disappeared from the battlefield!</small><br></div><div class="spacer battle-history"><br></div><h2 class="battle-history">Turn 8</h2><div class="spacer battle-history"><br></div><div class="battle-history">The opposing Tapu Lele used <strong>Psyshock</strong>!<br></div><div class="battle-history"><small>(Zapdos lost <abbr title="−111/360">30.8%</abbr> of its health!)</small><br></div><div class="spacer battle-history"><br></div><div class="battle-history">Zapdos used <strong>Discharge</strong>!<br></div><div class="battle-history"><small>(The opposing Tapu Lele lost <abbr title="−105/281">37.4%</abbr> of its health!)</small><br></div><div class="spacer battle-history"><br></div><h2 class="battle-history">Turn 9</h2><div class="spacer battle-history"><br></div><div class="battle-history">Cacoxd withdrew Tapu Lele!<br></div><div class="battle-history">Cacoxd sent out <strong>Zygarde</strong>!<br></div><div class="battle-history"><small>[The opposing Zygarde's Aura Break]</small><br><small>The opposing Zygarde reversed all other Pokémon's auras!</small><br></div><div class="spacer battle-history"><br></div><div class="battle-history">Zapdos used <strong>Roost</strong>!<br></div><div class="battle-history"><small>Zapdos restored its HP.</small><br></div><div class="spacer battle-history"><br></div><h2 class="battle-history">Turn 10</h2><div class="spacer battle-history"><br></div><div class="battle-history">Zapdos, come back!<br></div><div class="battle-history">Go! Kyurem (<strong>Kyurem-Black</strong>)!<br></div><div class="battle-history"><small>Pointed stones dug into Kyurem!</small><br></div><div class="battle-history"><small>[Kyurem's Teravolt]</small><br><small>Kyurem is radiating a bursting aura!</small><br></div><div class="spacer battle-history"><br></div><div class="battle-history">The opposing Zygarde used <strong>Glare</strong>!<br></div><div class="battle-history"><small>Kyurem is paralyzed! It may be unable to move!</small><br></div><div class="spacer battle-history"><br></div><h2 class="battle-history">Turn 11</h2><div class="spacer battle-history"><br></div><div class="battle-history">The opposing Zygarde used <strong>Substitute</strong>!<br></div><div class="battle-history"><small>The opposing Zygarde put in a substitute!</small><br></div><div class="battle-history"><small>(The opposing Zygarde lost <abbr title="−89/357">24.9%</abbr> of its health!)</small><br></div><div class="battle-history"><small>Kyurem surrounded itself with its Z-Power!</small><br></div><div class="spacer battle-history"><br></div><div class="battle-history">Kyurem used <strong>Subzero Slammer</strong>!<br></div><div class="battle-history"><small>It's super effective!</small><br></div><div class="battle-history"><small>The opposing Zygarde's substitute faded!</small><br></div><div class="spacer battle-history"><br></div><div class="battle-history"><small>The opposing Zygarde restored a little HP using its Leftovers!</small><br></div><div class="spacer battle-history"><br></div><h2 class="battle-history">Turn 12</h2><div class="spacer battle-history"><br></div><div class="battle-history">The opposing Zygarde used <strong>Substitute</strong>!<br></div><div class="battle-history"><small>The opposing Zygarde put in a substitute!</small><br></div><div class="battle-history"><small>(The opposing Zygarde lost <abbr title="−89/357">24.9%</abbr> of its health!)</small><br></div><div class="spacer battle-history"><br></div><div class="battle-history">Kyurem is paralyzed! It can't move!<br></div><div class="spacer battle-history"><br></div><div class="battle-history"><small>The opposing Zygarde restored a little HP using its Leftovers!</small><br></div><div class="spacer battle-history"><br></div><h2 class="battle-history">Turn 13</h2><div class="spacer battle-history"><br></div><div class="battle-history">The opposing Zygarde used <strong>Dragon Dance</strong>!<br></div><div class="battle-history"><small>The opposing Zygarde's Attack rose!</small><br></div><div class="battle-history"><small>The opposing Zygarde's Speed rose!</small><br></div><div class="spacer battle-history"><br></div><div class="battle-history">Kyurem used <strong>Ice Beam</strong>!<br></div><div class="battle-history"><small>It's super effective!</small><br></div><div class="battle-history"><small>The opposing Zygarde's substitute faded!</small><br></div><div class="spacer battle-history"><br></div><div class="battle-history"><small>The opposing Zygarde restored a little HP using its Leftovers!</small><br></div><div class="spacer battle-history"><br></div><h2 class="battle-history">Turn 14</h2><div class="spacer battle-history"><br></div><div class="battle-history">The opposing Zygarde used <strong>Thousand Arrows</strong>!<br></div><div class="battle-history"><small>(Kyurem lost <abbr title="−223/391">57.0%</abbr> of its health!)</small><br></div><div class="spacer battle-history"><br></div><div class="battle-history">Kyurem used <strong>Ice Beam</strong>!<br></div><div class="battle-history"><small>It's super effective!</small><br></div><div class="battle-history"><small>(The opposing Zygarde lost <abbr title="−245/357">68.6%</abbr> of its health!)</small><br></div><div class="spacer battle-history"><br></div><div class="battle-history">The opposing Zygarde fainted!<br></div><div class="spacer battle-history"><br></div><div class="battle-history">Cacoxd sent out <strong>Tapu Lele</strong>!<br></div><div class="battle-history"><small>[The opposing Tapu Lele's Psychic Surge]</small><br><small>The battlefield got weird!</small><br></div><div class="spacer battle-history"><br></div><h2 class="battle-history">Turn 15</h2><div class="spacer battle-history"><br></div><div class="battle-history">The opposing Tapu Lele used <strong>Psyshock</strong>!<br></div><div class="battle-history"><small>(Kyurem lost <abbr title="−71/391">18.2%</abbr> of its health!)</small><br></div><div class="spacer battle-history"><br></div><div class="battle-history">Kyurem fainted!<br></div><div class="chat message-error">Alm-2200 tiene 135 segundos restantes.</div><div class="spacer battle-history"><br></div><div class="battle-history">Go! <strong>Tapu Koko</strong>!<br></div><div class="battle-history"><small>Pointed stones dug into Tapu Koko!</small><br></div><div class="battle-history"><small>[Tapu Koko's Electric Surge]</small><br><small>An electric current runs across the battlefield!</small><br></div><div class="spacer battle-history"><br></div><h2 class="battle-history">Turn 16</h2><div class="spacer battle-history"><br></div><div class="battle-history">The opposing Tapu Lele used <strong>Psyshock</strong>!<br></div><div class="battle-history"><small>(Tapu Koko lost <abbr title="−20/281">7.1%</abbr> of its health!)</small><br></div><div class="spacer battle-history"><br></div><div class="battle-history">Tapu Koko fainted!<br></div><div class="chat message-error">Alm-2200 tiene 135 segundos restantes.</div><div class="chat message-error">Alm-2200 tiene 120 segundos restantes.</div><div class="spacer battle-history"><br></div><div class="battle-history">Go! <strong>Aggron</strong>!<br></div><div class="battle-history"><small>Pointed stones dug into Aggron!</small><br></div><div class="spacer battle-history"><br></div><h2 class="battle-history">Turn 17</h2><div class="chat message-error">Alm-2200 tiene 135 segundos restantes.</div><div class="spacer battle-history"><br></div><div class="battle-history">Cacoxd withdrew Tapu Lele!<br></div><div class="battle-history">Cacoxd sent out <strong>Toxapex</strong>!<br></div><div class="spacer battle-history"><br></div><div class="battle-history"><small>Aggron's Aggronite is reacting to the Key Stone!</small><br>Aggron has Mega Evolved into Mega Aggron!<br></div><div class="spacer battle-history"><br></div><div class="battle-history">Aggron used <strong>Stealth Rock</strong>!<br></div><div class="battle-history"><small>Pointed stones float in the air around the opposing team!</small><br></div><div class="spacer battle-history"><br></div><h2 class="battle-history">Turn 18</h2><div class="spacer battle-history"><br></div><div class="battle-history">Aggron used <strong>Earthquake</strong>!<br></div><div class="battle-history"><small>It's super effective!</small><br></div><div class="battle-history"><small>(The opposing Toxapex lost <abbr title="−136/304">44.7%</abbr> of its health!)</small><br></div><div class="spacer battle-history"><br></div><div class="battle-history">The opposing Toxapex used <strong>Scald</strong>!<br></div><div class="battle-history"><small>(Aggron lost <abbr title="−52/343">15.2%</abbr> of its health!)</small><br></div><div class="battle-history"><small>Aggron was burned!</small><br></div><div class="spacer battle-history"><br></div><div class="battle-history"><small>The opposing Toxapex restored a little HP using its Black Sludge!</small><br></div><div class="battle-history"><small>Aggron was hurt by its burn!</small><br></div><div class="spacer battle-history"><br></div><h2 class="battle-history">Turn 19</h2><div class="spacer battle-history"><br></div><div class="battle-history">Aggron, come back!<br></div><div class="battle-history">Go! <strong>Conkeldurr</strong>!<br></div><div class="battle-history"><small>Pointed stones dug into Conkeldurr!</small><br></div><div class="spacer battle-history"><br></div><div class="battle-history">The opposing Toxapex used <strong>Recover</strong>!<br></div><div class="battle-history"><small>The opposing Toxapex restored its HP.</small><br></div><div class="spacer battle-history"><br></div><div class="battle-history"><small>Conkeldurr was hurt by its burn!</small><br></div><div class="spacer battle-history"><br></div><h2 class="battle-history">Turn 20</h2><div class="chat message-error">Alm-2200 tiene 135 segundos restantes.</div><div class="spacer battle-history"><br></div><div class="battle-history">Conkeldurr used <strong>Knock Off</strong>!<br></div><div class="battle-history"><small>(The opposing Toxapex lost <abbr title="−149/304">49.0%</abbr> of its health!)</small><br></div><div class="battle-history"><small>Conkeldurr knocked off the opposing Toxapex's Black Sludge!</small><br></div><div class="spacer battle-history"><br></div><div class="battle-history">The opposing Toxapex used <strong>Scald</strong>!<br></div><div class="battle-history"><small>(Conkeldurr lost <abbr title="−61/351">17.4%</abbr> of its health!)</small><br></div><div class="spacer battle-history"><br></div><div class="battle-history"><small>Conkeldurr was hurt by its burn!</small><br></div><div class="battle-history"><small>The electricity disappeared from the battlefield.</small><br></div><div class="spacer battle-history"><br></div><div class="battle-history">Conkeldurr fainted!<br></div><div class="spacer battle-history"><br></div><div class="battle-history">Go! <strong>Zapdos</strong>!<br></div><div class="battle-history"><small>Pointed stones dug into Zapdos!</small><br></div><div class="spacer battle-history"><br></div><h2 class="battle-history">Turn 21</h2><div class="chat message-error">Cacoxd tiene 135 segundos restantes.</div><div class="spacer battle-history"><br></div><div class="battle-history">Zapdos used <strong>Discharge</strong>!<br></div><div class="battle-history"><small>It's super effective!</small><br></div><div class="battle-history"><small>(The opposing Toxapex lost <abbr title="−132/304">43.4%</abbr> of its health!)</small><br></div><div class="spacer battle-history"><br></div><div class="battle-history">The opposing Toxapex used <strong>Recover</strong>!<br></div><div class="battle-history"><small>The opposing Toxapex restored its HP.</small><br></div><div class="spacer battle-history"><br></div><h2 class="battle-history">Turn 22</h2><div class="chat message-error">Alm-2200 tiene 135 segundos restantes.</div><div class="chat message-error">Alm-2200 tiene 120 segundos restantes.</div><div class="spacer battle-history"><br></div><div class="battle-history">Zapdos, come back!<br></div><div class="battle-history">Go! Aggron (<strong>Aggron-Mega</strong>)!<br></div><div class="battle-history"><small>Pointed stones dug into Aggron!</small><br></div><div class="spacer battle-history"><br></div><div class="battle-history">The opposing Toxapex used <strong>Recover</strong>!<br></div><div class="battle-history"><small>The opposing Toxapex restored its HP.</small><br></div><div class="spacer battle-history"><br></div><div class="battle-history"><small>Aggron was hurt by its burn!</small><br></div><div class="spacer battle-history"><br></div><h2 class="battle-history">Turn 23</h2><div class="spacer battle-history"><br></div><div class="battle-history">The opposing Toxapex used <strong>Scald</strong>!<br></div><div class="battle-history"><small>(Aggron lost <abbr title="−51/343">14.9%</abbr> of its health!)</small><br></div><div class="spacer battle-history"><br></div><div class="battle-history">Aggron used <strong>Roar</strong>!<br></div><div class="spacer battle-history"><br></div><div class="battle-history"><strong>Greninja</strong> was dragged out!<br></div><div class="battle-history"><small>Pointed stones dug into the opposing Greninja!</small><br></div><div class="spacer battle-history"><br></div><div class="battle-history"><small>Aggron was hurt by its burn!</small><br></div><div class="spacer battle-history"><br></div><h2 class="battle-history">Turn 24</h2><div class="chat message-error">Alm-2200 tiene 135 segundos restantes.</div><div class="spacer battle-history"><br></div><div class="battle-history">The opposing Greninja used <strong>Dark Pulse</strong>!<br></div><div class="battle-history"><small>(Aggron lost <abbr title="−135/343">39.4%</abbr> of its health!)</small><br></div><div class="spacer battle-history"><br></div><div class="battle-history">Aggron fainted!<br></div><div class="battle-history"><small>[The opposing Greninja's Battle Bond]</small><br><small>The opposing Greninja became fully charged due to its bond with its Trainer!</small><br></div><div class="battle-history">The opposing Greninja became Ash-Greninja!<br></div><div class="spacer battle-history"><br></div><div class="battle-history">Go! <strong>Zapdos</strong>!<br></div><div class="battle-history"><small>Pointed stones dug into Zapdos!</small><br></div><div class="spacer battle-history"><br></div><h2 class="battle-history">Turn 25</h2><div class="spacer battle-history"><br></div><div class="battle-history">The opposing Greninja used <strong>Dark Pulse</strong>!<br></div><div class="battle-history"><small>(Zapdos lost <abbr title="−159/360">44.2%</abbr> of its health!)</small><br></div><div class="spacer battle-history"><br></div><div class="battle-history">Zapdos fainted!<br></div><div class="spacer battle-history"><br></div><div class="battle-history">Go! <strong>Hawlucha</strong>!<br></div><div class="battle-history"><small>Pointed stones dug into Hawlucha!</small><br></div><div class="spacer battle-history"><br></div><h2 class="battle-history">Turn 26</h2><div class="chat message-error">Cacoxd tiene 135 segundos restantes.</div><div class="spacer battle-history"><br></div><div class="battle-history">Cacoxd withdrew Greninja!<br></div><div class="battle-history">Cacoxd sent out <strong>Toxapex</strong>!<br></div><div class="battle-history"><small>Pointed stones dug into the opposing Toxapex!</small><br></div><div class="spacer battle-history"><br></div><div class="battle-history">Hawlucha used <strong>High Jump Kick</strong>!<br></div><div class="battle-history"><small>It's not very effective...</small><br></div><div class="battle-history"><small>(The opposing Toxapex lost <abbr title="−72/304">23.7%</abbr> of its health!)</small><br></div><div class="spacer battle-history"><br></div><h2 class="battle-history">Turn 27</h2><div class="spacer battle-history"><br></div><div class="battle-history">Hawlucha used <strong>Swords Dance</strong>!<br></div><div class="battle-history"><small>Hawlucha's Attack rose sharply!</small><br></div><div class="spacer battle-history"><br></div><div class="battle-history">The opposing Toxapex used <strong>Toxic</strong>!<br></div><div class="battle-history"><small>Hawlucha was badly poisoned!</small><br></div><div class="spacer battle-history"><br></div><div class="battle-history"><small>Hawlucha was hurt by poison!</small><br></div><div class="spacer battle-history"><br></div><h2 class="battle-history">Turn 28</h2><div class="spacer battle-history"><br></div><div class="battle-history">Hawlucha used <strong>Swords Dance</strong>!<br></div><div class="battle-history"><small>Hawlucha's Attack rose sharply!</small><br></div><div class="spacer battle-history"><br></div><div class="battle-history">The opposing Toxapex used <strong>Haze</strong>!<br></div><div class="battle-history"><small>All stat changes were eliminated!</small><br></div><div class="spacer battle-history"><br></div><div class="battle-history"><small>Hawlucha was hurt by poison!</small><br></div><div class="spacer battle-history"><br></div><h2 class="battle-history">Turn 29</h2><div class="spacer battle-history"><br></div><div class="battle-history">Hawlucha used <strong>Swords Dance</strong>!<br></div><div class="battle-history"><small>Hawlucha's Attack rose sharply!</small><br></div><div class="spacer battle-history"><br></div><div class="battle-history">The opposing Toxapex used <strong>Scald</strong>!<br></div><div class="battle-history"><small>(Hawlucha lost <abbr title="−84/323">26.0%</abbr> of its health!)</small><br></div><div class="spacer battle-history"><br></div><div class="battle-history"><small>Hawlucha was hurt by poison!</small><br></div><div class="spacer battle-history"><br></div><h2 class="battle-history">Turn 30</h2><div class="chat message-error">Cacoxd tiene 135 segundos restantes.</div><div class="spacer battle-history"><br></div><div class="battle-history">Hawlucha used <strong>Acrobatics</strong>!<br></div><div class="battle-history"><small>(The opposing Toxapex lost <abbr title="−124/304">40.8%</abbr> of its health!)</small><br></div><div class="spacer battle-history"><br></div><div class="battle-history">The opposing Toxapex used <strong>Scald</strong>!<br></div><div class="battle-history"><small>(Hawlucha lost <abbr title="−79/323">24.5%</abbr> of its health!)</small><br></div><div class="spacer battle-history"><br></div><div class="battle-history">Hawlucha fainted!<br></div><div class="spacer battle-history"><br></div><div class="battle-history"><strong>Cacoxd</strong> won the battle!<br></div><div class="chat">Cacoxd ha ganado 9.25 PokeDolares.</div><div class="chat">Puntaje de Alm-2200: 1230 → <strong>1197</strong><br>(-33 por perder)</div><div class="chat">Puntaje de Cacoxd: 1126 → <strong>1168</strong><br>(+42 por ganar)</div></div><div class="inner-preempt"></div></div></div>
</div>
<script>
let daily = Math.floor(Date.now()/1000/60/60/24);document.write('<script src="https://play.pokemonshowdown.com/js/replay-embed.js?version'+daily+'"></'+'script>');
</script>
