<!DOCTYPE html>
<meta charset="utf-8" />
<!-- version 1 -->
<title>OU replay: elias21434 vs. zoxel19</title>
<style>
html,body {font-family:Verdana, sans-serif;font-size:10pt;margin:0;padding:0;}body{padding:12px 0;} .battle-log {font-family:Verdana, sans-serif;font-size:10pt;} .battle-log-inline {border:1px solid #AAAAAA;background:#EEF2F5;color:black;max-width:640px;margin:0 auto 80px;padding-bottom:5px;} .battle-log .inner {padding:4px 8px 0px 8px;} .battle-log .inner-preempt {padding:0 8px 4px 8px;} .battle-log .inner-after {margin-top:0.5em;} .battle-log h2 {margin:0.5em -8px;padding:4px 8px;border:1px solid #AAAAAA;background:#E0E7EA;border-left:0;border-right:0;font-family:Verdana, sans-serif;font-size:13pt;} .battle-log .chat {vertical-align:middle;padding:3px 0 3px 0;font-size:8pt;} .battle-log .chat strong {color:#40576A;} .battle-log .chat em {padding:1px 4px 1px 3px;color:#000000;font-style:normal;} .chat.mine {background:rgba(0,0,0,0.05);margin-left:-8px;margin-right:-8px;padding-left:8px;padding-right:8px;} .spoiler {color:#BBBBBB;background:#BBBBBB;padding:0px 3px;} .spoiler:hover, .spoiler:active, .spoiler-shown {color:#000000;background:#E2E2E2;padding:0px 3px;} .spoiler a {color:#BBBBBB;} .spoiler:hover a, .spoiler:active a, .spoiler-shown a {color:#2288CC;} .chat code, .chat .spoiler:hover code, .chat .spoiler:active code, .chat .spoiler-shown code {border:1px solid #C0C0C0;background:#EEEEEE;color:black;padding:0 2px;} .chat .spoiler code {border:1px solid #CCCCCC;background:#CCCCCC;color:#CCCCCC;} .battle-log .rated {padding:3px 4px;} .battle-log .rated strong {color:white;background:#89A;padding:1px 4px;border-radius:4px;} .spacer {margin-top:0.5em;} .message-announce {background:#6688AA;color:white;padding:1px 4px 2px;} .message-announce a, .broadcast-green a, .broadcast-blue a, .broadcast-red a {color:#DDEEFF;} .broadcast-green {background-color:#559955;color:white;padding:2px 4px;} .broadcast-blue {background-color:#6688AA;color:white;padding:2px 4px;} .infobox {border:1px solid #6688AA;padding:2px 4px;} .infobox-limited {max-height:200px;overflow:auto;overflow-x:hidden;} .broadcast-red {background-color:#AA5544;color:white;padding:2px 4px;} .message-learn-canlearn {font-weight:bold;color:#228822;text-decoration:underline;} .message-learn-cannotlearn {font-weight:bold;color:#CC2222;text-decoration:underline;} .message-effect-weak {font-weight:bold;color:#CC2222;} .message-effect-resist {font-weight:bold;color:#6688AA;} .message-effect-immune {font-weight:bold;color:#666666;} .message-learn-list {margin-top:0;margin-bottom:0;} .message-throttle-notice, .message-error {color:#992222;} .message-overflow, .chat small.message-overflow {font-size:0pt;} .message-overflow::before {font-size:9pt;content:'...';} .subtle {color:#3A4A66;}
</style>
<div class="wrapper replay-wrapper" style="max-width:1180px;margin:0 auto">
<input type="hidden" name="replayid" value="destiny-ou-469439" />
<div class="battle"></div><div class="battle-log"></div><div class="replay-controls"></div><div class="replay-controls-2"></div>
<h1 style="font-weight:normal;text-align:center"><strong>OU</strong><br /><a href="http://pokemonshowdown.com/users/elias21434" class="subtle" target="_blank">elias21434</a> vs. <a href="http://pokemonshowdown.com/users/zoxel19" class="subtle" target="_blank">zoxel19</a></h1>
<script type="text/plain" class="battle-log-data">|player|p1|elias21434|124
|teamsize|p1|6
|player|p2|zoxel19|1
|teamsize|p2|6
|teamsize|p1|6
|teamsize|p2|6
|gametype|singles
|gen|7
|tier|OU
|seed|41472,33513,6745,14291
|rule|Cláusula-Mod de Dormir: solo puedes dormir a uno de tus oponentes a la vez.
|rule|Cláusula de Especie: Hasta un Pokémon de cada especie
|rule|Cláusula de Golpe Fulminante: los movimientos fulminantes (OHKO) estan prohibidos
|rule|Cláusula de Veleta: la habilidad Veleta está prohibida
|rule|Cláusula de Movimientos Evasivos: los movimientos de Evasión están prohibidos.
|rule|Cláusula de Batallas Eternas: forzar batallas eternas está prohibido
|clearpoke
|poke|p1|Rattata, M, shiny|item
|poke|p1|Mimikyu, M|item
|poke|p1|Blastoise, F|item
|poke|p1|Blissey, F|item
|poke|p1|Wartortle, F|item
|poke|p1|Aron, F|item
|poke|p2|Kyurem-Black|item
|poke|p2|Chansey, F|item
|poke|p2|Landorus-Therian, M|item
|poke|p2|Tapu Fini|item
|poke|p2|Scizor, M|item
|poke|p2|Victini|item
|teampreview|undefined
|choice|*team 123456|*
|c|☆zoxel19|le damos nomas
|choice|*|*team 123456
|choice|team 1, 2, 3, 4, 5, 6|team 1, 2, 3, 4, 5, 6
|
|start
|switch|p1a: Rattata|Rattata, M, shiny|201\/201
|switch|p2a: Kyurem|Kyurem-Black|454\/454
|-ability|p2a: Kyurem|Teravolt
|turn|1
|choice|*move 1|*
|choice|*|*move 2 zmove
|choice|move endeavor|move freezeshock zmove
|
|move|p1a: Rattata|Endeavor|p2a: Kyurem
|-damage|p2a: Kyurem|201\/454
|-zpower|p2a: Kyurem
|move|p2a: Kyurem|Subzero Slammer|p1a: Rattata|[zeffect]
|-enditem|p1a: Rattata|Focus Sash
|-damage|p1a: Rattata|1\/201
|
|upkeep
|turn|2
|choice|*move 2|*
|choice|*|*switch 2
|choice|move quickattack|switch 2
|
|switch|p2a: Chansey|Chansey, F|703\/703
|move|p1a: Rattata|Quick Attack|p2a: Chansey
|-damage|p2a: Chansey|651\/703
|
|upkeep
|turn|3
|choice|*move 1|*
|choice|*|*move 1
|choice|move endeavor|move stealthrock
|
|move|p1a: Rattata|Endeavor|p2a: Chansey
|-damage|p2a: Chansey|1\/703
|move|p2a: Chansey|Stealth Rock|p1a: Rattata
|-sidestart|p1: elias21434|move: Stealth Rock
|
|upkeep
|turn|4
|choice|*move 2|*
|choice|*|*switch 3
|choice|move quickattack|switch 3
|
|switch|p2a: Landorus|Landorus-Therian, M|319\/319
|-ability|p2a: Landorus|Intimidate|boost
|-unboost|p1a: Rattata|atk|1
|move|p1a: Rattata|Quick Attack|p2a: Landorus
|-damage|p2a: Landorus|286\/319
|
|upkeep
|turn|5
|choice|*|*move 3
|choice|*move 1|*
|choice|move endeavor|move toxic
|
|move|p2a: Landorus|Toxic|p1a: Rattata
|-status|p1a: Rattata|tox
|move|p1a: Rattata|Endeavor|p2a: Landorus
|-damage|p2a: Landorus|1\/319
|
|-damage|p1a: Rattata|0 fnt|[from] psn
|upkeep
|faint|p1a: Rattata
|choice|*switch 2|*
|choice|switch 2|
|
|switch|p1a: Mimikyu|Mimikyu, M|251\/251
|-damage|p1a: Mimikyu|220\/251|[from] Stealth Rock
|turn|6
|choice|*move 1|*
|choice|*|*switch 5
|choice|move swordsdance|switch 5
|
|switch|p2a: Scizor|Scizor, M|343\/343
|move|p1a: Mimikyu|Swords Dance|p1a: Mimikyu
|-boost|p1a: Mimikyu|atk|2
|
|-heal|p1a: Mimikyu|235\/251|[from] item: Leftovers
|upkeep
|turn|7
|choice|*|*move 2 mega
|choice|*move 3|*
|choice|move shadowsneak|move bulletpunch mega
|
|-mega|p2a: Scizor|Scizor|Scizorite
|detailschange|p2a: Scizor|Scizor-Mega, M
|move|p1a: Mimikyu|Shadow Sneak|p2a: Scizor
|-damage|p2a: Scizor|261\/343
|move|p2a: Scizor|Bullet Punch|p1a: Mimikyu
|-activate|p1a: Mimikyu|ability: Disguise
|-damage|p1a: Mimikyu|235\/251
|detailschange|p1a: Mimikyu|Mimikyu-Busted, M
|
|-heal|p1a: Mimikyu|250\/251|[from] item: Leftovers
|upkeep
|turn|8
|choice|*|*move 1
|choice|*move 1|*
|choice|move swordsdance|move swordsdance
|
|move|p1a: Mimikyu|Swords Dance|p1a: Mimikyu
|-boost|p1a: Mimikyu|atk|2
|move|p2a: Scizor|Swords Dance|p2a: Scizor
|-boost|p2a: Scizor|atk|2
|
|-heal|p1a: Mimikyu|251\/251|[from] item: Leftovers
|upkeep
|turn|9
|choice|*|*move 2
|choice|*move 1|*
|choice|move swordsdance|move bulletpunch
|
|move|p2a: Scizor|Bullet Punch|p1a: Mimikyu
|-supereffective|p1a: Mimikyu
|-damage|p1a: Mimikyu|0 fnt
|faint|p1a: Mimikyu
|
|upkeep
|choice|*switch 5|*
|choice|switch 5|
|
|switch|p1a: Wartortle|Wartortle, F|259\/259
|-damage|p1a: Wartortle|227\/259|[from] Stealth Rock
|turn|10
|choice|*move 1|*
|choice|*|*move 2
|choice|move irondefense|move bulletpunch
|
|move|p2a: Scizor|Bullet Punch|p1a: Wartortle
|-resisted|p1a: Wartortle
|-damage|p1a: Wartortle|113\/259
|move|p1a: Wartortle|Iron Defense|p1a: Wartortle
|-boost|p1a: Wartortle|def|2
|
|upkeep
|turn|11
|choice|*|*move 2
|choice|*move 2|*
|choice|move aurasphere|move bulletpunch
|
|move|p2a: Scizor|Bullet Punch|p1a: Wartortle
|-resisted|p1a: Wartortle
|-crit|p1a: Wartortle
|-damage|p1a: Wartortle|0 fnt
|faint|p1a: Wartortle
|
|upkeep
|choice|*switch 3|*
|choice|switch 3|
|
|switch|p1a: Blastoise|Blastoise, F|336\/336
|-damage|p1a: Blastoise|294\/336|[from] Stealth Rock
|turn|12
|choice|*|*move 1
|choice|*move 1|*
|choice|move scald|move swordsdance
|
|move|p1a: Blastoise|Scald|p2a: Scizor
|-damage|p2a: Scizor|164\/343
|-status|p2a: Scizor|brn
|move|p2a: Scizor|Swords Dance|p2a: Scizor
|-boost|p2a: Scizor|atk|2
|
|-damage|p2a: Scizor|143\/343 brn|[from] brn
|upkeep
|turn|13
|choice|*|*move 2
|choice|*move 1 mega|*
|choice|move scald mega|move bulletpunch
|
|-mega|p1a: Blastoise|Blastoise|Blastoisinite
|detailschange|p1a: Blastoise|Blastoise-Mega, F
|move|p2a: Scizor|Bullet Punch|p1a: Blastoise
|-resisted|p1a: Blastoise
|-damage|p1a: Blastoise|222\/336
|move|p1a: Blastoise|Scald|p2a: Scizor
|-damage|p2a: Scizor|2\/343 brn
|
|-damage|p2a: Scizor|0 fnt|[from] brn
|upkeep
|faint|p2a: Scizor
|choice|*|*switch 4
|choice||switch 4
|
|switch|p2a: Tapu Fini|Tapu Fini|344\/344
|-fieldstart|move: Misty Terrain|[from] ability: Misty Surge|[of] p2a: Tapu Fini
|turn|14
|choice|*move 1|*
|choice|*|*move 1
|choice|move scald|move protect
|
|move|p2a: Tapu Fini|Protect|p2a: Tapu Fini
|-singleturn|p2a: Tapu Fini|Protect
|move|p1a: Blastoise|Scald|p2a: Tapu Fini
|-activate|p2a: Tapu Fini|move: Protect
|
|upkeep
|turn|15
|choice|*|*move 3
|choice|*move 1|*
|choice|move scald|move moonblast
|
|move|p2a: Tapu Fini|Moonblast|p1a: Blastoise
|-damage|p1a: Blastoise|119\/336
|move|p1a: Blastoise|Scald|p2a: Tapu Fini
|-resisted|p2a: Tapu Fini
|-damage|p2a: Tapu Fini|284\/344
|
|-heal|p2a: Tapu Fini|305\/344|[from] item: Leftovers
|upkeep
|turn|16
|choice|*|*move 3
|choice|*move 2|*
|choice|move dragonpulse|move moonblast
|
|move|p2a: Tapu Fini|Moonblast|p1a: Blastoise
|-damage|p1a: Blastoise|19\/336
|move|p1a: Blastoise|Dragon Pulse|p2a: Tapu Fini
|-immune|p2a: Tapu Fini|[msg]
|
|-heal|p2a: Tapu Fini|326\/344|[from] item: Leftovers
|upkeep
|turn|17
|choice|*|*move 3
|choice|*move 2|*
|choice|move dragonpulse|move moonblast
|
|move|p2a: Tapu Fini|Moonblast|p1a: Blastoise
|-damage|p1a: Blastoise|0 fnt
|faint|p1a: Blastoise
|
|-heal|p2a: Tapu Fini|344\/344|[from] item: Leftovers
|upkeep
|choice|*switch 4|*
|choice|switch 4|
|
|switch|p1a: Blissey|Blissey, F|714\/714
|-damage|p1a: Blissey|625\/714|[from] Stealth Rock
|turn|18
|choice|*|*move 3
|choice|*move 3|*
|choice|move sweetkiss|move moonblast
|
|move|p2a: Tapu Fini|Moonblast|p1a: Blissey
|-damage|p1a: Blissey|558\/714
|move|p1a: Blissey|Sweet Kiss|p2a: Tapu Fini|[miss]
|-miss|p1a: Blissey|p2a: Tapu Fini
|
|-heal|p1a: Blissey|602\/714|[from] item: Leftovers
|-fieldend|Misty Terrain
|upkeep
|turn|19
|choice|*|*switch 3
|choice|*move 1|*
|choice|move toxic|switch 3
|
|switch|p2a: Chansey|Chansey, F|1\/703
|move|p1a: Blissey|Toxic|p2a: Chansey
|-status|p2a: Chansey|tox
|
|-heal|p1a: Blissey|646\/714|[from] item: Leftovers
|-damage|p2a: Chansey|0 fnt|[from] psn
|upkeep
|faint|p2a: Chansey
|choice|*|*switch 2
|choice||switch 2
|
|switch|p2a: Kyurem|Kyurem-Black|201\/454
|-ability|p2a: Kyurem|Teravolt
|turn|20
|choice|*move 1|*
|choice|*|*move 4
|choice|move toxic|move roost
|
|move|p2a: Kyurem|Roost|p2a: Kyurem
|-heal|p2a: Kyurem|428\/454
|move|p1a: Blissey|Toxic|p2a: Kyurem
|-status|p2a: Kyurem|tox
|
|-heal|p1a: Blissey|690\/714|[from] item: Leftovers
|-damage|p2a: Kyurem|400\/454 tox|[from] psn
|upkeep
|turn|21
|choice|*|*move 3
|choice|*move 3|*
|choice|move sweetkiss|move fusionbolt
|
|move|p2a: Kyurem|Fusion Bolt|p1a: Blissey
|-damage|p1a: Blissey|112\/714
|move|p1a: Blissey|Sweet Kiss|p2a: Kyurem|[miss]
|-miss|p1a: Blissey|p2a: Kyurem
|
|-heal|p1a: Blissey|156\/714|[from] item: Leftovers
|-damage|p2a: Kyurem|344\/454 tox|[from] psn
|upkeep
|turn|22
|choice|*|*move 3
|choice|*move 2|*
|choice|move softboiled|move fusionbolt
|
|move|p2a: Kyurem|Fusion Bolt|p1a: Blissey
|-damage|p1a: Blissey|0 fnt
|faint|p1a: Blissey
|
|-damage|p2a: Kyurem|260\/454 tox|[from] psn
|upkeep
|choice|*switch 6|*
|choice|switch 6|
|
|switch|p1a: Aron|Aron, F|241\/241
|-damage|p1a: Aron|226\/241|[from] Stealth Rock
|turn|23
|choice|*|*move 4
|choice|*move 1|*
|choice|move endeavor|move roost
|
|move|p2a: Kyurem|Roost|p2a: Kyurem
|-heal|p2a: Kyurem|454\/454 tox
|move|p1a: Aron|Endeavor|p2a: Kyurem
|-damage|p2a: Kyurem|226\/454 tox
|-heal|p1a: Aron|241\/241|[from] item: Shell Bell|[of] p2a: Kyurem
|
|-damage|p2a: Kyurem|114\/454 tox|[from] psn
|upkeep
|turn|24
|choice|*move 1|*
|choice|*|*switch 3
|choice|move endeavor|switch 3
|
|switch|p2a: Tapu Fini|Tapu Fini|344\/344
|-fieldstart|move: Misty Terrain|[from] ability: Misty Surge|[of] p2a: Tapu Fini
|move|p1a: Aron|Endeavor|p2a: Tapu Fini
|-damage|p2a: Tapu Fini|241\/344
|
|-heal|p2a: Tapu Fini|262\/344|[from] item: Leftovers
|upkeep
|turn|25
|choice|*|*move 2
|choice|*move 1|*
|choice|move endeavor|move scald
|
|move|p2a: Tapu Fini|Scald|p1a: Aron
|-supereffective|p1a: Aron
|-ability|p1a: Aron|Sturdy
|-damage|p1a: Aron|1\/241
|move|p1a: Aron|Endeavor|p2a: Tapu Fini
|-damage|p2a: Tapu Fini|1\/344
|-heal|p1a: Aron|33\/241|[from] item: Shell Bell|[of] p2a: Tapu Fini
|
|-heal|p2a: Tapu Fini|22\/344|[from] item: Leftovers
|upkeep
|turn|26
|choice|*|*move 2
|choice|*move 1|*
|choice|move endeavor|move scald
|
|move|p2a: Tapu Fini|Scald|p1a: Aron
|-supereffective|p1a: Aron
|-damage|p1a: Aron|0 fnt
|faint|p1a: Aron
|
|win|zoxel19
</script>
</div>
<div class="battle-log battle-log-inline"><div class="inner"><div class="battle-options"></div><div class="inner"><div class=""><small>Format:</small> <br><strong>OU</strong></div><div class=""><small><em>Cláusula-Mod de Dormir:</em> solo puedes dormir a uno de tus oponentes a la vez.</small></div><div class=""><small><em>Cláusula de Especie:</em> Hasta un Pokémon de cada especie</small></div><div class=""><small><em>Cláusula de Golpe Fulminante:</em> los movimientos fulminantes (OHKO) estan prohibidos</small></div><div class=""><small><em>Cláusula de Veleta:</em> la habilidad Veleta está prohibida</small></div><div class=""><small><em>Cláusula de Movimientos Evasivos:</em> los movimientos de Evasión están prohibidos.</small></div><div class=""><small><em>Cláusula de Batallas Eternas:</em> forzar batallas eternas está prohibido</small></div><div class="chat battle-history"><strong>elias21434's team:</strong> <em style="color:#445566;display:block;">Rattata / Mimikyu / Blastoise / Blissey / Wartortle / Aron</em></div><div class="chat battle-history"><strong>zoxel19's team:</strong> <em style="color:#445566;display:block;">Kyurem-Black / Chansey / Landorus-Therian / Tapu Fini / Scizor / Victini</em></div><div class="chat chatmessage-zoxel19"><strong style="color:hsl(148,51%,35%)"><small>☆</small><span class="username" data-name="zoxel19">zoxel19</span>:</strong> <em>le damos nomas</em></div><div class="spacer battle-history"><br></div><div class="battle-history">Battle started between elias21434 and zoxel19!<br></div><div class="spacer battle-history"><br></div><div class="battle-history">Go! <strong>Rattata</strong>!<br></div><div class="spacer battle-history"><br></div><div class="battle-history">zoxel19 sent out Kyurem (<strong>Kyurem-Black</strong>)!<br></div><div class="battle-history"><small>[The opposing Kyurem's Teravolt]</small><br><small>The opposing Kyurem is radiating a bursting aura!</small><br></div><div class="spacer battle-history"><br></div><h2 class="battle-history">Turn 1</h2><div class="spacer battle-history"><br></div><div class="battle-history">Rattata used <strong>Endeavor</strong>!<br></div><div class="battle-history"><small>(The opposing Kyurem lost <abbr title="−253/454">55.7%</abbr> of its health!)</small><br></div><div class="battle-history"><small>The opposing Kyurem surrounded itself with its Z-Power!</small><br></div><div class="spacer battle-history"><br></div><div class="battle-history">The opposing Kyurem used <strong>Subzero Slammer</strong>!<br></div><div class="battle-history"><small>Rattata hung on using its Focus Sash!</small><br></div><div class="battle-history"><small>(Rattata lost <abbr title="−200/201">99.5%</abbr> of its health!)</small><br></div><div class="spacer battle-history"><br></div><h2 class="battle-history">Turn 2</h2><div class="spacer battle-history"><br></div><div class="battle-history">zoxel19 withdrew Kyurem!<br></div><div class="battle-history">zoxel19 sent out <strong>Chansey</strong>!<br></div><div class="spacer battle-history"><br></div><div class="battle-history">Rattata used <strong>Quick Attack</strong>!<br></div><div class="battle-history"><small>(The opposing Chansey lost <abbr title="−52/703">7.4%</abbr> of its health!)</small><br></div><div class="spacer battle-history"><br></div><h2 class="battle-history">Turn 3</h2><div class="spacer battle-history"><br></div><div class="battle-history">Rattata used <strong>Endeavor</strong>!<br></div><div class="battle-history"><small>(The opposing Chansey lost <abbr title="−650/703">92.5%</abbr> of its health!)</small><br></div><div class="spacer battle-history"><br></div><div class="battle-history">The opposing Chansey used <strong>Stealth Rock</strong>!<br></div><div class="battle-history"><small>Pointed stones float in the air around your team!</small><br></div><div class="spacer battle-history"><br></div><h2 class="battle-history">Turn 4</h2><div class="spacer battle-history"><br></div><div class="battle-history">zoxel19 withdrew Chansey!<br></div><div class="battle-history">zoxel19 sent out Landorus (<strong>Landorus-Therian</strong>)!<br></div><div class="battle-history"><small>[The opposing Landorus's Intimidate]</small><br></div><div class="battle-history"><small>Rattata's Attack fell!</small><br></div><div class="spacer battle-history"><br></div><div class="battle-history">Rattata used <strong>Quick Attack</strong>!<br></div><div class="battle-history"><small>(The opposing Landorus lost <abbr title="−33/319">10.3%</abbr> of its health!)</small><br></div><div class="spacer battle-history"><br></div><h2 class="battle-history">Turn 5</h2><div class="spacer battle-history"><br></div><div class="battle-history">The opposing Landorus used <strong>Toxic</strong>!<br></div><div class="battle-history"><small>Rattata was badly poisoned!</small><br></div><div class="spacer battle-history"><br></div><div class="battle-history">Rattata used <strong>Endeavor</strong>!<br></div><div class="battle-history"><small>(The opposing Landorus lost <abbr title="−285/319">89.3%</abbr> of its health!)</small><br></div><div class="spacer battle-history"><br></div><div class="battle-history"><small>Rattata was hurt by poison!</small><br></div><div class="spacer battle-history"><br></div><div class="battle-history">Rattata fainted!<br></div><div class="spacer battle-history"><br></div><div class="battle-history">Go! <strong>Mimikyu</strong>!<br></div><div class="battle-history"><small>Pointed stones dug into Mimikyu!</small><br></div><div class="spacer battle-history"><br></div><h2 class="battle-history">Turn 6</h2><div class="spacer battle-history"><br></div><div class="battle-history">zoxel19 withdrew Landorus!<br></div><div class="battle-history">zoxel19 sent out <strong>Scizor</strong>!<br></div><div class="spacer battle-history"><br></div><div class="battle-history">Mimikyu used <strong>Swords Dance</strong>!<br></div><div class="battle-history"><small>Mimikyu's Attack rose sharply!</small><br></div><div class="spacer battle-history"><br></div><div class="battle-history"><small>Mimikyu restored a little HP using its Leftovers!</small><br></div><div class="spacer battle-history"><br></div><h2 class="battle-history">Turn 7</h2><div class="spacer battle-history"><br></div><div class="battle-history"><small>The opposing Scizor's Scizorite is reacting to the Key Stone!</small><br>The opposing Scizor has Mega Evolved into Mega Scizor!<br></div><div class="spacer battle-history"><br></div><div class="battle-history">Mimikyu used <strong>Shadow Sneak</strong>!<br></div><div class="battle-history"><small>(The opposing Scizor lost <abbr title="−82/343">23.9%</abbr> of its health!)</small><br></div><div class="spacer battle-history"><br></div><div class="battle-history">The opposing Scizor used <strong>Bullet Punch</strong>!<br></div><div class="battle-history"><small>[Mimikyu's Disguise]</small><br><small>Its disguise served it as a decoy!</small><br></div><div class="battle-history"><small>(Mimikyu lost <abbr title="0/251">0%</abbr> of its health!)</small><br></div><div class="battle-history">Mimikyu's disguise was busted!<br></div><div class="spacer battle-history"><br></div><div class="battle-history"><small>Mimikyu restored a little HP using its Leftovers!</small><br></div><div class="spacer battle-history"><br></div><h2 class="battle-history">Turn 8</h2><div class="spacer battle-history"><br></div><div class="battle-history">Mimikyu used <strong>Swords Dance</strong>!<br></div><div class="battle-history"><small>Mimikyu's Attack rose sharply!</small><br></div><div class="spacer battle-history"><br></div><div class="battle-history">The opposing Scizor used <strong>Swords Dance</strong>!<br></div><div class="battle-history"><small>The opposing Scizor's Attack rose sharply!</small><br></div><div class="spacer battle-history"><br></div><div class="battle-history"><small>Mimikyu restored a little HP using its Leftovers!</small><br></div><div class="spacer battle-history"><br></div><h2 class="battle-history">Turn 9</h2><div class="spacer battle-history"><br></div><div class="battle-history">The opposing Scizor used <strong>Bullet Punch</strong>!<br></div><div class="battle-history"><small>It's super effective!</small><br></div><div class="battle-history"><small>(Mimikyu lost <abbr title="−251/251">100%</abbr> of its health!)</small><br></div><div class="spacer battle-history"><br></div><div class="battle-history">Mimikyu fainted!<br></div><div class="spacer battle-history"><br></div><div class="battle-history">Go! <strong>Wartortle</strong>!<br></div><div class="battle-history"><small>Pointed stones dug into Wartortle!</small><br></div><div class="spacer battle-history"><br></div><h2 class="battle-history">Turn 10</h2><div class="spacer battle-history"><br></div><div class="battle-history">The opposing Scizor used <strong>Bullet Punch</strong>!<br></div><div class="battle-history"><small>It's not very effective...</small><br></div><div class="battle-history"><small>(Wartortle lost <abbr title="−114/259">44.0%</abbr> of its health!)</small><br></div><div class="spacer battle-history"><br></div><div class="battle-history">Wartortle used <strong>Iron Defense</strong>!<br></div><div class="battle-history"><small>Wartortle's Defense rose sharply!</small><br></div><div class="spacer battle-history"><br></div><h2 class="battle-history">Turn 11</h2><div class="spacer battle-history"><br></div><div class="battle-history">The opposing Scizor used <strong>Bullet Punch</strong>!<br></div><div class="battle-history"><small>It's not very effective...</small><br></div><div class="battle-history"><small>A critical hit!</small><br></div><div class="battle-history"><small>(Wartortle lost <abbr title="−113/259">43.6%</abbr> of its health!)</small><br></div><div class="spacer battle-history"><br></div><div class="battle-history">Wartortle fainted!<br></div><div class="spacer battle-history"><br></div><div class="battle-history">Go! <strong>Blastoise</strong>!<br></div><div class="battle-history"><small>Pointed stones dug into Blastoise!</small><br></div><div class="spacer battle-history"><br></div><h2 class="battle-history">Turn 12</h2><div class="spacer battle-history"><br></div><div class="battle-history">Blastoise used <strong>Scald</strong>!<br></div><div class="battle-history"><small>(The opposing Scizor lost <abbr title="−97/343">28.3%</abbr> of its health!)</small><br></div><div class="battle-history"><small>The opposing Scizor was burned!</small><br></div><div class="spacer battle-history"><br></div><div class="battle-history">The opposing Scizor used <strong>Swords Dance</strong>!<br></div><div class="battle-history"><small>The opposing Scizor's Attack rose sharply!</small><br></div><div class="spacer battle-history"><br></div><div class="battle-history"><small>The opposing Scizor was hurt by its burn!</small><br></div><div class="spacer battle-history"><br></div><h2 class="battle-history">Turn 13</h2><div class="spacer battle-history"><br></div><div class="battle-history"><small>Blastoise's Blastoisinite is reacting to the Key Stone!</small><br>Blastoise has Mega Evolved into Mega Blastoise!<br></div><div class="spacer battle-history"><br></div><div class="battle-history">The opposing Scizor used <strong>Bullet Punch</strong>!<br></div><div class="battle-history"><small>It's not very effective...</small><br></div><div class="battle-history"><small>(Blastoise lost <abbr title="−72/336">21.4%</abbr> of its health!)</small><br></div><div class="spacer battle-history"><br></div><div class="battle-history">Blastoise used <strong>Scald</strong>!<br></div><div class="battle-history"><small>(The opposing Scizor lost <abbr title="−141/343">41.1%</abbr> of its health!)</small><br></div><div class="spacer battle-history"><br></div><div class="battle-history"><small>The opposing Scizor was hurt by its burn!</small><br></div><div class="spacer battle-history"><br></div><div class="battle-history">The opposing Scizor fainted!<br></div><div class="spacer battle-history"><br></div><div class="battle-history">zoxel19 sent out <strong>Tapu Fini</strong>!<br></div><div class="battle-history"><small>[The opposing Tapu Fini's Misty Surge]</small><br><small>Mist swirls around the battlefield!</small><br></div><div class="spacer battle-history"><br></div><h2 class="battle-history">Turn 14</h2><div class="spacer battle-history"><br></div><div class="battle-history">The opposing Tapu Fini used <strong>Protect</strong>!<br></div><div class="battle-history"><small>The opposing Tapu Fini protected itself!</small><br></div><div class="spacer battle-history"><br></div><div class="battle-history">Blastoise used <strong>Scald</strong>!<br></div><div class="battle-history"><small>The opposing Tapu Fini protected itself!</small><br></div><div class="spacer battle-history"><br></div><h2 class="battle-history">Turn 15</h2><div class="spacer battle-history"><br></div><div class="battle-history">The opposing Tapu Fini used <strong>Moonblast</strong>!<br></div><div class="battle-history"><small>(Blastoise lost <abbr title="−103/336">30.7%</abbr> of its health!)</small><br></div><div class="spacer battle-history"><br></div><div class="battle-history">Blastoise used <strong>Scald</strong>!<br></div><div class="battle-history"><small>It's not very effective...</small><br></div><div class="battle-history"><small>(The opposing Tapu Fini lost <abbr title="−60/344">17.4%</abbr> of its health!)</small><br></div><div class="spacer battle-history"><br></div><div class="battle-history"><small>The opposing Tapu Fini restored a little HP using its Leftovers!</small><br></div><div class="spacer battle-history"><br></div><h2 class="battle-history">Turn 16</h2><div class="spacer battle-history"><br></div><div class="battle-history">The opposing Tapu Fini used <strong>Moonblast</strong>!<br></div><div class="battle-history"><small>(Blastoise lost <abbr title="−100/336">29.8%</abbr> of its health!)</small><br></div><div class="spacer battle-history"><br></div><div class="battle-history">Blastoise used <strong>Dragon Pulse</strong>!<br></div><div class="battle-history"><small>It doesn't affect the opposing Tapu Fini...</small><br></div><div class="spacer battle-history"><br></div><div class="battle-history"><small>The opposing Tapu Fini restored a little HP using its Leftovers!</small><br></div><div class="spacer battle-history"><br></div><h2 class="battle-history">Turn 17</h2><div class="spacer battle-history"><br></div><div class="battle-history">The opposing Tapu Fini used <strong>Moonblast</strong>!<br></div><div class="battle-history"><small>(Blastoise lost <abbr title="−19/336">5.7%</abbr> of its health!)</small><br></div><div class="spacer battle-history"><br></div><div class="battle-history">Blastoise fainted!<br></div><div class="spacer battle-history"><br></div><div class="battle-history"><small>The opposing Tapu Fini restored a little HP using its Leftovers!</small><br></div><div class="spacer battle-history"><br></div><div class="battle-history">Go! <strong>Blissey</strong>!<br></div><div class="battle-history"><small>Pointed stones dug into Blissey!</small><br></div><div class="spacer battle-history"><br></div><h2 class="battle-history">Turn 18</h2><div class="spacer battle-history"><br></div><div class="battle-history">The opposing Tapu Fini used <strong>Moonblast</strong>!<br></div><div class="battle-history"><small>(Blissey lost <abbr title="−67/714">9.4%</abbr> of its health!)</small><br></div><div class="spacer battle-history"><br></div><div class="battle-history">Blissey used <strong>Sweet Kiss</strong>!<br></div><div class="battle-history"><small>The opposing Tapu Fini avoided the attack!</small><br></div><div class="spacer battle-history"><br></div><div class="battle-history"><small>Blissey restored a little HP using its Leftovers!</small><br></div><div class="battle-history"><small>The mist disappeared from the battlefield.</small><br></div><div class="spacer battle-history"><br></div><h2 class="battle-history">Turn 19</h2><div class="spacer battle-history"><br></div><div class="battle-history">zoxel19 withdrew Tapu Fini!<br></div><div class="battle-history">zoxel19 sent out <strong>Chansey</strong>!<br></div><div class="spacer battle-history"><br></div><div class="battle-history">Blissey used <strong>Toxic</strong>!<br></div><div class="battle-history"><small>The opposing Chansey was badly poisoned!</small><br></div><div class="spacer battle-history"><br></div><div class="battle-history"><small>Blissey restored a little HP using its Leftovers!</small><br></div><div class="battle-history"><small>The opposing Chansey was hurt by poison!</small><br></div><div class="spacer battle-history"><br></div><div class="battle-history">The opposing Chansey fainted!<br></div><div class="spacer battle-history"><br></div><div class="battle-history">zoxel19 sent out Kyurem (<strong>Kyurem-Black</strong>)!<br></div><div class="battle-history"><small>[The opposing Kyurem's Teravolt]</small><br><small>The opposing Kyurem is radiating a bursting aura!</small><br></div><div class="spacer battle-history"><br></div><h2 class="battle-history">Turn 20</h2><div class="spacer battle-history"><br></div><div class="battle-history">The opposing Kyurem used <strong>Roost</strong>!<br></div><div class="battle-history"><small>The opposing Kyurem restored its HP.</small><br></div><div class="spacer battle-history"><br></div><div class="battle-history">Blissey used <strong>Toxic</strong>!<br></div><div class="battle-history"><small>The opposing Kyurem was badly poisoned!</small><br></div><div class="spacer battle-history"><br></div><div class="battle-history"><small>Blissey restored a little HP using its Leftovers!</small><br></div><div class="battle-history"><small>The opposing Kyurem was hurt by poison!</small><br></div><div class="spacer battle-history"><br></div><h2 class="battle-history">Turn 21</h2><div class="spacer battle-history"><br></div><div class="battle-history">The opposing Kyurem used <strong>Fusion Bolt</strong>!<br></div><div class="battle-history"><small>(Blissey lost <abbr title="−578/714">81.0%</abbr> of its health!)</small><br></div><div class="spacer battle-history"><br></div><div class="battle-history">Blissey used <strong>Sweet Kiss</strong>!<br></div><div class="battle-history"><small>The opposing Kyurem avoided the attack!</small><br></div><div class="spacer battle-history"><br></div><div class="battle-history"><small>Blissey restored a little HP using its Leftovers!</small><br></div><div class="battle-history"><small>The opposing Kyurem was hurt by poison!</small><br></div><div class="spacer battle-history"><br></div><h2 class="battle-history">Turn 22</h2><div class="spacer battle-history"><br></div><div class="battle-history">The opposing Kyurem used <strong>Fusion Bolt</strong>!<br></div><div class="battle-history"><small>(Blissey lost <abbr title="−156/714">21.8%</abbr> of its health!)</small><br></div><div class="spacer battle-history"><br></div><div class="battle-history">Blissey fainted!<br></div><div class="spacer battle-history"><br></div><div class="battle-history"><small>The opposing Kyurem was hurt by poison!</small><br></div><div class="spacer battle-history"><br></div><div class="battle-history">Go! <strong>Aron</strong>!<br></div><div class="battle-history"><small>Pointed stones dug into Aron!</small><br></div><div class="spacer battle-history"><br></div><h2 class="battle-history">Turn 23</h2><div class="spacer battle-history"><br></div><div class="battle-history">The opposing Kyurem used <strong>Roost</strong>!<br></div><div class="battle-history"><small>The opposing Kyurem restored its HP.</small><br></div><div class="spacer battle-history"><br></div><div class="battle-history">Aron used <strong>Endeavor</strong>!<br></div><div class="battle-history"><small>(The opposing Kyurem lost <abbr title="−228/454">50.2%</abbr> of its health!)</small><br></div><div class="battle-history"><small>Aron restored a little HP using its Shell Bell!</small><br></div><div class="spacer battle-history"><br></div><div class="battle-history"><small>The opposing Kyurem was hurt by poison!</small><br></div><div class="spacer battle-history"><br></div><h2 class="battle-history">Turn 24</h2><div class="spacer battle-history"><br></div><div class="battle-history">zoxel19 withdrew Kyurem!<br></div><div class="battle-history">zoxel19 sent out <strong>Tapu Fini</strong>!<br></div><div class="battle-history"><small>[The opposing Tapu Fini's Misty Surge]</small><br><small>Mist swirls around the battlefield!</small><br></div><div class="spacer battle-history"><br></div><div class="battle-history">Aron used <strong>Endeavor</strong>!<br></div><div class="battle-history"><small>(The opposing Tapu Fini lost <abbr title="−103/344">29.9%</abbr> of its health!)</small><br></div><div class="spacer battle-history"><br></div><div class="battle-history"><small>The opposing Tapu Fini restored a little HP using its Leftovers!</small><br></div><div class="spacer battle-history"><br></div><h2 class="battle-history">Turn 25</h2><div class="spacer battle-history"><br></div><div class="battle-history">The opposing Tapu Fini used <strong>Scald</strong>!<br></div><div class="battle-history"><small>It's super effective!</small><br></div><div class="battle-history"><small>[Aron's Sturdy]</small><br><small>Aron endured the hit!</small><br></div><div class="battle-history"><small>(Aron lost <abbr title="−240/241">99.6%</abbr> of its health!)</small><br></div><div class="spacer battle-history"><br></div><div class="battle-history">Aron used <strong>Endeavor</strong>!<br></div><div class="battle-history"><small>(The opposing Tapu Fini lost <abbr title="−261/344">75.9%</abbr> of its health!)</small><br></div><div class="battle-history"><small>Aron restored a little HP using its Shell Bell!</small><br></div><div class="spacer battle-history"><br></div><div class="battle-history"><small>The opposing Tapu Fini restored a little HP using its Leftovers!</small><br></div><div class="spacer battle-history"><br></div><h2 class="battle-history">Turn 26</h2><div class="spacer battle-history"><br></div><div class="battle-history">The opposing Tapu Fini used <strong>Scald</strong>!<br></div><div class="battle-history"><small>It's super effective!</small><br></div><div class="battle-history"><small>(Aron lost <abbr title="−33/241">13.7%</abbr> of its health!)</small><br></div><div class="spacer battle-history"><br></div><div class="battle-history">Aron fainted!<br></div><div class="spacer battle-history"><br></div><div class="battle-history"><strong>zoxel19</strong> won the battle!<br></div></div><div class="inner-preempt"></div></div></div>
</div>
<script>
let daily = Math.floor(Date.now()/1000/60/60/24);document.write('<script src="https://play.pokemonshowdown.com/js/replay-embed.js?version'+daily+'"></'+'script>');
</script>
