<!DOCTYPE html>
<meta charset="utf-8" />
<!-- version 1 -->
<title>OU replay: Gеrard Way vs. RvN Baron</title>
<style>
html,body {font-family:Verdana, sans-serif;font-size:10pt;margin:0;padding:0;}body{padding:12px 0;} .battle-log {font-family:Verdana, sans-serif;font-size:10pt;} .battle-log-inline {border:1px solid #AAAAAA;background:#EEF2F5;color:black;max-width:640px;margin:0 auto 80px;padding-bottom:5px;} .battle-log .inner {padding:4px 8px 0px 8px;} .battle-log .inner-preempt {padding:0 8px 4px 8px;} .battle-log .inner-after {margin-top:0.5em;} .battle-log h2 {margin:0.5em -8px;padding:4px 8px;border:1px solid #AAAAAA;background:#E0E7EA;border-left:0;border-right:0;font-family:Verdana, sans-serif;font-size:13pt;} .battle-log .chat {vertical-align:middle;padding:3px 0 3px 0;font-size:8pt;} .battle-log .chat strong {color:#40576A;} .battle-log .chat em {padding:1px 4px 1px 3px;color:#000000;font-style:normal;} .chat.mine {background:rgba(0,0,0,0.05);margin-left:-8px;margin-right:-8px;padding-left:8px;padding-right:8px;} .spoiler {color:#BBBBBB;background:#BBBBBB;padding:0px 3px;} .spoiler:hover, .spoiler:active, .spoiler-shown {color:#000000;background:#E2E2E2;padding:0px 3px;} .spoiler a {color:#BBBBBB;} .spoiler:hover a, .spoiler:active a, .spoiler-shown a {color:#2288CC;} .chat code, .chat .spoiler:hover code, .chat .spoiler:active code, .chat .spoiler-shown code {border:1px solid #C0C0C0;background:#EEEEEE;color:black;padding:0 2px;} .chat .spoiler code {border:1px solid #CCCCCC;background:#CCCCCC;color:#CCCCCC;} .battle-log .rated {padding:3px 4px;} .battle-log .rated strong {color:white;background:#89A;padding:1px 4px;border-radius:4px;} .spacer {margin-top:0.5em;} .message-announce {background:#6688AA;color:white;padding:1px 4px 2px;} .message-announce a, .broadcast-green a, .broadcast-blue a, .broadcast-red a {color:#DDEEFF;} .broadcast-green {background-color:#559955;color:white;padding:2px 4px;} .broadcast-blue {background-color:#6688AA;color:white;padding:2px 4px;} .infobox {border:1px solid #6688AA;padding:2px 4px;} .infobox-limited {max-height:200px;overflow:auto;overflow-x:hidden;} .broadcast-red {background-color:#AA5544;color:white;padding:2px 4px;} .message-learn-canlearn {font-weight:bold;color:#228822;text-decoration:underline;} .message-learn-cannotlearn {font-weight:bold;color:#CC2222;text-decoration:underline;} .message-effect-weak {font-weight:bold;color:#CC2222;} .message-effect-resist {font-weight:bold;color:#6688AA;} .message-effect-immune {font-weight:bold;color:#666666;} .message-learn-list {margin-top:0;margin-bottom:0;} .message-throttle-notice, .message-error {color:#992222;} .message-overflow, .chat small.message-overflow {font-size:0pt;} .message-overflow::before {font-size:9pt;content:'...';} .subtle {color:#3A4A66;}
</style>
<div class="wrapper replay-wrapper" style="max-width:1180px;margin:0 auto">
<input type="hidden" name="replayid" value="destiny-ou-533187" />
<div class="battle"></div><div class="battle-log"></div><div class="replay-controls"></div><div class="replay-controls-2"></div>
<h1 style="font-weight:normal;text-align:center"><strong>OU</strong><br /><a href="http://pokemonshowdown.com/users/grardway" class="subtle" target="_blank">Gеrard Way</a> vs. <a href="http://pokemonshowdown.com/users/rvnbaron" class="subtle" target="_blank">RvN Baron</a></h1>
<script type="text/plain" class="battle-log-data">|unlink|||tour
|player|p1|Gеrard Way|grardway-11.gif?738470c0
|teamsize|p1|6
|player|p2|RvN Baron|1080
|teamsize|p2|6
|teamsize|p1|6
|teamsize|p2|6
|gametype|singles
|gen|7
|tier|OU
|seed|58942,25344,54069,17163
|rule|Cláusula-Mod de Dormir: solo puedes dormir a uno de tus oponentes a la vez.
|rule|Cláusula de Especie: Hasta un Pokémon de cada especie
|rule|Cláusula de Golpe Fulminante: los movimientos fulminantes (OHKO) estan prohibidos
|rule|Cláusula de Veleta: la habilidad Veleta está prohibida
|rule|Cláusula de Movimientos Evasivos: los movimientos de Evasión están prohibidos.
|rule|Cláusula de Batallas Eternas: forzar batallas eternas está prohibido
|clearpoke
|poke|p1|Dusclops, M|item
|poke|p1|Tangela, M|item
|poke|p1|Gligar, F|item
|poke|p1|Chansey, F|item
|poke|p1|Alomomola, M|item
|poke|p1|Weavile, F|item
|poke|p2|Slowbro, F|item
|poke|p2|Landorus-Therian, M|item
|poke|p2|Ferrothorn, F|item
|poke|p2|Chansey, F|item
|poke|p2|Skarmory, F|item
|poke|p2|Tapu Lele|item
|teampreview|undefined
|c|☆RvN Baron|q diablos
|c|☆Gеrard Way|Esto tardará
|c|☆Gеrard Way|Demasiado
|c|+A Lunatic's Lament|Esto será bueno
|c|☆RvN Baron|...
|choice|*team 423156|*
|c|☆RvN Baron|a ver
|c|☆RvN Baron|tengo tiempo sin luchar contra el fantasmita ese
|choice|*|*team 213456
|choice|team 4, 2, 3, 1, 5, 6|team 2, 1, 3, 4, 5, 6
|
|start
|switch|p1a: Chansey|Chansey, F|703\/703
|switch|p2a: Landorus|Landorus-Therian, M|382\/382
|-ability|p2a: Landorus|Intimidate|boost
|-unboost|p1a: Chansey|atk|1
|turn|1
|choice|*|*move 1
|c|+A Lunatic's Lament|Ya ríndete, no puedes contra TangeGod
|choice|*switch 5|*
|choice|switch 5|move knockoff
|
|switch|p1a: Alomomola|Alomomola, M|481\/481
|move|p2a: Landorus|Knock Off|p1a: Alomomola
|-damage|p1a: Alomomola|394\/481
|-enditem|p1a: Alomomola|Leftovers|[from] move: Knock Off|[of] p2a: Landorus
|
|upkeep
|turn|2
|c|☆RvN Baron|kyc
|c|☆Gеrard Way|True
|choice|*|*switch 3
|choice|*move 1|*
|choice|move scald|switch 3
|
|switch|p2a: Ferrothorn|Ferrothorn, F|352\/352
|move|p1a: Alomomola|Scald|p2a: Ferrothorn
|-resisted|p2a: Ferrothorn
|-damage|p2a: Ferrothorn|333\/352
|
|-heal|p2a: Ferrothorn|352\/352|[from] item: Leftovers
|upkeep
|turn|3
|c|☆Gеrard Way|Tou
|c|☆Gеrard Way|Tenemos un problema
|choice|*|*move 2
|choice|*|*move 1
|c|☆Gеrard Way|Esa cosa tiene knock también seguro
|c|+A Lunatic's Lament|n
|choice|*switch 4|*
|choice|switch 4|move spikes
|
|switch|p1a: Dusclops|Dusclops, M|284\/284
|-ability|p1a: Dusclops|Pressure
|move|p2a: Ferrothorn|Spikes|p1a: Dusclops
|-sidestart|p1: Gеrard Way|Spikes
|
|upkeep
|turn|4
|c|+A Lunatic's Lament|Ah e.a
|choice|*move 2|*
|c|+A Lunatic's Lament|No tiene
|c|☆RvN Baron| cuando escushe eviolite
|choice|*|*switch 3
|choice|move willowisp|switch 3
|
|switch|p2a: Landorus|Landorus-Therian, M|382\/382
|-ability|p2a: Landorus|Intimidate|boost
|-unboost|p1a: Dusclops|atk|1
|move|p1a: Dusclops|Will-O-Wisp|p2a: Landorus
|-status|p2a: Landorus|brn
|
|-damage|p2a: Landorus|359\/382 brn|[from] brn
|upkeep
|turn|5
|choice|*switch 4|*
|choice|*|*move 1
|choice|switch 4|move knockoff
|
|switch|p1a: Alomomola|Alomomola, M|481\/481
|-damage|p1a: Alomomola|421\/481|[from] Spikes
|move|p2a: Landorus|Knock Off|p1a: Alomomola
|-damage|p1a: Alomomola|392\/481
|
|-heal|p2a: Landorus|382\/382 brn|[from] item: Leftovers
|-damage|p2a: Landorus|359\/382 brn|[from] brn
|upkeep
|turn|6
|choice|*move 1|*
|c|☆RvN Baron|alokomola 
|c|☆RvN Baron| ese pokemon existe en la vida real
|c|☆Gеrard Way|Técnicamente
|c|+A Lunatic's Lament|>alokomola
|c|☆RvN Baron|es muy grande
|c|☆Gеrard Way|Ya he ganado
|c|☆Gеrard Way|A no ser
|c|☆Gеrard Way|Que me haxeen feo
|choice|*|*switch 3
|choice|move scald|switch 3
|
|switch|p2a: Ferrothorn|Ferrothorn, F|352\/352
|move|p1a: Alomomola|Scald|p2a: Ferrothorn
|-resisted|p2a: Ferrothorn
|-damage|p2a: Ferrothorn|335\/352
|
|-heal|p2a: Ferrothorn|352\/352|[from] item: Leftovers
|upkeep
|turn|7
|c|+A Lunatic's Lament|☆RvN Baron: es muy grande
|c|+A Lunatic's Lament|.w.
|c|☆RvN Baron| no ha ganado callese
|choice|*move 1|*
|choice|*|*move 1
|choice|move scald|move spikes
|
|move|p1a: Alomomola|Scald|p2a: Ferrothorn
|-resisted|p2a: Ferrothorn
|-damage|p2a: Ferrothorn|334\/352
|-status|p2a: Ferrothorn|brn
|move|p2a: Ferrothorn|Spikes|p1a: Alomomola
|-sidestart|p1: Gеrard Way|Spikes
|
|-heal|p2a: Ferrothorn|352\/352 brn|[from] item: Leftovers
|-damage|p2a: Ferrothorn|330\/352 brn|[from] brn
|upkeep
|turn|8
|choice|*move 3|*
|choice|*|*move 1
|choice|move wish|move spikes
|
|move|p1a: Alomomola|Wish|p1a: Alomomola
|move|p2a: Ferrothorn|Spikes|p1a: Alomomola
|-sidestart|p1: Gеrard Way|Spikes
|
|-heal|p2a: Ferrothorn|352\/352 brn|[from] item: Leftovers
|-damage|p2a: Ferrothorn|330\/352 brn|[from] brn
|upkeep
|turn|9
|choice|*switch 3|*
|c|☆RvN Baron|me entreno para entrar  las war 
|choice|*|*move 2
|choice|switch 3|move leechseed
|
|switch|p1a: Gligar|Gligar, F|334\/334
|move|p2a: Ferrothorn|Leech Seed|p1a: Gligar
|-start|p1a: Gligar|move: Leech Seed
|
|-heal|p2a: Ferrothorn|352\/352 brn|[from] item: Leftovers
|-damage|p1a: Gligar|293\/334|[from] Leech Seed|[of] p2a: Ferrothorn
|-damage|p2a: Ferrothorn|330\/352 brn|[from] brn
|upkeep
|turn|10
|choice|*move 3|*
|choice|*|*switch 2
|choice|move defog|switch 2
|
|switch|p2a: Slowbro|Slowbro, F|394\/394
|move|p1a: Gligar|Defog|p2a: Slowbro
|-unboost|p2a: Slowbro|evasion|1
|-sideend|p1: Gеrard Way|Spikes|[from] move: Defog|[of] p1a: Gligar
|
|-damage|p1a: Gligar|252\/334|[from] Leech Seed|[of] p2a: Slowbro
|upkeep
|turn|11
|choice|*|*move 1
|choice|*switch 5|*
|choice|switch 5|move scald
|
|switch|p1a: Chansey|Chansey, F|703\/703
|move|p2a: Slowbro|Scald|p1a: Chansey
|-damage|p1a: Chansey|643\/703
|
|upkeep
|turn|12
|choice|*move 2|*
|choice|*|*switch 3
|choice|move stealthrock|switch 3
|
|switch|p2a: Landorus|Landorus-Therian, M|359\/382 brn
|-ability|p2a: Landorus|Intimidate|boost
|-unboost|p1a: Chansey|atk|1
|move|p1a: Chansey|Stealth Rock|p2a: Landorus
|-sidestart|p2: RvN Baron|move: Stealth Rock
|
|-heal|p2a: Landorus|382\/382 brn|[from] item: Leftovers
|-damage|p2a: Landorus|359\/382 brn|[from] brn
|upkeep
|turn|13
|choice|*switch 3|*
|c|☆RvN Baron|one question
|c|☆RvN Baron|los hada son efectivos vs los fantasmas :v ?
|c|+A Lunatic's Lament|n
|c|☆Gеrard Way|Nope
|choice|*|*switch 5
|choice|switch 3|switch 5
|
|switch|p2a: Skarmory|Skarmory, F|333\/333
|-damage|p2a: Skarmory|292\/333|[from] Stealth Rock
|switch|p1a: Alomomola|Alomomola, M|481\/481
|
|upkeep
|turn|14
|choice|*move 1|*
|choice|*|*move 3
|choice|move scald|move toxic
|
|move|p2a: Skarmory|Toxic|p1a: Alomomola
|-status|p1a: Alomomola|tox
|move|p1a: Alomomola|Scald|p2a: Skarmory
|-damage|p2a: Skarmory|235\/333
|
|-damage|p1a: Alomomola|451\/481 tox|[from] psn
|upkeep
|turn|15
|choice|*move 1|*
|choice|*|*move 2
|choice|move scald|move defog
|
|move|p2a: Skarmory|Defog|p1a: Alomomola
|-unboost|p1a: Alomomola|evasion|1
|-sideend|p2: RvN Baron|Stealth Rock|[from] move: Defog|[of] p2a: Skarmory
|move|p1a: Alomomola|Scald|p2a: Skarmory
|-damage|p2a: Skarmory|175\/333
|-status|p2a: Skarmory|brn
|
|-damage|p2a: Skarmory|155\/333 brn|[from] brn
|-damage|p1a: Alomomola|391\/481 tox|[from] psn
|upkeep
|turn|16
|choice|*switch 3|*
|choice|*|*move 1
|choice|switch 3|move roost
|
|switch|p1a: Chansey|Chansey, F|643\/703
|move|p2a: Skarmory|Roost|p2a: Skarmory
|-heal|p2a: Skarmory|322\/333 brn
|
|-damage|p2a: Skarmory|302\/333 brn|[from] brn
|upkeep
|turn|17
|choice|*move 2|*
|choice|*|*switch 5
|choice|move stealthrock|switch 5
|
|switch|p2a: Landorus|Landorus-Therian, M|359\/382 brn
|-ability|p2a: Landorus|Intimidate|boost
|-unboost|p1a: Chansey|atk|1
|move|p1a: Chansey|Stealth Rock|p2a: Landorus
|-sidestart|p2: RvN Baron|move: Stealth Rock
|
|-heal|p2a: Landorus|382\/382 brn|[from] item: Leftovers
|-damage|p2a: Landorus|359\/382 brn|[from] brn
|upkeep
|turn|18
|choice|*switch 3|*
|choice|*|*move 4
|choice|switch 3|move uturn
|
|switch|p1a: Alomomola|Alomomola, M|481\/481 tox
|move|p2a: Landorus|U-turn|p1a: Alomomola
|-damage|p1a: Alomomola|449\/481 tox
|choice|*|*switch 4
|choice||switch 4
|
|switch|p2a: Chansey|Chansey, F|703\/703|[from]move: U-turn
|-damage|p2a: Chansey|616\/703|[from] Stealth Rock
|
|-damage|p1a: Alomomola|419\/481 tox|[from] psn
|upkeep
|turn|19
|choice|*|*move 3
|choice|*switch 6|*
|choice|switch 6|move stealthrock
|
|switch|p1a: Weavile|Weavile, F|281\/281
|-ability|p1a: Weavile|Pressure
|move|p2a: Chansey|Stealth Rock|p1a: Weavile
|-sidestart|p1: Gеrard Way|move: Stealth Rock
|
|upkeep
|turn|20
|choice|*move 1|*
|choice|*|*switch 5
|choice|move knockoff|switch 5
|
|switch|p2a: Skarmory|Skarmory, F|302\/333 brn
|-damage|p2a: Skarmory|261\/333 brn|[from] Stealth Rock
|move|p1a: Weavile|Knock Off|p2a: Skarmory
|-damage|p2a: Skarmory|123\/333 brn
|-enditem|p2a: Skarmory|Shed Shell|[from] move: Knock Off|[of] p1a: Weavile
|
|-damage|p2a: Skarmory|103\/333 brn|[from] brn
|upkeep
|turn|21
|c|☆RvN Baron|
|choice|*|*switch 2
|choice|*|*switch 2
|choice|*switch 4|*
|choice|switch 4|switch 2
|
|switch|p1a: Dusclops|Dusclops, M|284\/284
|-damage|p1a: Dusclops|249\/284|[from] Stealth Rock
|-ability|p1a: Dusclops|Pressure
|switch|p2a: Ferrothorn|Ferrothorn, F|330\/352 brn
|-damage|p2a: Ferrothorn|308\/352 brn|[from] Stealth Rock
|
|-heal|p2a: Ferrothorn|330\/352 brn|[from] item: Leftovers
|-damage|p2a: Ferrothorn|308\/352 brn|[from] brn
|upkeep
|turn|22
|choice|*move 1|*
|choice|*switch 2|*
|choice|*|*move 2
|choice|switch 2|move leechseed
|
|switch|p1a: Tangela|Tangela, M|334\/334
|-damage|p1a: Tangela|293\/334|[from] Stealth Rock
|move|p2a: Ferrothorn|Leech Seed|p1a: Tangela
|-immune|p1a: Tangela|[msg]
|
|-heal|p2a: Ferrothorn|330\/352 brn|[from] item: Leftovers
|-damage|p2a: Ferrothorn|308\/352 brn|[from] brn
|upkeep
|turn|23
|choice|*|*move 1
|choice|*move 2|*
|choice|move hiddenpower|move spikes
|
|move|p1a: Tangela|Hidden Power|p2a: Ferrothorn
|-supereffective|p2a: Ferrothorn
|-damage|p2a: Ferrothorn|168\/352 brn
|move|p2a: Ferrothorn|Spikes|p1a: Tangela
|-sidestart|p1: Gеrard Way|Spikes
|
|-heal|p2a: Ferrothorn|190\/352 brn|[from] item: Leftovers
|-damage|p2a: Ferrothorn|168\/352 brn|[from] brn
|upkeep
|turn|24
|c|☆RvN Baron| a la mierda
|choice|*move 4|*
|choice|*|*switch 5
|choice|move leechseed|switch 5
|
|switch|p2a: Chansey|Chansey, F|616\/703
|-damage|p2a: Chansey|529\/703|[from] Stealth Rock
|move|p1a: Tangela|Leech Seed|p2a: Chansey
|-start|p2a: Chansey|move: Leech Seed
|
|-damage|p2a: Chansey|442\/703|[from] Leech Seed|[of] p1a: Tangela
|-heal|p1a: Tangela|334\/334|[silent]
|upkeep
|turn|25
|choice|*switch 5|*
|choice|*|*move 4
|choice|switch 5|move softboiled
|
|switch|p1a: Gligar|Gligar, F|252\/334
|-damage|p1a: Gligar|211\/334|[from] Stealth Rock
|move|p2a: Chansey|Soft-Boiled|p2a: Chansey
|-heal|p2a: Chansey|703\/703
|
|-damage|p2a: Chansey|616\/703|[from] Leech Seed|[of] p1a: Gligar
|-heal|p1a: Gligar|298\/334|[silent]
|upkeep
|turn|26
|choice|*move 3|*
|choice|*|*switch 3
|choice|move defog|switch 3
|
|switch|p2a: Slowbro|Slowbro, F|394\/394
|-damage|p2a: Slowbro|345\/394|[from] Stealth Rock
|move|p1a: Gligar|Defog|p2a: Slowbro
|-unboost|p2a: Slowbro|evasion|1
|-sideend|p2: RvN Baron|Stealth Rock|[from] move: Defog|[of] p2a: Slowbro
|-sideend|p1: Gеrard Way|Spikes|[from] move: Defog|[of] p1a: Gligar
|-sideend|p1: Gеrard Way|Stealth Rock|[from] move: Defog|[of] p1a: Gligar
|
|upkeep
|turn|27
|c|+A Lunatic's Lament|+26% de un drenadoras xD
|choice|*|*move 1
|c|☆RvN Baron| callese
|choice|*switch 2|*
|choice|switch 2|move scald
|
|switch|p1a: Dusclops|Dusclops, M|249\/284
|-ability|p1a: Dusclops|Pressure
|move|p2a: Slowbro|Scald|p1a: Dusclops
|-damage|p1a: Dusclops|212\/284
|
|upkeep
|turn|28
|choice|*move 1|*
|choice|*|*switch 3
|choice|move nightshade|switch 3
|
|switch|p2a: Chansey|Chansey, F|616\/703
|move|p1a: Dusclops|Night Shade|p2a: Chansey
|-immune|p2a: Chansey|[msg]
|
|upkeep
|turn|29
|choice|*switch 4|*
|choice|*|*move 3
|choice|switch 4|move stealthrock
|
|switch|p1a: Weavile|Weavile, F|281\/281
|-ability|p1a: Weavile|Pressure
|move|p2a: Chansey|Stealth Rock|p1a: Weavile
|-sidestart|p1: Gеrard Way|move: Stealth Rock
|
|upkeep
|turn|30
|choice|*move 1|*
|c|☆RvN Baron|
|choice|*|*switch 2
|choice|move knockoff|switch 2
|
|switch|p2a: Skarmory|Skarmory, F|103\/333 brn
|move|p1a: Weavile|Knock Off|p2a: Skarmory
|-damage|p2a: Skarmory|1\/333 brn
|
|-damage|p2a: Skarmory|0 fnt|[from] brn
|upkeep
|faint|p2a: Skarmory
|choice|*|*switch 5
|choice||switch 5
|
|switch|p2a: Ferrothorn|Ferrothorn, F|168\/352 brn
|turn|31
|choice|*|*move 4
|choice|*switch 5|*
|choice|switch 5|move gyroball
|
|switch|p1a: Tangela|Tangela, M|334\/334
|-damage|p1a: Tangela|293\/334|[from] Stealth Rock
|move|p2a: Ferrothorn|Gyro Ball|p1a: Tangela
|-damage|p1a: Tangela|273\/334
|
|-heal|p2a: Ferrothorn|190\/352 brn|[from] item: Leftovers
|-damage|p2a: Ferrothorn|168\/352 brn|[from] brn
|upkeep
|turn|32
|choice|*move 2|*
|choice|*move 2|*
|choice|*|*switch 2
|choice|move hiddenpower|switch 2
|
|switch|p2a: Chansey|Chansey, F|616\/703
|move|p1a: Tangela|Hidden Power|p2a: Chansey
|-damage|p2a: Chansey|586\/703
|
|upkeep
|turn|33
|choice|*|*move 2
|choice|*switch 2|*
|choice|switch 2|move toxic
|
|switch|p1a: Gligar|Gligar, F|298\/334
|-damage|p1a: Gligar|257\/334|[from] Stealth Rock
|move|p2a: Chansey|Toxic|p1a: Gligar
|-immune|p1a: Gligar|[msg]|[from] ability: Immunity
|
|upkeep
|turn|34
|choice|*move 3|*
|choice|*|*switch 4
|choice|move defog|switch 4
|
|switch|p2a: Landorus|Landorus-Therian, M|359\/382 brn
|-ability|p2a: Landorus|Intimidate|boost
|-unboost|p1a: Gligar|atk|1
|move|p1a: Gligar|Defog|p2a: Landorus
|-unboost|p2a: Landorus|evasion|1
|-sideend|p1: Gеrard Way|Stealth Rock|[from] move: Defog|[of] p1a: Gligar
|
|-heal|p2a: Landorus|382\/382 brn|[from] item: Leftovers
|-damage|p2a: Landorus|359\/382 brn|[from] brn
|upkeep
|turn|35
|choice|*move 4|*
|choice|*|*move 4
|choice|move roost|move uturn
|
|move|p2a: Landorus|U-turn|p1a: Gligar
|-resisted|p1a: Gligar
|-damage|p1a: Gligar|249\/334
|c|☆RvN Baron| la puta madre
|choice|*|*switch 4
|choice||switch 4
|
|switch|p2a: Chansey|Chansey, F|586\/703|[from]move: U-turn
|move|p1a: Gligar|Roost|p1a: Gligar
|-heal|p1a: Gligar|334\/334
|
|upkeep
|turn|36
|choice|*switch 5|*
|choice|*|*move 3
|choice|switch 5|move stealthrock
|
|switch|p1a: Weavile|Weavile, F|281\/281
|-ability|p1a: Weavile|Pressure
|move|p2a: Chansey|Stealth Rock|p1a: Weavile
|-sidestart|p1: Gеrard Way|move: Stealth Rock
|
|upkeep
|turn|37
|choice|*move 1|*
|choice|*|*switch 2
|choice|move knockoff|switch 2
|
|switch|p2a: Ferrothorn|Ferrothorn, F|168\/352 brn
|move|p1a: Weavile|Knock Off|p2a: Ferrothorn
|-damage|p2a: Ferrothorn|0 fnt
|-damage|p1a: Weavile|246\/281|[from] ability: Iron Barbs|[of] p2a: Ferrothorn
|-enditem|p2a: Ferrothorn|Leftovers|[from] move: Knock Off|[of] p1a: Weavile
|faint|p2a: Ferrothorn
|
|upkeep
|choice|*|*switch 6
|choice||switch 6
|
|switch|p2a: Tapu Lele|Tapu Lele|281\/281
|-fieldstart|move: Psychic Terrain|[from] ability: Psychic Surge|[of] p2a: Tapu Lele
|turn|38
|choice|*|*move 2
|choice|*|*move 4
|choice|*switch 3|*
|choice|switch 3|move focusblast
|
|switch|p1a: Chansey|Chansey, F|643\/703
|-damage|p1a: Chansey|556\/703|[from] Stealth Rock
|move|p2a: Tapu Lele|Focus Blast|p1a: Chansey
|-supereffective|p1a: Chansey
|-damage|p1a: Chansey|388\/703
|
|upkeep
|turn|39
|choice|*move 3|*
|choice|*|*switch 3
|choice|move softboiled|switch 3
|
|switch|p2a: Slowbro|Slowbro, F|394\/394
|move|p1a: Chansey|Soft-Boiled|p1a: Chansey
|-heal|p1a: Chansey|703\/703
|
|upkeep
|turn|40
|choice|*|*move 2
|c|♦Zenoa|RvN Baron
|c|♦Zenoa|dale x
|c|☆RvN Baron|
|c|☆RvN Baron|le voy a dar 
|c|+A Lunatic's Lament|Acercándose, el 6-0 viene ya~
|c|+A Lunatic's Lament|Y para llorar no es el tiempo ahora~
|c|☆RvN Baron| si tan solo tuviera cerca un 
|c|+A Lunatic's Lament|Heatran vale verga
|c|+A Lunatic's Lament|No puede contra Dusclops
|c|♦Zenoa|vale vrga x2
|choice|*move 2|*
|choice|move stealthrock|move calmmind
|
|move|p1a: Chansey|Stealth Rock|p2a: Slowbro
|-sidestart|p2: RvN Baron|move: Stealth Rock
|move|p2a: Slowbro|Calm Mind|p2a: Slowbro
|-boost|p2a: Slowbro|spa|1
|-boost|p2a: Slowbro|spd|1
|
|upkeep
|turn|41
|c|☆RvN Baron| yo uso heatran scarf
|choice|*|*move 2
|c|+A Lunatic's Lament|Menos podrá
|c|☆Gеrard Way|Pues mira
|c|☆RvN Baron|es lo mas shido del mundo
|c|+A Lunatic's Lament|No puede el Taunt + Magma Storm
|c|+A Lunatic's Lament|Menos el scarf
|c|☆Gеrard Way|Si tiene un move en específico
|c|☆Gеrard Way|Ya he perdido
|c|☆RvN Baron|
|choice|*move 1|*
|choice|move seismictoss|move calmmind
|
|move|p1a: Chansey|Seismic Toss|p2a: Slowbro
|-damage|p2a: Slowbro|294\/394
|move|p2a: Slowbro|Calm Mind|p2a: Slowbro
|-boost|p2a: Slowbro|spa|1
|-boost|p2a: Slowbro|spd|1
|
|upkeep
|turn|42
|choice|*move 1|*
|choice|*|*move 3
|choice|move seismictoss|move slackoff
|
|move|p1a: Chansey|Seismic Toss|p2a: Slowbro
|-damage|p2a: Slowbro|194\/394
|move|p2a: Slowbro|Slack Off|p2a: Slowbro
|-heal|p2a: Slowbro|391\/394
|
|-fieldend|move: Psychic Terrain
|upkeep
|turn|43
|choice|*|*move 2
|c|☆RvN Baron|oshe ño 
|c|♦Zenoa|y el toxico
|choice|*move 1|*
|choice|move seismictoss|move calmmind
|
|move|p1a: Chansey|Seismic Toss|p2a: Slowbro
|-damage|p2a: Slowbro|291\/394
|move|p2a: Slowbro|Calm Mind|p2a: Slowbro
|-boost|p2a: Slowbro|spa|1
|-boost|p2a: Slowbro|spd|1
|
|upkeep
|turn|44
|c|♦Zenoa|¿¿??
|c|☆RvN Baron|En mi ano 
|c|☆Gеrard Way|Es heal
|choice|*|*move 3
|c|♦Zenoa|rip
|c|+A Lunatic's Lament|Viper, y el dusclops?
|choice|*switch 5|*
|choice|switch 5|move slackoff
|
|switch|p1a: Gligar|Gligar, F|334\/334
|-damage|p1a: Gligar|293\/334|[from] Stealth Rock
|move|p2a: Slowbro|Slack Off|p2a: Slowbro
|-heal|p2a: Slowbro|394\/394
|
|upkeep
|turn|45
|choice|*move 2|*
|choice|*|*move 1
|choice|move toxic|move scald
|
|move|p1a: Gligar|Toxic|p2a: Slowbro
|-status|p2a: Slowbro|tox
|move|p2a: Slowbro|Scald|p1a: Gligar
|-supereffective|p1a: Gligar
|-damage|p1a: Gligar|0 fnt
|faint|p1a: Gligar
|
|-damage|p2a: Slowbro|370\/394 tox|[from] psn
|upkeep
|c|☆RvN Baron|hijo de puta 
|c|☆RvN Baron| si tan solo lo huviera predicho
|c|☆Gеrard Way|Ya no hace falta, tou
|c|☆RvN Baron|
|c|♦Zenoa|ya no podra stallear
|choice|*switch 5|*
|choice|switch 5|
|
|switch|p1a: Chansey|Chansey, F|703\/703
|-damage|p1a: Chansey|616\/703|[from] Stealth Rock
|turn|46
|choice|*|*move 4
|c|☆Gеrard Way|Ahora sí, ya he ganado
|c|☆Gеrard Way|Lmao
|c|+A Lunatic's Lament|Rip 6-0 :(
|choice|*move 1|*
|c|☆RvN Baron|no cara de pene 
|choice|*|*move 4
|choice|move seismictoss|move psyshock
|
|move|p1a: Chansey|Seismic Toss|p2a: Slowbro
|-damage|p2a: Slowbro|270\/394 tox
|move|p2a: Slowbro|Psyshock|p1a: Chansey
|-damage|p1a: Chansey|328\/703
|
|-damage|p2a: Slowbro|222\/394 tox|[from] psn
|upkeep
|turn|47
|choice|*move 3|*
|c|☆RvN Baron|si slowbro sigue en pie hay vida 
|choice|*|*move 3
|choice|move softboiled|move slackoff
|
|move|p1a: Chansey|Soft-Boiled|p1a: Chansey
|-heal|p1a: Chansey|680\/703
|move|p2a: Slowbro|Slack Off|p2a: Slowbro
|-heal|p2a: Slowbro|394\/394 tox
|
|-damage|p2a: Slowbro|322\/394 tox|[from] psn
|upkeep
|turn|48
|c|☆Gеrard Way|Tarde o temprano no lo estará
|choice|*|*switch 4
|choice|*move 1|*
|choice|move seismictoss|switch 4
|
|switch|p2a: Landorus|Landorus-Therian, M|359\/382 brn
|-damage|p2a: Landorus|312\/382 brn|[from] Stealth Rock
|-ability|p2a: Landorus|Intimidate|boost
|-unboost|p1a: Chansey|atk|1
|move|p1a: Chansey|Seismic Toss|p2a: Landorus
|-damage|p2a: Landorus|212\/382 brn
|
|-heal|p2a: Landorus|235\/382 brn|[from] item: Leftovers
|-damage|p2a: Landorus|212\/382 brn|[from] brn
|upkeep
|turn|49
|c|☆RvN Baron|
|choice|*switch 2|*
|choice|*|*move 4
|choice|switch 2|move uturn
|
|switch|p1a: Tangela|Tangela, M|334\/334
|-damage|p1a: Tangela|293\/334|[from] Stealth Rock
|move|p2a: Landorus|U-turn|p1a: Tangela
|-supereffective|p1a: Tangela
|-damage|p1a: Tangela|258\/334
|choice|*|*switch 3
|choice||switch 3
|
|switch|p2a: Tapu Lele|Tapu Lele|281\/281|[from]move: U-turn
|-damage|p2a: Tapu Lele|246\/281|[from] Stealth Rock
|-fieldstart|move: Psychic Terrain|[from] ability: Psychic Surge|[of] p2a: Tapu Lele
|
|upkeep
|turn|50
|c|+Ricky291|!dt tangela
|c|~|\/data-pokemon Tangela
|raw|<font size="1"><font color=#585858>Dex#:<\/font> 114&nbsp;|&ThickSpace;<font color=#585858>Gen:<\/font> 1&nbsp;|&ThickSpace;<font color=#585858>Altura:<\/font> 1 m&nbsp;|&ThickSpace;<font color=#585858>Peso:<\/font> 35 kg <em>(60 BP)<\/em>&nbsp;|&ThickSpace;<font color=#585858>Color:<\/font> Blue&nbsp;|&ThickSpace;<font color=#585858>Familia:<\/font> Grass&nbsp;|&ThickSpace;<font color=#585858>Evolución:<\/font> Tangrowth (2)<\/font>
|choice|*|*move 3
|choice|*switch 2|*
|choice|switch 2|move hiddenpower
|
|switch|p1a: Chansey|Chansey, F|680\/703
|-damage|p1a: Chansey|593\/703|[from] Stealth Rock
|move|p2a: Tapu Lele|Hidden Power|p1a: Chansey
|-damage|p1a: Chansey|546\/703
|
|upkeep
|turn|51
|c|+Ricky291|lol
|choice|*move 1|*
|c|+Ricky291|!dt tangela
|c|~|\/data-pokemon Tangela
|raw|<font size="1"><font color=#585858>Dex#:<\/font> 114&nbsp;|&ThickSpace;<font color=#585858>Gen:<\/font> 1&nbsp;|&ThickSpace;<font color=#585858>Altura:<\/font> 1 m&nbsp;|&ThickSpace;<font color=#585858>Peso:<\/font> 35 kg <em>(60 BP)<\/em>&nbsp;|&ThickSpace;<font color=#585858>Color:<\/font> Blue&nbsp;|&ThickSpace;<font color=#585858>Familia:<\/font> Grass&nbsp;|&ThickSpace;<font color=#585858>Evolución:<\/font> Tangrowth (2)<\/font>
|choice|*|*switch 2
|choice|move seismictoss|switch 2
|
|switch|p2a: Chansey|Chansey, F|586\/703
|-damage|p2a: Chansey|499\/703|[from] Stealth Rock
|move|p1a: Chansey|Seismic Toss|p2a: Chansey
|-damage|p2a: Chansey|399\/703
|
|upkeep
|turn|52
|c|☆RvN Baron|
|choice|*switch 3|*
|c|☆RvN Baron| yo ganare
|choice|*|*move 1
|choice|switch 3|move seismictoss
|
|switch|p1a: Weavile|Weavile, F|246\/281
|-damage|p1a: Weavile|176\/281|[from] Stealth Rock
|-ability|p1a: Weavile|Pressure
|move|p2a: Chansey|Seismic Toss|p1a: Weavile
|-damage|p1a: Weavile|76\/281
|
|upkeep
|turn|53
|choice|*move 1|*
|c|☆RvN Baron|lo tengo predicho
|choice|*|*switch 2
|choice|move knockoff|switch 2
|
|switch|p2a: Tapu Lele|Tapu Lele|246\/281
|-damage|p2a: Tapu Lele|211\/281|[from] Stealth Rock
|move|p1a: Weavile|Knock Off|p2a: Tapu Lele
|-damage|p2a: Tapu Lele|0 fnt
|-enditem|p2a: Tapu Lele|Choice Scarf|[from] move: Knock Off|[of] p1a: Weavile
|faint|p2a: Tapu Lele
|
|-fieldend|move: Psychic Terrain
|upkeep
|c|+Ricky291|!dt Tangrowth
|c|~|\/data-pokemon Tangrowth
|raw|<font size="1"><font color=#585858>Dex#:<\/font> 465&nbsp;|&ThickSpace;<font color=#585858>Gen:<\/font> 4&nbsp;|&ThickSpace;<font color=#585858>Altura:<\/font> 2 m&nbsp;|&ThickSpace;<font color=#585858>Peso:<\/font> 128.6 kg <em>(100 BP)<\/em>&nbsp;|&ThickSpace;<font color=#585858>Color:<\/font> Blue&nbsp;|&ThickSpace;<font color=#585858>Familia:<\/font> Grass&nbsp;|&ThickSpace;<font color=#585858><font color=#585858>No Evoluciona<\/font><\/font><\/font>
|c|☆RvN Baron|ostia madre
|c|☆Gеrard Way|Rip
|choice|*|*switch 3
|choice||switch 3
|
|switch|p2a: Landorus|Landorus-Therian, M|212\/382 brn
|-damage|p2a: Landorus|165\/382 brn|[from] Stealth Rock
|-ability|p2a: Landorus|Intimidate|boost
|-unboost|p1a: Weavile|atk|1
|turn|54
|choice|*|*move 2
|choice|*switch 6|*
|choice|switch 6|move earthquake
|
|switch|p1a: Alomomola|Alomomola, M|481\/481 tox
|-damage|p1a: Alomomola|421\/481 tox|[from] Stealth Rock
|move|p2a: Landorus|Earthquake|p1a: Alomomola
|-damage|p1a: Alomomola|355\/481 tox
|
|-heal|p2a: Landorus|188\/382 brn|[from] item: Leftovers
|-damage|p2a: Landorus|165\/382 brn|[from] brn
|-damage|p1a: Alomomola|325\/481 tox|[from] psn
|upkeep
|turn|55
|choice|*move 3|*
|choice|*|*switch 2
|choice|move wish|switch 2
|
|switch|p2a: Chansey|Chansey, F|399\/703
|-damage|p2a: Chansey|312\/703|[from] Stealth Rock
|move|p1a: Alomomola|Wish|p1a: Alomomola
|
|-damage|p1a: Alomomola|265\/481 tox|[from] psn
|upkeep
|turn|56
|choice|*move 2|*
|choice|*|*move 1
|choice|move toxic|move seismictoss
|
|move|p1a: Alomomola|Toxic|p2a: Chansey
|-status|p2a: Chansey|tox
|move|p2a: Chansey|Seismic Toss|p1a: Alomomola
|-damage|p1a: Alomomola|165\/481 tox
|
|-heal|p1a: Alomomola|405\/481 tox|[from] move: Wish|[wisher] Alomomola
|-damage|p1a: Alomomola|315\/481 tox|[from] psn
|-damage|p2a: Chansey|269\/703 tox|[from] psn
|upkeep
|turn|57
|choice|*move 3|*
|c|☆RvN Baron|noo 
|choice|*|*move 4
|choice|move wish|move softboiled
|
|move|p1a: Alomomola|Wish|p1a: Alomomola
|move|p2a: Chansey|Soft-Boiled|p2a: Chansey
|-heal|p2a: Chansey|621\/703 tox
|
|-damage|p1a: Alomomola|195\/481 tox|[from] psn
|-damage|p2a: Chansey|535\/703 tox|[from] psn
|upkeep
|turn|58
|choice|*|*switch 4
|choice|*switch 2|*
|choice|switch 2|switch 4
|
|switch|p1a: Tangela|Tangela, M|334\/334
|-damage|p1a: Tangela|293\/334|[from] Stealth Rock
|-curestatus|p2a: Chansey|tox|[from] ability: Natural Cure
|switch|p2a: Slowbro|Slowbro, F|394\/394 tox
|-damage|p2a: Slowbro|345\/394 tox|[from] Stealth Rock
|
|-heal|p1a: Tangela|334\/334|[from] move: Wish|[wisher] Alomomola
|-damage|p2a: Slowbro|321\/394 tox|[from] psn
|upkeep
|turn|59
|choice|*|*switch 4
|choice|*move 4|*
|choice|move leechseed|switch 4
|
|switch|p2a: Chansey|Chansey, F|535\/703
|-damage|p2a: Chansey|448\/703|[from] Stealth Rock
|move|p1a: Tangela|Leech Seed|p2a: Chansey
|-start|p2a: Chansey|move: Leech Seed
|
|-damage|p2a: Chansey|361\/703|[from] Leech Seed|[of] p1a: Tangela
|upkeep
|turn|60
|choice|*|*move 4
|choice|*switch 2|*
|choice|switch 2|move softboiled
|
|switch|p1a: Alomomola|Alomomola, M|355\/481 tox
|-damage|p1a: Alomomola|295\/481 tox|[from] Stealth Rock
|move|p2a: Chansey|Soft-Boiled|p2a: Chansey
|-heal|p2a: Chansey|703\/703
|
|-damage|p2a: Chansey|616\/703|[from] Leech Seed|[of] p1a: Alomomola
|-heal|p1a: Alomomola|382\/481 tox|[silent]
|-damage|p1a: Alomomola|352\/481 tox|[from] psn
|upkeep
|turn|61
|choice|*move 3|*
|choice|*|*switch 4
|choice|move wish|switch 4
|
|switch|p2a: Slowbro|Slowbro, F|394\/394 tox
|-damage|p2a: Slowbro|345\/394 tox|[from] Stealth Rock
|move|p1a: Alomomola|Wish|p1a: Alomomola
|
|-damage|p1a: Alomomola|292\/481 tox|[from] psn
|-damage|p2a: Slowbro|321\/394 tox|[from] psn
|upkeep
|turn|62
|choice|*switch 4|*
|choice|*|*move 4
|choice|switch 4|move psyshock
|
|switch|p1a: Dusclops|Dusclops, M|212\/284
|-damage|p1a: Dusclops|177\/284|[from] Stealth Rock
|-ability|p1a: Dusclops|Pressure
|move|p2a: Slowbro|Psyshock|p1a: Dusclops
|-damage|p1a: Dusclops|125\/284
|
|-heal|p1a: Dusclops|284\/284|[from] move: Wish|[wisher] Alomomola
|-damage|p2a: Slowbro|273\/394 tox|[from] psn
|upkeep
|turn|63
|c|☆RvN Baron|
|choice|*switch 4|*
|choice|*|*switch 4
|choice|switch 4|switch 4
|
|switch|p2a: Chansey|Chansey, F|616\/703
|-damage|p2a: Chansey|529\/703|[from] Stealth Rock
|switch|p1a: Alomomola|Alomomola, M|452\/481 tox
|-damage|p1a: Alomomola|392\/481 tox|[from] Stealth Rock
|
|-damage|p1a: Alomomola|362\/481 tox|[from] psn
|upkeep
|turn|64
|choice|*move 2|*
|c|☆RvN Baron| no me rendire hasta q te salgas e,e
|choice|*|*move 1
|choice|move toxic|move seismictoss
|
|move|p1a: Alomomola|Toxic|p2a: Chansey
|-status|p2a: Chansey|tox
|move|p2a: Chansey|Seismic Toss|p1a: Alomomola
|-damage|p1a: Alomomola|262\/481 tox
|
|-damage|p1a: Alomomola|202\/481 tox|[from] psn
|-damage|p2a: Chansey|486\/703 tox|[from] psn
|upkeep
|turn|65
|choice|*|*move 1
|choice|*move 3|*
|choice|move wish|move seismictoss
|
|move|p1a: Alomomola|Wish|p1a: Alomomola
|move|p2a: Chansey|Seismic Toss|p1a: Alomomola
|-damage|p1a: Alomomola|102\/481 tox
|
|-damage|p1a: Alomomola|12\/481 tox|[from] psn
|-damage|p2a: Chansey|400\/703 tox|[from] psn
|upkeep
|turn|66
|choice|*switch 6|*
|c|☆RvN Baron|ksi :slowbro
|choice|*|*move 4
|choice|switch 6|move softboiled
|
|switch|p1a: Weavile|Weavile, F|76\/281
|-damage|p1a: Weavile|6\/281|[from] Stealth Rock
|-ability|p1a: Weavile|Pressure
|move|p2a: Chansey|Soft-Boiled|p2a: Chansey
|-heal|p2a: Chansey|703\/703 tox
|
|-heal|p1a: Weavile|246\/281|[from] move: Wish|[wisher] Alomomola
|-damage|p2a: Chansey|574\/703 tox|[from] psn
|upkeep
|turn|67
|c|☆RvN Baron|noooooooooooooooooooooooooooooooooooooooooooooo
|c|☆Gеrard Way|gg
|c|☆RvN Baron|noooooooooooooooooooooooooooooooooooooooooooooooooooooooooooooooo
|choice|*move 1|*
|-message|RvN Baron se rindió.
|
|win|Gеrard Way
</script>
</div>
<div class="battle-log battle-log-inline"><div class="inner"><div class="battle-options"></div><div class="inner"><div class=""><small>Format:</small> <br><strong>OU</strong></div><div class=""><small><em>Cláusula-Mod de Dormir:</em> solo puedes dormir a uno de tus oponentes a la vez.</small></div><div class=""><small><em>Cláusula de Especie:</em> Hasta un Pokémon de cada especie</small></div><div class=""><small><em>Cláusula de Golpe Fulminante:</em> los movimientos fulminantes (OHKO) estan prohibidos</small></div><div class=""><small><em>Cláusula de Veleta:</em> la habilidad Veleta está prohibida</small></div><div class=""><small><em>Cláusula de Movimientos Evasivos:</em> los movimientos de Evasión están prohibidos.</small></div><div class=""><small><em>Cláusula de Batallas Eternas:</em> forzar batallas eternas está prohibido</small></div><div class="chat battle-history"><strong>Gеrard Way's team:</strong> <em style="color:#445566;display:block;">Dusclops / Tangela / Gligar / Chansey / Alomomola / Weavile</em></div><div class="chat battle-history"><strong>RvN Baron's team:</strong> <em style="color:#445566;display:block;">Slowbro / Landorus-Therian / Ferrothorn / Chansey / Skarmory / Tapu Lele</em></div><div class="chat chatmessage-rvnbaron"><strong style="color:hsl(186,58%,37.23517055355841%)"><small>☆</small><span class="username" data-name="RvN Baron">RvN Baron</span>:</strong> <em>q diablos</em></div><div class="chat chatmessage-grardway"><strong style="color:hsl(23,56%,44%)"><small>☆</small><span class="username" data-name="Gеrard Way">Gеrard Way</span>:</strong> <em>Esto tardará</em></div><div class="chat chatmessage-grardway"><strong style="color:hsl(23,56%,44%)"><small>☆</small><span class="username" data-name="Gеrard Way">Gеrard Way</span>:</strong> <em>Demasiado</em></div><div class="chat chatmessage-alunaticslament"><strong style="color:hsl(83,75%,36.53438543588625%)"><small>+</small><span class="username" data-name="A Lunatic's Lament">A Lunatic's Lament</span>:</strong> <em>Esto será bueno</em></div><div class="chat chatmessage-rvnbaron"><strong style="color:hsl(186,58%,37.23517055355841%)"><small>☆</small><span class="username" data-name="RvN Baron">RvN Baron</span>:</strong> <em>...</em></div><div class="chat chatmessage-rvnbaron"><strong style="color:hsl(186,58%,37.23517055355841%)"><small>☆</small><span class="username" data-name="RvN Baron">RvN Baron</span>:</strong> <em>a ver</em></div><div class="chat chatmessage-rvnbaron"><strong style="color:hsl(186,58%,37.23517055355841%)"><small>☆</small><span class="username" data-name="RvN Baron">RvN Baron</span>:</strong> <em>tengo tiempo sin luchar contra el fantasmita ese</em></div><div class="spacer battle-history"><br></div><div class="battle-history">Battle started between Gеrard Way and RvN Baron!<br></div><div class="spacer battle-history"><br></div><div class="battle-history">Go! <strong>Chansey</strong>!<br></div><div class="spacer battle-history"><br></div><div class="battle-history">RvN Baron sent out Landorus (<strong>Landorus-Therian</strong>)!<br></div><div class="battle-history"><small>[The opposing Landorus's Intimidate]</small><br></div><div class="battle-history"><small>Chansey's Attack fell!</small><br></div><div class="spacer battle-history"><br></div><h2 class="battle-history">Turn 1</h2><div class="chat chatmessage-alunaticslament"><strong style="color:hsl(83,75%,36.53438543588625%)"><small>+</small><span class="username" data-name="A Lunatic's Lament">A Lunatic's Lament</span>:</strong> <em>Ya ríndete, no puedes contra TangeGod</em></div><div class="spacer battle-history"><br></div><div class="battle-history">Chansey, come back!<br></div><div class="battle-history">Go! <strong>Alomomola</strong>!<br></div><div class="spacer battle-history"><br></div><div class="battle-history">The opposing Landorus used <strong>Knock Off</strong>!<br></div><div class="battle-history"><small>(Alomomola lost <abbr title="−87/481">18.1%</abbr> of its health!)</small><br></div><div class="battle-history"><small>The opposing Landorus knocked off Alomomola's Leftovers!</small><br></div><div class="spacer battle-history"><br></div><h2 class="battle-history">Turn 2</h2><div class="chat chatmessage-rvnbaron"><strong style="color:hsl(186,58%,37.23517055355841%)"><small>☆</small><span class="username" data-name="RvN Baron">RvN Baron</span>:</strong> <em>kyc</em></div><div class="chat chatmessage-grardway"><strong style="color:hsl(23,56%,44%)"><small>☆</small><span class="username" data-name="Gеrard Way">Gеrard Way</span>:</strong> <em>True</em></div><div class="spacer battle-history"><br></div><div class="battle-history">RvN Baron withdrew Landorus!<br></div><div class="battle-history">RvN Baron sent out <strong>Ferrothorn</strong>!<br></div><div class="spacer battle-history"><br></div><div class="battle-history">Alomomola used <strong>Scald</strong>!<br></div><div class="battle-history"><small>It's not very effective...</small><br></div><div class="battle-history"><small>(The opposing Ferrothorn lost <abbr title="−19/352">5.4%</abbr> of its health!)</small><br></div><div class="spacer battle-history"><br></div><div class="battle-history"><small>The opposing Ferrothorn restored a little HP using its Leftovers!</small><br></div><div class="spacer battle-history"><br></div><h2 class="battle-history">Turn 3</h2><div class="chat chatmessage-grardway"><strong style="color:hsl(23,56%,44%)"><small>☆</small><span class="username" data-name="Gеrard Way">Gеrard Way</span>:</strong> <em>Tou</em></div><div class="chat chatmessage-grardway"><strong style="color:hsl(23,56%,44%)"><small>☆</small><span class="username" data-name="Gеrard Way">Gеrard Way</span>:</strong> <em>Tenemos un problema</em></div><div class="chat chatmessage-grardway"><strong style="color:hsl(23,56%,44%)"><small>☆</small><span class="username" data-name="Gеrard Way">Gеrard Way</span>:</strong> <em>Esa cosa tiene knock también seguro</em></div><div class="chat chatmessage-alunaticslament"><strong style="color:hsl(83,75%,36.53438543588625%)"><small>+</small><span class="username" data-name="A Lunatic's Lament">A Lunatic's Lament</span>:</strong> <em>n</em></div><div class="spacer battle-history"><br></div><div class="battle-history">Alomomola, come back!<br></div><div class="battle-history">Go! <strong>Dusclops</strong>!<br></div><div class="battle-history"><small>[Dusclops's Pressure]</small><br><small>Dusclops is exerting its pressure!</small><br></div><div class="spacer battle-history"><br></div><div class="battle-history">The opposing Ferrothorn used <strong>Spikes</strong>!<br></div><div class="battle-history"><small>Spikes were scattered on the ground all around your team!</small><br></div><div class="spacer battle-history"><br></div><h2 class="battle-history">Turn 4</h2><div class="chat chatmessage-alunaticslament"><strong style="color:hsl(83,75%,36.53438543588625%)"><small>+</small><span class="username" data-name="A Lunatic's Lament">A Lunatic's Lament</span>:</strong> <em>Ah e.a</em></div><div class="chat chatmessage-alunaticslament"><strong style="color:hsl(83,75%,36.53438543588625%)"><small>+</small><span class="username" data-name="A Lunatic's Lament">A Lunatic's Lament</span>:</strong> <em>No tiene</em></div><div class="chat chatmessage-rvnbaron"><strong style="color:hsl(186,58%,37.23517055355841%)"><small>☆</small><span class="username" data-name="RvN Baron">RvN Baron</span>:</strong> <em> cuando escushe eviolite</em></div><div class="spacer battle-history"><br></div><div class="battle-history">RvN Baron withdrew Ferrothorn!<br></div><div class="battle-history">RvN Baron sent out Landorus (<strong>Landorus-Therian</strong>)!<br></div><div class="battle-history"><small>[The opposing Landorus's Intimidate]</small><br></div><div class="battle-history"><small>Dusclops's Attack fell!</small><br></div><div class="spacer battle-history"><br></div><div class="battle-history">Dusclops used <strong>Will-O-Wisp</strong>!<br></div><div class="battle-history"><small>The opposing Landorus was burned!</small><br></div><div class="spacer battle-history"><br></div><div class="battle-history"><small>The opposing Landorus was hurt by its burn!</small><br></div><div class="spacer battle-history"><br></div><h2 class="battle-history">Turn 5</h2><div class="spacer battle-history"><br></div><div class="battle-history">Dusclops, come back!<br></div><div class="battle-history">Go! <strong>Alomomola</strong>!<br></div><div class="battle-history"><small>Alomomola is hurt by the spikes!</small><br></div><div class="spacer battle-history"><br></div><div class="battle-history">The opposing Landorus used <strong>Knock Off</strong>!<br></div><div class="battle-history"><small>(Alomomola lost <abbr title="−29/481">6.0%</abbr> of its health!)</small><br></div><div class="spacer battle-history"><br></div><div class="battle-history"><small>The opposing Landorus restored a little HP using its Leftovers!</small><br></div><div class="battle-history"><small>The opposing Landorus was hurt by its burn!</small><br></div><div class="spacer battle-history"><br></div><h2 class="battle-history">Turn 6</h2><div class="chat chatmessage-rvnbaron"><strong style="color:hsl(186,58%,37.23517055355841%)"><small>☆</small><span class="username" data-name="RvN Baron">RvN Baron</span>:</strong> <em>alokomola </em></div><div class="chat chatmessage-rvnbaron"><strong style="color:hsl(186,58%,37.23517055355841%)"><small>☆</small><span class="username" data-name="RvN Baron">RvN Baron</span>:</strong> <em> ese pokemon existe en la vida real</em></div><div class="chat chatmessage-grardway"><strong style="color:hsl(23,56%,44%)"><small>☆</small><span class="username" data-name="Gеrard Way">Gеrard Way</span>:</strong> <em>Técnicamente</em></div><div class="chat chatmessage-alunaticslament"><strong style="color:hsl(83,75%,36.53438543588625%)"><small>+</small><span class="username" data-name="A Lunatic's Lament">A Lunatic's Lament</span>:</strong> <em><span class="greentext">&gt;alokomola</span></em></div><div class="chat chatmessage-rvnbaron"><strong style="color:hsl(186,58%,37.23517055355841%)"><small>☆</small><span class="username" data-name="RvN Baron">RvN Baron</span>:</strong> <em>es muy grande</em></div><div class="chat chatmessage-grardway"><strong style="color:hsl(23,56%,44%)"><small>☆</small><span class="username" data-name="Gеrard Way">Gеrard Way</span>:</strong> <em>Ya he ganado</em></div><div class="chat chatmessage-grardway"><strong style="color:hsl(23,56%,44%)"><small>☆</small><span class="username" data-name="Gеrard Way">Gеrard Way</span>:</strong> <em>A no ser</em></div><div class="chat chatmessage-grardway"><strong style="color:hsl(23,56%,44%)"><small>☆</small><span class="username" data-name="Gеrard Way">Gеrard Way</span>:</strong> <em>Que me haxeen feo</em></div><div class="spacer battle-history"><br></div><div class="battle-history">RvN Baron withdrew Landorus!<br></div><div class="battle-history">RvN Baron sent out <strong>Ferrothorn</strong>!<br></div><div class="spacer battle-history"><br></div><div class="battle-history">Alomomola used <strong>Scald</strong>!<br></div><div class="battle-history"><small>It's not very effective...</small><br></div><div class="battle-history"><small>(The opposing Ferrothorn lost <abbr title="−17/352">4.8%</abbr> of its health!)</small><br></div><div class="spacer battle-history"><br></div><div class="battle-history"><small>The opposing Ferrothorn restored a little HP using its Leftovers!</small><br></div><div class="spacer battle-history"><br></div><h2 class="battle-history">Turn 7</h2><div class="chat chatmessage-alunaticslament"><strong style="color:hsl(83,75%,36.53438543588625%)"><small>+</small><span class="username" data-name="A Lunatic's Lament">A Lunatic's Lament</span>:</strong> <em>☆RvN Baron: es muy grande</em></div><div class="chat chatmessage-alunaticslament"><strong style="color:hsl(83,75%,36.53438543588625%)"><small>+</small><span class="username" data-name="A Lunatic's Lament">A Lunatic's Lament</span>:</strong> <em>.w.</em></div><div class="chat chatmessage-rvnbaron"><strong style="color:hsl(186,58%,37.23517055355841%)"><small>☆</small><span class="username" data-name="RvN Baron">RvN Baron</span>:</strong> <em> no ha ganado callese</em></div><div class="spacer battle-history"><br></div><div class="battle-history">Alomomola used <strong>Scald</strong>!<br></div><div class="battle-history"><small>It's not very effective...</small><br></div><div class="battle-history"><small>(The opposing Ferrothorn lost <abbr title="−18/352">5.1%</abbr> of its health!)</small><br></div><div class="battle-history"><small>The opposing Ferrothorn was burned!</small><br></div><div class="spacer battle-history"><br></div><div class="battle-history">The opposing Ferrothorn used <strong>Spikes</strong>!<br></div><div class="battle-history"><small>Spikes were scattered on the ground all around your team!</small><br></div><div class="spacer battle-history"><br></div><div class="battle-history"><small>The opposing Ferrothorn restored a little HP using its Leftovers!</small><br></div><div class="battle-history"><small>The opposing Ferrothorn was hurt by its burn!</small><br></div><div class="spacer battle-history"><br></div><h2 class="battle-history">Turn 8</h2><div class="spacer battle-history"><br></div><div class="battle-history">Alomomola used <strong>Wish</strong>!<br></div><div class="spacer battle-history"><br></div><div class="battle-history">The opposing Ferrothorn used <strong>Spikes</strong>!<br></div><div class="battle-history"><small>Spikes were scattered on the ground all around your team!</small><br></div><div class="spacer battle-history"><br></div><div class="battle-history"><small>The opposing Ferrothorn restored a little HP using its Leftovers!</small><br></div><div class="battle-history"><small>The opposing Ferrothorn was hurt by its burn!</small><br></div><div class="spacer battle-history"><br></div><h2 class="battle-history">Turn 9</h2><div class="chat chatmessage-rvnbaron"><strong style="color:hsl(186,58%,37.23517055355841%)"><small>☆</small><span class="username" data-name="RvN Baron">RvN Baron</span>:</strong> <em>me entreno para entrar  las war </em></div><div class="spacer battle-history"><br></div><div class="battle-history">Alomomola, come back!<br></div><div class="battle-history">Go! <strong>Gligar</strong>!<br></div><div class="spacer battle-history"><br></div><div class="battle-history">The opposing Ferrothorn used <strong>Leech Seed</strong>!<br></div><div class="battle-history"><small>Gligar was seeded!</small><br></div><div class="spacer battle-history"><br></div><div class="battle-history"><small>The opposing Ferrothorn restored a little HP using its Leftovers!</small><br></div><div class="battle-history"><small>Gligar's health is sapped by Leech Seed!</small><br></div><div class="battle-history"><small>The opposing Ferrothorn was hurt by its burn!</small><br></div><div class="spacer battle-history"><br></div><h2 class="battle-history">Turn 10</h2><div class="spacer battle-history"><br></div><div class="battle-history">RvN Baron withdrew Ferrothorn!<br></div><div class="battle-history">RvN Baron sent out <strong>Slowbro</strong>!<br></div><div class="spacer battle-history"><br></div><div class="battle-history">Gligar used <strong>Defog</strong>!<br></div><div class="battle-history"><small>The opposing Slowbro's evasiveness fell!</small><br></div><div class="battle-history"><small>The spikes disappeared from the ground around your team!</small><br></div><div class="spacer battle-history"><br></div><div class="battle-history"><small>Gligar's health is sapped by Leech Seed!</small><br></div><div class="spacer battle-history"><br></div><h2 class="battle-history">Turn 11</h2><div class="spacer battle-history"><br></div><div class="battle-history">Gligar, come back!<br></div><div class="battle-history">Go! <strong>Chansey</strong>!<br></div><div class="spacer battle-history"><br></div><div class="battle-history">The opposing Slowbro used <strong>Scald</strong>!<br></div><div class="battle-history"><small>(Chansey lost <abbr title="−60/703">8.5%</abbr> of its health!)</small><br></div><div class="spacer battle-history"><br></div><h2 class="battle-history">Turn 12</h2><div class="spacer battle-history"><br></div><div class="battle-history">RvN Baron withdrew Slowbro!<br></div><div class="battle-history">RvN Baron sent out Landorus (<strong>Landorus-Therian</strong>)!<br></div><div class="battle-history"><small>[The opposing Landorus's Intimidate]</small><br></div><div class="battle-history"><small>Chansey's Attack fell!</small><br></div><div class="spacer battle-history"><br></div><div class="battle-history">Chansey used <strong>Stealth Rock</strong>!<br></div><div class="battle-history"><small>Pointed stones float in the air around the opposing team!</small><br></div><div class="spacer battle-history"><br></div><div class="battle-history"><small>The opposing Landorus restored a little HP using its Leftovers!</small><br></div><div class="battle-history"><small>The opposing Landorus was hurt by its burn!</small><br></div><div class="spacer battle-history"><br></div><h2 class="battle-history">Turn 13</h2><div class="chat chatmessage-rvnbaron"><strong style="color:hsl(186,58%,37.23517055355841%)"><small>☆</small><span class="username" data-name="RvN Baron">RvN Baron</span>:</strong> <em>one question</em></div><div class="chat chatmessage-rvnbaron"><strong style="color:hsl(186,58%,37.23517055355841%)"><small>☆</small><span class="username" data-name="RvN Baron">RvN Baron</span>:</strong> <em>los hada son efectivos vs los fantasmas :v ?</em></div><div class="chat chatmessage-alunaticslament"><strong style="color:hsl(83,75%,36.53438543588625%)"><small>+</small><span class="username" data-name="A Lunatic's Lament">A Lunatic's Lament</span>:</strong> <em>n</em></div><div class="chat chatmessage-grardway"><strong style="color:hsl(23,56%,44%)"><small>☆</small><span class="username" data-name="Gеrard Way">Gеrard Way</span>:</strong> <em>Nope</em></div><div class="spacer battle-history"><br></div><div class="battle-history">RvN Baron withdrew Landorus!<br></div><div class="battle-history">RvN Baron sent out <strong>Skarmory</strong>!<br></div><div class="battle-history"><small>Pointed stones dug into the opposing Skarmory!</small><br></div><div class="spacer battle-history"><br></div><div class="battle-history">Chansey, come back!<br></div><div class="battle-history">Go! <strong>Alomomola</strong>!<br></div><div class="spacer battle-history"><br></div><h2 class="battle-history">Turn 14</h2><div class="spacer battle-history"><br></div><div class="battle-history">The opposing Skarmory used <strong>Toxic</strong>!<br></div><div class="battle-history"><small>Alomomola was badly poisoned!</small><br></div><div class="spacer battle-history"><br></div><div class="battle-history">Alomomola used <strong>Scald</strong>!<br></div><div class="battle-history"><small>(The opposing Skarmory lost <abbr title="−57/333">17.1%</abbr> of its health!)</small><br></div><div class="spacer battle-history"><br></div><div class="battle-history"><small>Alomomola was hurt by poison!</small><br></div><div class="spacer battle-history"><br></div><h2 class="battle-history">Turn 15</h2><div class="spacer battle-history"><br></div><div class="battle-history">The opposing Skarmory used <strong>Defog</strong>!<br></div><div class="battle-history"><small>Alomomola's evasiveness fell!</small><br></div><div class="battle-history"><small>The pointed stones disappeared from around the opposing team!</small><br></div><div class="spacer battle-history"><br></div><div class="battle-history">Alomomola used <strong>Scald</strong>!<br></div><div class="battle-history"><small>(The opposing Skarmory lost <abbr title="−60/333">18.0%</abbr> of its health!)</small><br></div><div class="battle-history"><small>The opposing Skarmory was burned!</small><br></div><div class="spacer battle-history"><br></div><div class="battle-history"><small>The opposing Skarmory was hurt by its burn!</small><br></div><div class="battle-history"><small>Alomomola was hurt by poison!</small><br></div><div class="spacer battle-history"><br></div><h2 class="battle-history">Turn 16</h2><div class="spacer battle-history"><br></div><div class="battle-history">Alomomola, come back!<br></div><div class="battle-history">Go! <strong>Chansey</strong>!<br></div><div class="spacer battle-history"><br></div><div class="battle-history">The opposing Skarmory used <strong>Roost</strong>!<br></div><div class="battle-history"><small>The opposing Skarmory restored its HP.</small><br></div><div class="spacer battle-history"><br></div><div class="battle-history"><small>The opposing Skarmory was hurt by its burn!</small><br></div><div class="spacer battle-history"><br></div><h2 class="battle-history">Turn 17</h2><div class="spacer battle-history"><br></div><div class="battle-history">RvN Baron withdrew Skarmory!<br></div><div class="battle-history">RvN Baron sent out Landorus (<strong>Landorus-Therian</strong>)!<br></div><div class="battle-history"><small>[The opposing Landorus's Intimidate]</small><br></div><div class="battle-history"><small>Chansey's Attack fell!</small><br></div><div class="spacer battle-history"><br></div><div class="battle-history">Chansey used <strong>Stealth Rock</strong>!<br></div><div class="battle-history"><small>Pointed stones float in the air around the opposing team!</small><br></div><div class="spacer battle-history"><br></div><div class="battle-history"><small>The opposing Landorus restored a little HP using its Leftovers!</small><br></div><div class="battle-history"><small>The opposing Landorus was hurt by its burn!</small><br></div><div class="spacer battle-history"><br></div><h2 class="battle-history">Turn 18</h2><div class="spacer battle-history"><br></div><div class="battle-history">Chansey, come back!<br></div><div class="battle-history">Go! <strong>Alomomola</strong>!<br></div><div class="spacer battle-history"><br></div><div class="battle-history">The opposing Landorus used <strong>U-turn</strong>!<br></div><div class="battle-history"><small>(Alomomola lost <abbr title="−32/481">6.7%</abbr> of its health!)</small><br></div><div class="spacer battle-history"><br></div><div class="battle-history">The opposing Landorus went back to RvN Baron!<br></div><div class="battle-history">RvN Baron sent out <strong>Chansey</strong>!<br></div><div class="battle-history"><small>Pointed stones dug into the opposing Chansey!</small><br></div><div class="spacer battle-history"><br></div><div class="battle-history"><small>Alomomola was hurt by poison!</small><br></div><div class="spacer battle-history"><br></div><h2 class="battle-history">Turn 19</h2><div class="spacer battle-history"><br></div><div class="battle-history">Alomomola, come back!<br></div><div class="battle-history">Go! <strong>Weavile</strong>!<br></div><div class="battle-history"><small>[Weavile's Pressure]</small><br><small>Weavile is exerting its pressure!</small><br></div><div class="spacer battle-history"><br></div><div class="battle-history">The opposing Chansey used <strong>Stealth Rock</strong>!<br></div><div class="battle-history"><small>Pointed stones float in the air around your team!</small><br></div><div class="spacer battle-history"><br></div><h2 class="battle-history">Turn 20</h2><div class="spacer battle-history"><br></div><div class="battle-history">RvN Baron withdrew Chansey!<br></div><div class="battle-history">RvN Baron sent out <strong>Skarmory</strong>!<br></div><div class="battle-history"><small>Pointed stones dug into the opposing Skarmory!</small><br></div><div class="spacer battle-history"><br></div><div class="battle-history">Weavile used <strong>Knock Off</strong>!<br></div><div class="battle-history"><small>(The opposing Skarmory lost <abbr title="−138/333">41.4%</abbr> of its health!)</small><br></div><div class="battle-history"><small>Weavile knocked off the opposing Skarmory's Shed Shell!</small><br></div><div class="spacer battle-history"><br></div><div class="battle-history"><small>The opposing Skarmory was hurt by its burn!</small><br></div><div class="spacer battle-history"><br></div><h2 class="battle-history">Turn 21</h2><div class="chat chatmessage-rvnbaron"><strong style="color:hsl(186,58%,37.23517055355841%)"><small>☆</small><span class="username" data-name="RvN Baron">RvN Baron</span>:</strong> <em></em></div><div class="spacer battle-history"><br></div><div class="battle-history">Weavile, come back!<br></div><div class="battle-history">Go! <strong>Dusclops</strong>!<br></div><div class="battle-history"><small>Pointed stones dug into Dusclops!</small><br></div><div class="battle-history"><small>[Dusclops's Pressure]</small><br><small>Dusclops is exerting its pressure!</small><br></div><div class="spacer battle-history"><br></div><div class="battle-history">RvN Baron withdrew Skarmory!<br></div><div class="battle-history">RvN Baron sent out <strong>Ferrothorn</strong>!<br></div><div class="battle-history"><small>Pointed stones dug into the opposing Ferrothorn!</small><br></div><div class="spacer battle-history"><br></div><div class="battle-history"><small>The opposing Ferrothorn restored a little HP using its Leftovers!</small><br></div><div class="battle-history"><small>The opposing Ferrothorn was hurt by its burn!</small><br></div><div class="spacer battle-history"><br></div><h2 class="battle-history">Turn 22</h2><div class="spacer battle-history"><br></div><div class="battle-history">Dusclops, come back!<br></div><div class="battle-history">Go! <strong>Tangela</strong>!<br></div><div class="battle-history"><small>Pointed stones dug into Tangela!</small><br></div><div class="spacer battle-history"><br></div><div class="battle-history">The opposing Ferrothorn used <strong>Leech Seed</strong>!<br></div><div class="battle-history"><small>It doesn't affect Tangela...</small><br></div><div class="spacer battle-history"><br></div><div class="battle-history"><small>The opposing Ferrothorn restored a little HP using its Leftovers!</small><br></div><div class="battle-history"><small>The opposing Ferrothorn was hurt by its burn!</small><br></div><div class="spacer battle-history"><br></div><h2 class="battle-history">Turn 23</h2><div class="spacer battle-history"><br></div><div class="battle-history">Tangela used <strong>Hidden Power</strong>!<br></div><div class="battle-history"><small>It's super effective!</small><br></div><div class="battle-history"><small>(The opposing Ferrothorn lost <abbr title="−140/352">39.8%</abbr> of its health!)</small><br></div><div class="spacer battle-history"><br></div><div class="battle-history">The opposing Ferrothorn used <strong>Spikes</strong>!<br></div><div class="battle-history"><small>Spikes were scattered on the ground all around your team!</small><br></div><div class="spacer battle-history"><br></div><div class="battle-history"><small>The opposing Ferrothorn restored a little HP using its Leftovers!</small><br></div><div class="battle-history"><small>The opposing Ferrothorn was hurt by its burn!</small><br></div><div class="spacer battle-history"><br></div><h2 class="battle-history">Turn 24</h2><div class="chat chatmessage-rvnbaron"><strong style="color:hsl(186,58%,37.23517055355841%)"><small>☆</small><span class="username" data-name="RvN Baron">RvN Baron</span>:</strong> <em> a la mierda</em></div><div class="spacer battle-history"><br></div><div class="battle-history">RvN Baron withdrew Ferrothorn!<br></div><div class="battle-history">RvN Baron sent out <strong>Chansey</strong>!<br></div><div class="battle-history"><small>Pointed stones dug into the opposing Chansey!</small><br></div><div class="spacer battle-history"><br></div><div class="battle-history">Tangela used <strong>Leech Seed</strong>!<br></div><div class="battle-history"><small>The opposing Chansey was seeded!</small><br></div><div class="spacer battle-history"><br></div><div class="battle-history"><small>The opposing Chansey's health is sapped by Leech Seed!</small><br></div><div class="spacer battle-history"><br></div><h2 class="battle-history">Turn 25</h2><div class="spacer battle-history"><br></div><div class="battle-history">Tangela, come back!<br></div><div class="battle-history">Go! <strong>Gligar</strong>!<br></div><div class="battle-history"><small>Pointed stones dug into Gligar!</small><br></div><div class="spacer battle-history"><br></div><div class="battle-history">The opposing Chansey used <strong>Soft-Boiled</strong>!<br></div><div class="battle-history"><small>The opposing Chansey restored its HP.</small><br></div><div class="spacer battle-history"><br></div><div class="battle-history"><small>The opposing Chansey's health is sapped by Leech Seed!</small><br></div><div class="spacer battle-history"><br></div><h2 class="battle-history">Turn 26</h2><div class="spacer battle-history"><br></div><div class="battle-history">RvN Baron withdrew Chansey!<br></div><div class="battle-history">RvN Baron sent out <strong>Slowbro</strong>!<br></div><div class="battle-history"><small>Pointed stones dug into the opposing Slowbro!</small><br></div><div class="spacer battle-history"><br></div><div class="battle-history">Gligar used <strong>Defog</strong>!<br></div><div class="battle-history"><small>The opposing Slowbro's evasiveness fell!</small><br></div><div class="battle-history"><small>The pointed stones disappeared from around the opposing team!</small><br></div><div class="battle-history"><small>The spikes disappeared from the ground around your team!</small><br></div><div class="battle-history"><small>The pointed stones disappeared from around your team!</small><br></div><div class="spacer battle-history"><br></div><h2 class="battle-history">Turn 27</h2><div class="chat chatmessage-alunaticslament"><strong style="color:hsl(83,75%,36.53438543588625%)"><small>+</small><span class="username" data-name="A Lunatic's Lament">A Lunatic's Lament</span>:</strong> <em>+26% de un drenadoras xD</em></div><div class="chat chatmessage-rvnbaron"><strong style="color:hsl(186,58%,37.23517055355841%)"><small>☆</small><span class="username" data-name="RvN Baron">RvN Baron</span>:</strong> <em> callese</em></div><div class="spacer battle-history"><br></div><div class="battle-history">Gligar, come back!<br></div><div class="battle-history">Go! <strong>Dusclops</strong>!<br></div><div class="battle-history"><small>[Dusclops's Pressure]</small><br><small>Dusclops is exerting its pressure!</small><br></div><div class="spacer battle-history"><br></div><div class="battle-history">The opposing Slowbro used <strong>Scald</strong>!<br></div><div class="battle-history"><small>(Dusclops lost <abbr title="−37/284">13.0%</abbr> of its health!)</small><br></div><div class="spacer battle-history"><br></div><h2 class="battle-history">Turn 28</h2><div class="spacer battle-history"><br></div><div class="battle-history">RvN Baron withdrew Slowbro!<br></div><div class="battle-history">RvN Baron sent out <strong>Chansey</strong>!<br></div><div class="spacer battle-history"><br></div><div class="battle-history">Dusclops used <strong>Night Shade</strong>!<br></div><div class="battle-history"><small>It doesn't affect the opposing Chansey...</small><br></div><div class="spacer battle-history"><br></div><h2 class="battle-history">Turn 29</h2><div class="spacer battle-history"><br></div><div class="battle-history">Dusclops, come back!<br></div><div class="battle-history">Go! <strong>Weavile</strong>!<br></div><div class="battle-history"><small>[Weavile's Pressure]</small><br><small>Weavile is exerting its pressure!</small><br></div><div class="spacer battle-history"><br></div><div class="battle-history">The opposing Chansey used <strong>Stealth Rock</strong>!<br></div><div class="battle-history"><small>Pointed stones float in the air around your team!</small><br></div><div class="spacer battle-history"><br></div><h2 class="battle-history">Turn 30</h2><div class="chat chatmessage-rvnbaron"><strong style="color:hsl(186,58%,37.23517055355841%)"><small>☆</small><span class="username" data-name="RvN Baron">RvN Baron</span>:</strong> <em></em></div><div class="spacer battle-history"><br></div><div class="battle-history">RvN Baron withdrew Chansey!<br></div><div class="battle-history">RvN Baron sent out <strong>Skarmory</strong>!<br></div><div class="spacer battle-history"><br></div><div class="battle-history">Weavile used <strong>Knock Off</strong>!<br></div><div class="battle-history"><small>(The opposing Skarmory lost <abbr title="−102/333">30.6%</abbr> of its health!)</small><br></div><div class="spacer battle-history"><br></div><div class="battle-history"><small>The opposing Skarmory was hurt by its burn!</small><br></div><div class="spacer battle-history"><br></div><div class="battle-history">The opposing Skarmory fainted!<br></div><div class="spacer battle-history"><br></div><div class="battle-history">RvN Baron sent out <strong>Ferrothorn</strong>!<br></div><div class="spacer battle-history"><br></div><h2 class="battle-history">Turn 31</h2><div class="spacer battle-history"><br></div><div class="battle-history">Weavile, come back!<br></div><div class="battle-history">Go! <strong>Tangela</strong>!<br></div><div class="battle-history"><small>Pointed stones dug into Tangela!</small><br></div><div class="spacer battle-history"><br></div><div class="battle-history">The opposing Ferrothorn used <strong>Gyro Ball</strong>!<br></div><div class="battle-history"><small>(Tangela lost <abbr title="−20/334">6.0%</abbr> of its health!)</small><br></div><div class="spacer battle-history"><br></div><div class="battle-history"><small>The opposing Ferrothorn restored a little HP using its Leftovers!</small><br></div><div class="battle-history"><small>The opposing Ferrothorn was hurt by its burn!</small><br></div><div class="spacer battle-history"><br></div><h2 class="battle-history">Turn 32</h2><div class="spacer battle-history"><br></div><div class="battle-history">RvN Baron withdrew Ferrothorn!<br></div><div class="battle-history">RvN Baron sent out <strong>Chansey</strong>!<br></div><div class="spacer battle-history"><br></div><div class="battle-history">Tangela used <strong>Hidden Power</strong>!<br></div><div class="battle-history"><small>(The opposing Chansey lost <abbr title="−30/703">4.3%</abbr> of its health!)</small><br></div><div class="spacer battle-history"><br></div><h2 class="battle-history">Turn 33</h2><div class="spacer battle-history"><br></div><div class="battle-history">Tangela, come back!<br></div><div class="battle-history">Go! <strong>Gligar</strong>!<br></div><div class="battle-history"><small>Pointed stones dug into Gligar!</small><br></div><div class="spacer battle-history"><br></div><div class="battle-history">The opposing Chansey used <strong>Toxic</strong>!<br></div><div class="battle-history"><small>[Gligar's Immunity]</small><br><small>It doesn't affect Gligar...</small><br></div><div class="spacer battle-history"><br></div><h2 class="battle-history">Turn 34</h2><div class="spacer battle-history"><br></div><div class="battle-history">RvN Baron withdrew Chansey!<br></div><div class="battle-history">RvN Baron sent out Landorus (<strong>Landorus-Therian</strong>)!<br></div><div class="battle-history"><small>[The opposing Landorus's Intimidate]</small><br></div><div class="battle-history"><small>Gligar's Attack fell!</small><br></div><div class="spacer battle-history"><br></div><div class="battle-history">Gligar used <strong>Defog</strong>!<br></div><div class="battle-history"><small>The opposing Landorus's evasiveness fell!</small><br></div><div class="battle-history"><small>The pointed stones disappeared from around your team!</small><br></div><div class="spacer battle-history"><br></div><div class="battle-history"><small>The opposing Landorus restored a little HP using its Leftovers!</small><br></div><div class="battle-history"><small>The opposing Landorus was hurt by its burn!</small><br></div><div class="spacer battle-history"><br></div><h2 class="battle-history">Turn 35</h2><div class="spacer battle-history"><br></div><div class="battle-history">The opposing Landorus used <strong>U-turn</strong>!<br></div><div class="battle-history"><small>It's not very effective...</small><br></div><div class="battle-history"><small>(Gligar lost <abbr title="−8/334">2.4%</abbr> of its health!)</small><br></div><div class="chat chatmessage-rvnbaron"><strong style="color:hsl(186,58%,37.23517055355841%)"><small>☆</small><span class="username" data-name="RvN Baron">RvN Baron</span>:</strong> <em> la puta madre</em></div><div class="spacer battle-history"><br></div><div class="battle-history">The opposing Landorus went back to RvN Baron!<br></div><div class="battle-history">RvN Baron sent out <strong>Chansey</strong>!<br></div><div class="spacer battle-history"><br></div><div class="battle-history">Gligar used <strong>Roost</strong>!<br></div><div class="battle-history"><small>Gligar restored its HP.</small><br></div><div class="spacer battle-history"><br></div><h2 class="battle-history">Turn 36</h2><div class="spacer battle-history"><br></div><div class="battle-history">Gligar, come back!<br></div><div class="battle-history">Go! <strong>Weavile</strong>!<br></div><div class="battle-history"><small>[Weavile's Pressure]</small><br><small>Weavile is exerting its pressure!</small><br></div><div class="spacer battle-history"><br></div><div class="battle-history">The opposing Chansey used <strong>Stealth Rock</strong>!<br></div><div class="battle-history"><small>Pointed stones float in the air around your team!</small><br></div><div class="spacer battle-history"><br></div><h2 class="battle-history">Turn 37</h2><div class="spacer battle-history"><br></div><div class="battle-history">RvN Baron withdrew Chansey!<br></div><div class="battle-history">RvN Baron sent out <strong>Ferrothorn</strong>!<br></div><div class="spacer battle-history"><br></div><div class="battle-history">Weavile used <strong>Knock Off</strong>!<br></div><div class="battle-history"><small>(The opposing Ferrothorn lost <abbr title="−168/352">47.7%</abbr> of its health!)</small><br></div><div class="battle-history"><small>[The opposing Ferrothorn's Iron Barbs]</small><br><small>Weavile was hurt!</small><br></div><div class="battle-history"><small>Weavile knocked off the opposing Ferrothorn's Leftovers!</small><br></div><div class="spacer battle-history"><br></div><div class="battle-history">The opposing Ferrothorn fainted!<br></div><div class="spacer battle-history"><br></div><div class="battle-history">RvN Baron sent out <strong>Tapu Lele</strong>!<br></div><div class="battle-history"><small>[The opposing Tapu Lele's Psychic Surge]</small><br><small>The battlefield got weird!</small><br></div><div class="spacer battle-history"><br></div><h2 class="battle-history">Turn 38</h2><div class="spacer battle-history"><br></div><div class="battle-history">Weavile, come back!<br></div><div class="battle-history">Go! <strong>Chansey</strong>!<br></div><div class="battle-history"><small>Pointed stones dug into Chansey!</small><br></div><div class="spacer battle-history"><br></div><div class="battle-history">The opposing Tapu Lele used <strong>Focus Blast</strong>!<br></div><div class="battle-history"><small>It's super effective!</small><br></div><div class="battle-history"><small>(Chansey lost <abbr title="−168/703">23.9%</abbr> of its health!)</small><br></div><div class="spacer battle-history"><br></div><h2 class="battle-history">Turn 39</h2><div class="spacer battle-history"><br></div><div class="battle-history">RvN Baron withdrew Tapu Lele!<br></div><div class="battle-history">RvN Baron sent out <strong>Slowbro</strong>!<br></div><div class="spacer battle-history"><br></div><div class="battle-history">Chansey used <strong>Soft-Boiled</strong>!<br></div><div class="battle-history"><small>Chansey restored its HP.</small><br></div><div class="spacer battle-history"><br></div><h2 class="battle-history">Turn 40</h2><div class="chat chatmessage-zenoa"><strong style="color:hsl(87,41%,35%)"><small>♦</small><span class="username" data-name="Zenoa">Zenoa</span>:</strong> <em>RvN Baron</em></div><div class="chat chatmessage-zenoa"><strong style="color:hsl(87,41%,35%)"><small>♦</small><span class="username" data-name="Zenoa">Zenoa</span>:</strong> <em>dale x</em></div><div class="chat chatmessage-rvnbaron"><strong style="color:hsl(186,58%,37.23517055355841%)"><small>☆</small><span class="username" data-name="RvN Baron">RvN Baron</span>:</strong> <em></em></div><div class="chat chatmessage-rvnbaron"><strong style="color:hsl(186,58%,37.23517055355841%)"><small>☆</small><span class="username" data-name="RvN Baron">RvN Baron</span>:</strong> <em>le voy a dar </em></div><div class="chat chatmessage-alunaticslament"><strong style="color:hsl(83,75%,36.53438543588625%)"><small>+</small><span class="username" data-name="A Lunatic's Lament">A Lunatic's Lament</span>:</strong> <em>Acercándose, el 6-0 viene ya~</em></div><div class="chat chatmessage-alunaticslament"><strong style="color:hsl(83,75%,36.53438543588625%)"><small>+</small><span class="username" data-name="A Lunatic's Lament">A Lunatic's Lament</span>:</strong> <em>Y para llorar no es el tiempo ahora~</em></div><div class="chat chatmessage-rvnbaron"><strong style="color:hsl(186,58%,37.23517055355841%)"><small>☆</small><span class="username" data-name="RvN Baron">RvN Baron</span>:</strong> <em> si tan solo tuviera cerca un </em></div><div class="chat chatmessage-alunaticslament"><strong style="color:hsl(83,75%,36.53438543588625%)"><small>+</small><span class="username" data-name="A Lunatic's Lament">A Lunatic's Lament</span>:</strong> <em>Heatran vale verga</em></div><div class="chat chatmessage-alunaticslament"><strong style="color:hsl(83,75%,36.53438543588625%)"><small>+</small><span class="username" data-name="A Lunatic's Lament">A Lunatic's Lament</span>:</strong> <em>No puede contra Dusclops</em></div><div class="chat chatmessage-zenoa"><strong style="color:hsl(87,41%,35%)"><small>♦</small><span class="username" data-name="Zenoa">Zenoa</span>:</strong> <em>vale vrga x2</em></div><div class="spacer battle-history"><br></div><div class="battle-history">Chansey used <strong>Stealth Rock</strong>!<br></div><div class="battle-history"><small>Pointed stones float in the air around the opposing team!</small><br></div><div class="spacer battle-history"><br></div><div class="battle-history">The opposing Slowbro used <strong>Calm Mind</strong>!<br></div><div class="battle-history"><small>The opposing Slowbro's Special Attack rose!</small><br></div><div class="battle-history"><small>The opposing Slowbro's Special Defense rose!</small><br></div><div class="spacer battle-history"><br></div><h2 class="battle-history">Turn 41</h2><div class="chat chatmessage-rvnbaron"><strong style="color:hsl(186,58%,37.23517055355841%)"><small>☆</small><span class="username" data-name="RvN Baron">RvN Baron</span>:</strong> <em> yo uso heatran scarf</em></div><div class="chat chatmessage-alunaticslament"><strong style="color:hsl(83,75%,36.53438543588625%)"><small>+</small><span class="username" data-name="A Lunatic's Lament">A Lunatic's Lament</span>:</strong> <em>Menos podrá</em></div><div class="chat chatmessage-grardway"><strong style="color:hsl(23,56%,44%)"><small>☆</small><span class="username" data-name="Gеrard Way">Gеrard Way</span>:</strong> <em>Pues mira</em></div><div class="chat chatmessage-rvnbaron"><strong style="color:hsl(186,58%,37.23517055355841%)"><small>☆</small><span class="username" data-name="RvN Baron">RvN Baron</span>:</strong> <em>es lo mas shido del mundo</em></div><div class="chat chatmessage-alunaticslament"><strong style="color:hsl(83,75%,36.53438543588625%)"><small>+</small><span class="username" data-name="A Lunatic's Lament">A Lunatic's Lament</span>:</strong> <em>No puede el Taunt + Magma Storm</em></div><div class="chat chatmessage-alunaticslament"><strong style="color:hsl(83,75%,36.53438543588625%)"><small>+</small><span class="username" data-name="A Lunatic's Lament">A Lunatic's Lament</span>:</strong> <em>Menos el scarf</em></div><div class="chat chatmessage-grardway"><strong style="color:hsl(23,56%,44%)"><small>☆</small><span class="username" data-name="Gеrard Way">Gеrard Way</span>:</strong> <em>Si tiene un move en específico</em></div><div class="chat chatmessage-grardway"><strong style="color:hsl(23,56%,44%)"><small>☆</small><span class="username" data-name="Gеrard Way">Gеrard Way</span>:</strong> <em>Ya he perdido</em></div><div class="chat chatmessage-rvnbaron"><strong style="color:hsl(186,58%,37.23517055355841%)"><small>☆</small><span class="username" data-name="RvN Baron">RvN Baron</span>:</strong> <em></em></div><div class="spacer battle-history"><br></div><div class="battle-history">Chansey used <strong>Seismic Toss</strong>!<br></div><div class="battle-history"><small>(The opposing Slowbro lost <abbr title="−100/394">25.4%</abbr> of its health!)</small><br></div><div class="spacer battle-history"><br></div><div class="battle-history">The opposing Slowbro used <strong>Calm Mind</strong>!<br></div><div class="battle-history"><small>The opposing Slowbro's Special Attack rose!</small><br></div><div class="battle-history"><small>The opposing Slowbro's Special Defense rose!</small><br></div><div class="spacer battle-history"><br></div><h2 class="battle-history">Turn 42</h2><div class="spacer battle-history"><br></div><div class="battle-history">Chansey used <strong>Seismic Toss</strong>!<br></div><div class="battle-history"><small>(The opposing Slowbro lost <abbr title="−100/394">25.4%</abbr> of its health!)</small><br></div><div class="spacer battle-history"><br></div><div class="battle-history">The opposing Slowbro used <strong>Slack Off</strong>!<br></div><div class="battle-history"><small>The opposing Slowbro restored its HP.</small><br></div><div class="spacer battle-history"><br></div><div class="battle-history"><small>The weirdness disappeared from the battlefield!</small><br></div><div class="spacer battle-history"><br></div><h2 class="battle-history">Turn 43</h2><div class="chat chatmessage-rvnbaron"><strong style="color:hsl(186,58%,37.23517055355841%)"><small>☆</small><span class="username" data-name="RvN Baron">RvN Baron</span>:</strong> <em>oshe ño </em></div><div class="chat chatmessage-zenoa"><strong style="color:hsl(87,41%,35%)"><small>♦</small><span class="username" data-name="Zenoa">Zenoa</span>:</strong> <em>y el toxico</em></div><div class="spacer battle-history"><br></div><div class="battle-history">Chansey used <strong>Seismic Toss</strong>!<br></div><div class="battle-history"><small>(The opposing Slowbro lost <abbr title="−100/394">25.4%</abbr> of its health!)</small><br></div><div class="spacer battle-history"><br></div><div class="battle-history">The opposing Slowbro used <strong>Calm Mind</strong>!<br></div><div class="battle-history"><small>The opposing Slowbro's Special Attack rose!</small><br></div><div class="battle-history"><small>The opposing Slowbro's Special Defense rose!</small><br></div><div class="spacer battle-history"><br></div><h2 class="battle-history">Turn 44</h2><div class="chat chatmessage-zenoa"><strong style="color:hsl(87,41%,35%)"><small>♦</small><span class="username" data-name="Zenoa">Zenoa</span>:</strong> <em>¿¿??</em></div><div class="chat chatmessage-rvnbaron"><strong style="color:hsl(186,58%,37.23517055355841%)"><small>☆</small><span class="username" data-name="RvN Baron">RvN Baron</span>:</strong> <em>En mi ano </em></div><div class="chat chatmessage-grardway"><strong style="color:hsl(23,56%,44%)"><small>☆</small><span class="username" data-name="Gеrard Way">Gеrard Way</span>:</strong> <em>Es heal</em></div><div class="chat chatmessage-zenoa"><strong style="color:hsl(87,41%,35%)"><small>♦</small><span class="username" data-name="Zenoa">Zenoa</span>:</strong> <em>rip</em></div><div class="chat chatmessage-alunaticslament"><strong style="color:hsl(83,75%,36.53438543588625%)"><small>+</small><span class="username" data-name="A Lunatic's Lament">A Lunatic's Lament</span>:</strong> <em>Viper, y el dusclops?</em></div><div class="spacer battle-history"><br></div><div class="battle-history">Chansey, come back!<br></div><div class="battle-history">Go! <strong>Gligar</strong>!<br></div><div class="battle-history"><small>Pointed stones dug into Gligar!</small><br></div><div class="spacer battle-history"><br></div><div class="battle-history">The opposing Slowbro used <strong>Slack Off</strong>!<br></div><div class="battle-history"><small>The opposing Slowbro restored its HP.</small><br></div><div class="spacer battle-history"><br></div><h2 class="battle-history">Turn 45</h2><div class="spacer battle-history"><br></div><div class="battle-history">Gligar used <strong>Toxic</strong>!<br></div><div class="battle-history"><small>The opposing Slowbro was badly poisoned!</small><br></div><div class="spacer battle-history"><br></div><div class="battle-history">The opposing Slowbro used <strong>Scald</strong>!<br></div><div class="battle-history"><small>It's super effective!</small><br></div><div class="battle-history"><small>(Gligar lost <abbr title="−293/334">87.7%</abbr> of its health!)</small><br></div><div class="spacer battle-history"><br></div><div class="battle-history">Gligar fainted!<br></div><div class="spacer battle-history"><br></div><div class="battle-history"><small>The opposing Slowbro was hurt by poison!</small><br></div><div class="chat chatmessage-rvnbaron"><strong style="color:hsl(186,58%,37.23517055355841%)"><small>☆</small><span class="username" data-name="RvN Baron">RvN Baron</span>:</strong> <em>hijo de puta </em></div><div class="chat chatmessage-rvnbaron"><strong style="color:hsl(186,58%,37.23517055355841%)"><small>☆</small><span class="username" data-name="RvN Baron">RvN Baron</span>:</strong> <em> si tan solo lo huviera predicho</em></div><div class="chat chatmessage-grardway"><strong style="color:hsl(23,56%,44%)"><small>☆</small><span class="username" data-name="Gеrard Way">Gеrard Way</span>:</strong> <em>Ya no hace falta, tou</em></div><div class="chat chatmessage-rvnbaron"><strong style="color:hsl(186,58%,37.23517055355841%)"><small>☆</small><span class="username" data-name="RvN Baron">RvN Baron</span>:</strong> <em></em></div><div class="chat chatmessage-zenoa"><strong style="color:hsl(87,41%,35%)"><small>♦</small><span class="username" data-name="Zenoa">Zenoa</span>:</strong> <em>ya no podra stallear</em></div><div class="spacer battle-history"><br></div><div class="battle-history">Go! <strong>Chansey</strong>!<br></div><div class="battle-history"><small>Pointed stones dug into Chansey!</small><br></div><div class="spacer battle-history"><br></div><h2 class="battle-history">Turn 46</h2><div class="chat chatmessage-grardway"><strong style="color:hsl(23,56%,44%)"><small>☆</small><span class="username" data-name="Gеrard Way">Gеrard Way</span>:</strong> <em>Ahora sí, ya he ganado</em></div><div class="chat chatmessage-grardway"><strong style="color:hsl(23,56%,44%)"><small>☆</small><span class="username" data-name="Gеrard Way">Gеrard Way</span>:</strong> <em>Lmao</em></div><div class="chat chatmessage-alunaticslament"><strong style="color:hsl(83,75%,36.53438543588625%)"><small>+</small><span class="username" data-name="A Lunatic's Lament">A Lunatic's Lament</span>:</strong> <em>Rip 6-0 :(</em></div><div class="chat chatmessage-rvnbaron"><strong style="color:hsl(186,58%,37.23517055355841%)"><small>☆</small><span class="username" data-name="RvN Baron">RvN Baron</span>:</strong> <em>no cara de pene </em></div><div class="spacer battle-history"><br></div><div class="battle-history">Chansey used <strong>Seismic Toss</strong>!<br></div><div class="battle-history"><small>(The opposing Slowbro lost <abbr title="−100/394">25.4%</abbr> of its health!)</small><br></div><div class="spacer battle-history"><br></div><div class="battle-history">The opposing Slowbro used <strong>Psyshock</strong>!<br></div><div class="battle-history"><small>(Chansey lost <abbr title="−288/703">41.0%</abbr> of its health!)</small><br></div><div class="spacer battle-history"><br></div><div class="battle-history"><small>The opposing Slowbro was hurt by poison!</small><br></div><div class="spacer battle-history"><br></div><h2 class="battle-history">Turn 47</h2><div class="chat chatmessage-rvnbaron"><strong style="color:hsl(186,58%,37.23517055355841%)"><small>☆</small><span class="username" data-name="RvN Baron">RvN Baron</span>:</strong> <em>si slowbro sigue en pie hay vida </em></div><div class="spacer battle-history"><br></div><div class="battle-history">Chansey used <strong>Soft-Boiled</strong>!<br></div><div class="battle-history"><small>Chansey restored its HP.</small><br></div><div class="spacer battle-history"><br></div><div class="battle-history">The opposing Slowbro used <strong>Slack Off</strong>!<br></div><div class="battle-history"><small>The opposing Slowbro restored its HP.</small><br></div><div class="spacer battle-history"><br></div><div class="battle-history"><small>The opposing Slowbro was hurt by poison!</small><br></div><div class="spacer battle-history"><br></div><h2 class="battle-history">Turn 48</h2><div class="chat chatmessage-grardway"><strong style="color:hsl(23,56%,44%)"><small>☆</small><span class="username" data-name="Gеrard Way">Gеrard Way</span>:</strong> <em>Tarde o temprano no lo estará</em></div><div class="spacer battle-history"><br></div><div class="battle-history">RvN Baron withdrew Slowbro!<br></div><div class="battle-history">RvN Baron sent out Landorus (<strong>Landorus-Therian</strong>)!<br></div><div class="battle-history"><small>Pointed stones dug into the opposing Landorus!</small><br></div><div class="battle-history"><small>[The opposing Landorus's Intimidate]</small><br></div><div class="battle-history"><small>Chansey's Attack fell!</small><br></div><div class="spacer battle-history"><br></div><div class="battle-history">Chansey used <strong>Seismic Toss</strong>!<br></div><div class="battle-history"><small>(The opposing Landorus lost <abbr title="−100/382">26.2%</abbr> of its health!)</small><br></div><div class="spacer battle-history"><br></div><div class="battle-history"><small>The opposing Landorus restored a little HP using its Leftovers!</small><br></div><div class="battle-history"><small>The opposing Landorus was hurt by its burn!</small><br></div><div class="spacer battle-history"><br></div><h2 class="battle-history">Turn 49</h2><div class="chat chatmessage-rvnbaron"><strong style="color:hsl(186,58%,37.23517055355841%)"><small>☆</small><span class="username" data-name="RvN Baron">RvN Baron</span>:</strong> <em></em></div><div class="spacer battle-history"><br></div><div class="battle-history">Chansey, come back!<br></div><div class="battle-history">Go! <strong>Tangela</strong>!<br></div><div class="battle-history"><small>Pointed stones dug into Tangela!</small><br></div><div class="spacer battle-history"><br></div><div class="battle-history">The opposing Landorus used <strong>U-turn</strong>!<br></div><div class="battle-history"><small>It's super effective!</small><br></div><div class="battle-history"><small>(Tangela lost <abbr title="−35/334">10.5%</abbr> of its health!)</small><br></div><div class="spacer battle-history"><br></div><div class="battle-history">The opposing Landorus went back to RvN Baron!<br></div><div class="battle-history">RvN Baron sent out <strong>Tapu Lele</strong>!<br></div><div class="battle-history"><small>Pointed stones dug into the opposing Tapu Lele!</small><br></div><div class="battle-history"><small>[The opposing Tapu Lele's Psychic Surge]</small><br><small>The battlefield got weird!</small><br></div><div class="spacer battle-history"><br></div><h2 class="battle-history">Turn 50</h2><div class="chat chatmessage-ricky291"><strong style="color:hsl(61,54%,32%)"><small>+</small><span class="username" data-name="Ricky291">Ricky291</span>:</strong> <em>!dt tangela</em></div><div class="chat message-error">[outdated code no longer supported]</div><div class="chat"><font size="1"><font color="#585858">Dex#:</font> 114&nbsp;|  <font color="#585858">Gen:</font> 1&nbsp;|  <font color="#585858">Altura:</font> 1 m&nbsp;|  <font color="#585858">Peso:</font> 35 kg <em>(60 BP)</em>&nbsp;|  <font color="#585858">Color:</font> Blue&nbsp;|  <font color="#585858">Familia:</font> Grass&nbsp;|  <font color="#585858">Evolución:</font> Tangrowth (2)</font></div><div class="spacer battle-history"><br></div><div class="battle-history">Tangela, come back!<br></div><div class="battle-history">Go! <strong>Chansey</strong>!<br></div><div class="battle-history"><small>Pointed stones dug into Chansey!</small><br></div><div class="spacer battle-history"><br></div><div class="battle-history">The opposing Tapu Lele used <strong>Hidden Power</strong>!<br></div><div class="battle-history"><small>(Chansey lost <abbr title="−47/703">6.7%</abbr> of its health!)</small><br></div><div class="spacer battle-history"><br></div><h2 class="battle-history">Turn 51</h2><div class="chat chatmessage-ricky291"><strong style="color:hsl(61,54%,32%)"><small>+</small><span class="username" data-name="Ricky291">Ricky291</span>:</strong> <em>lol</em></div><div class="chat chatmessage-ricky291"><strong style="color:hsl(61,54%,32%)"><small>+</small><span class="username" data-name="Ricky291">Ricky291</span>:</strong> <em>!dt tangela</em></div><div class="chat message-error">[outdated code no longer supported]</div><div class="chat"><font size="1"><font color="#585858">Dex#:</font> 114&nbsp;|  <font color="#585858">Gen:</font> 1&nbsp;|  <font color="#585858">Altura:</font> 1 m&nbsp;|  <font color="#585858">Peso:</font> 35 kg <em>(60 BP)</em>&nbsp;|  <font color="#585858">Color:</font> Blue&nbsp;|  <font color="#585858">Familia:</font> Grass&nbsp;|  <font color="#585858">Evolución:</font> Tangrowth (2)</font></div><div class="spacer battle-history"><br></div><div class="battle-history">RvN Baron withdrew Tapu Lele!<br></div><div class="battle-history">RvN Baron sent out <strong>Chansey</strong>!<br></div><div class="battle-history"><small>Pointed stones dug into the opposing Chansey!</small><br></div><div class="spacer battle-history"><br></div><div class="battle-history">Chansey used <strong>Seismic Toss</strong>!<br></div><div class="battle-history"><small>(The opposing Chansey lost <abbr title="−100/703">14.2%</abbr> of its health!)</small><br></div><div class="spacer battle-history"><br></div><h2 class="battle-history">Turn 52</h2><div class="chat chatmessage-rvnbaron"><strong style="color:hsl(186,58%,37.23517055355841%)"><small>☆</small><span class="username" data-name="RvN Baron">RvN Baron</span>:</strong> <em></em></div><div class="chat chatmessage-rvnbaron"><strong style="color:hsl(186,58%,37.23517055355841%)"><small>☆</small><span class="username" data-name="RvN Baron">RvN Baron</span>:</strong> <em> yo ganare</em></div><div class="spacer battle-history"><br></div><div class="battle-history">Chansey, come back!<br></div><div class="battle-history">Go! <strong>Weavile</strong>!<br></div><div class="battle-history"><small>Pointed stones dug into Weavile!</small><br></div><div class="battle-history"><small>[Weavile's Pressure]</small><br><small>Weavile is exerting its pressure!</small><br></div><div class="spacer battle-history"><br></div><div class="battle-history">The opposing Chansey used <strong>Seismic Toss</strong>!<br></div><div class="battle-history"><small>(Weavile lost <abbr title="−100/281">35.6%</abbr> of its health!)</small><br></div><div class="spacer battle-history"><br></div><h2 class="battle-history">Turn 53</h2><div class="chat chatmessage-rvnbaron"><strong style="color:hsl(186,58%,37.23517055355841%)"><small>☆</small><span class="username" data-name="RvN Baron">RvN Baron</span>:</strong> <em>lo tengo predicho</em></div><div class="spacer battle-history"><br></div><div class="battle-history">RvN Baron withdrew Chansey!<br></div><div class="battle-history">RvN Baron sent out <strong>Tapu Lele</strong>!<br></div><div class="battle-history"><small>Pointed stones dug into the opposing Tapu Lele!</small><br></div><div class="spacer battle-history"><br></div><div class="battle-history">Weavile used <strong>Knock Off</strong>!<br></div><div class="battle-history"><small>(The opposing Tapu Lele lost <abbr title="−211/281">75.1%</abbr> of its health!)</small><br></div><div class="battle-history"><small>Weavile knocked off the opposing Tapu Lele's Choice Scarf!</small><br></div><div class="spacer battle-history"><br></div><div class="battle-history">The opposing Tapu Lele fainted!<br></div><div class="spacer battle-history"><br></div><div class="battle-history"><small>The weirdness disappeared from the battlefield!</small><br></div><div class="chat chatmessage-ricky291"><strong style="color:hsl(61,54%,32%)"><small>+</small><span class="username" data-name="Ricky291">Ricky291</span>:</strong> <em>!dt Tangrowth</em></div><div class="chat message-error">[outdated code no longer supported]</div><div class="chat"><font size="1"><font color="#585858">Dex#:</font> 465&nbsp;|  <font color="#585858">Gen:</font> 4&nbsp;|  <font color="#585858">Altura:</font> 2 m&nbsp;|  <font color="#585858">Peso:</font> 128.6 kg <em>(100 BP)</em>&nbsp;|  <font color="#585858">Color:</font> Blue&nbsp;|  <font color="#585858">Familia:</font> Grass&nbsp;|  <font color="#585858"><font color="#585858">No Evoluciona</font></font></font></div><div class="chat chatmessage-rvnbaron"><strong style="color:hsl(186,58%,37.23517055355841%)"><small>☆</small><span class="username" data-name="RvN Baron">RvN Baron</span>:</strong> <em>ostia madre</em></div><div class="chat chatmessage-grardway"><strong style="color:hsl(23,56%,44%)"><small>☆</small><span class="username" data-name="Gеrard Way">Gеrard Way</span>:</strong> <em>Rip</em></div><div class="spacer battle-history"><br></div><div class="battle-history">RvN Baron sent out Landorus (<strong>Landorus-Therian</strong>)!<br></div><div class="battle-history"><small>Pointed stones dug into the opposing Landorus!</small><br></div><div class="battle-history"><small>[The opposing Landorus's Intimidate]</small><br></div><div class="battle-history"><small>Weavile's Attack fell!</small><br></div><div class="spacer battle-history"><br></div><h2 class="battle-history">Turn 54</h2><div class="spacer battle-history"><br></div><div class="battle-history">Weavile, come back!<br></div><div class="battle-history">Go! <strong>Alomomola</strong>!<br></div><div class="battle-history"><small>Pointed stones dug into Alomomola!</small><br></div><div class="spacer battle-history"><br></div><div class="battle-history">The opposing Landorus used <strong>Earthquake</strong>!<br></div><div class="battle-history"><small>(Alomomola lost <abbr title="−66/481">13.7%</abbr> of its health!)</small><br></div><div class="spacer battle-history"><br></div><div class="battle-history"><small>The opposing Landorus restored a little HP using its Leftovers!</small><br></div><div class="battle-history"><small>The opposing Landorus was hurt by its burn!</small><br></div><div class="battle-history"><small>Alomomola was hurt by poison!</small><br></div><div class="spacer battle-history"><br></div><h2 class="battle-history">Turn 55</h2><div class="spacer battle-history"><br></div><div class="battle-history">RvN Baron withdrew Landorus!<br></div><div class="battle-history">RvN Baron sent out <strong>Chansey</strong>!<br></div><div class="battle-history"><small>Pointed stones dug into the opposing Chansey!</small><br></div><div class="spacer battle-history"><br></div><div class="battle-history">Alomomola used <strong>Wish</strong>!<br></div><div class="spacer battle-history"><br></div><div class="battle-history"><small>Alomomola was hurt by poison!</small><br></div><div class="spacer battle-history"><br></div><h2 class="battle-history">Turn 56</h2><div class="spacer battle-history"><br></div><div class="battle-history">Alomomola used <strong>Toxic</strong>!<br></div><div class="battle-history"><small>The opposing Chansey was badly poisoned!</small><br></div><div class="spacer battle-history"><br></div><div class="battle-history">The opposing Chansey used <strong>Seismic Toss</strong>!<br></div><div class="battle-history"><small>(Alomomola lost <abbr title="−100/481">20.8%</abbr> of its health!)</small><br></div><div class="spacer battle-history"><br></div><div class="battle-history"><small>Alomomola's wish came true!</small><br></div><div class="battle-history"><small>Alomomola was hurt by poison!</small><br></div><div class="battle-history"><small>The opposing Chansey was hurt by poison!</small><br></div><div class="spacer battle-history"><br></div><h2 class="battle-history">Turn 57</h2><div class="chat chatmessage-rvnbaron"><strong style="color:hsl(186,58%,37.23517055355841%)"><small>☆</small><span class="username" data-name="RvN Baron">RvN Baron</span>:</strong> <em>noo </em></div><div class="spacer battle-history"><br></div><div class="battle-history">Alomomola used <strong>Wish</strong>!<br></div><div class="spacer battle-history"><br></div><div class="battle-history">The opposing Chansey used <strong>Soft-Boiled</strong>!<br></div><div class="battle-history"><small>The opposing Chansey restored its HP.</small><br></div><div class="spacer battle-history"><br></div><div class="battle-history"><small>Alomomola was hurt by poison!</small><br></div><div class="battle-history"><small>The opposing Chansey was hurt by poison!</small><br></div><div class="spacer battle-history"><br></div><h2 class="battle-history">Turn 58</h2><div class="spacer battle-history"><br></div><div class="battle-history">Alomomola, come back!<br></div><div class="battle-history">Go! <strong>Tangela</strong>!<br></div><div class="battle-history"><small>Pointed stones dug into Tangela!</small><br></div><div class="spacer battle-history"><br></div><div class="battle-history"><small>(The opposing Chansey is cured by its Natural Cure!)</small><br></div><div class="battle-history">RvN Baron withdrew Chansey!<br></div><div class="battle-history">RvN Baron sent out <strong>Slowbro</strong>!<br></div><div class="battle-history"><small>Pointed stones dug into the opposing Slowbro!</small><br></div><div class="spacer battle-history"><br></div><div class="battle-history"><small>Alomomola's wish came true!</small><br></div><div class="battle-history"><small>The opposing Slowbro was hurt by poison!</small><br></div><div class="spacer battle-history"><br></div><h2 class="battle-history">Turn 59</h2><div class="spacer battle-history"><br></div><div class="battle-history">RvN Baron withdrew Slowbro!<br></div><div class="battle-history">RvN Baron sent out <strong>Chansey</strong>!<br></div><div class="battle-history"><small>Pointed stones dug into the opposing Chansey!</small><br></div><div class="spacer battle-history"><br></div><div class="battle-history">Tangela used <strong>Leech Seed</strong>!<br></div><div class="battle-history"><small>The opposing Chansey was seeded!</small><br></div><div class="spacer battle-history"><br></div><div class="battle-history"><small>The opposing Chansey's health is sapped by Leech Seed!</small><br></div><div class="spacer battle-history"><br></div><h2 class="battle-history">Turn 60</h2><div class="spacer battle-history"><br></div><div class="battle-history">Tangela, come back!<br></div><div class="battle-history">Go! <strong>Alomomola</strong>!<br></div><div class="battle-history"><small>Pointed stones dug into Alomomola!</small><br></div><div class="spacer battle-history"><br></div><div class="battle-history">The opposing Chansey used <strong>Soft-Boiled</strong>!<br></div><div class="battle-history"><small>The opposing Chansey restored its HP.</small><br></div><div class="spacer battle-history"><br></div><div class="battle-history"><small>The opposing Chansey's health is sapped by Leech Seed!</small><br></div><div class="battle-history"><small>Alomomola was hurt by poison!</small><br></div><div class="spacer battle-history"><br></div><h2 class="battle-history">Turn 61</h2><div class="spacer battle-history"><br></div><div class="battle-history">RvN Baron withdrew Chansey!<br></div><div class="battle-history">RvN Baron sent out <strong>Slowbro</strong>!<br></div><div class="battle-history"><small>Pointed stones dug into the opposing Slowbro!</small><br></div><div class="spacer battle-history"><br></div><div class="battle-history">Alomomola used <strong>Wish</strong>!<br></div><div class="spacer battle-history"><br></div><div class="battle-history"><small>Alomomola was hurt by poison!</small><br></div><div class="battle-history"><small>The opposing Slowbro was hurt by poison!</small><br></div><div class="spacer battle-history"><br></div><h2 class="battle-history">Turn 62</h2><div class="spacer battle-history"><br></div><div class="battle-history">Alomomola, come back!<br></div><div class="battle-history">Go! <strong>Dusclops</strong>!<br></div><div class="battle-history"><small>Pointed stones dug into Dusclops!</small><br></div><div class="battle-history"><small>[Dusclops's Pressure]</small><br><small>Dusclops is exerting its pressure!</small><br></div><div class="spacer battle-history"><br></div><div class="battle-history">The opposing Slowbro used <strong>Psyshock</strong>!<br></div><div class="battle-history"><small>(Dusclops lost <abbr title="−52/284">18.3%</abbr> of its health!)</small><br></div><div class="spacer battle-history"><br></div><div class="battle-history"><small>Alomomola's wish came true!</small><br></div><div class="battle-history"><small>The opposing Slowbro was hurt by poison!</small><br></div><div class="spacer battle-history"><br></div><h2 class="battle-history">Turn 63</h2><div class="chat chatmessage-rvnbaron"><strong style="color:hsl(186,58%,37.23517055355841%)"><small>☆</small><span class="username" data-name="RvN Baron">RvN Baron</span>:</strong> <em></em></div><div class="spacer battle-history"><br></div><div class="battle-history">RvN Baron withdrew Slowbro!<br></div><div class="battle-history">RvN Baron sent out <strong>Chansey</strong>!<br></div><div class="battle-history"><small>Pointed stones dug into the opposing Chansey!</small><br></div><div class="spacer battle-history"><br></div><div class="battle-history">Dusclops, come back!<br></div><div class="battle-history">Go! <strong>Alomomola</strong>!<br></div><div class="battle-history"><small>Pointed stones dug into Alomomola!</small><br></div><div class="spacer battle-history"><br></div><div class="battle-history"><small>Alomomola was hurt by poison!</small><br></div><div class="spacer battle-history"><br></div><h2 class="battle-history">Turn 64</h2><div class="chat chatmessage-rvnbaron"><strong style="color:hsl(186,58%,37.23517055355841%)"><small>☆</small><span class="username" data-name="RvN Baron">RvN Baron</span>:</strong> <em> no me rendire hasta q te salgas e,e</em></div><div class="spacer battle-history"><br></div><div class="battle-history">Alomomola used <strong>Toxic</strong>!<br></div><div class="battle-history"><small>The opposing Chansey was badly poisoned!</small><br></div><div class="spacer battle-history"><br></div><div class="battle-history">The opposing Chansey used <strong>Seismic Toss</strong>!<br></div><div class="battle-history"><small>(Alomomola lost <abbr title="−100/481">20.8%</abbr> of its health!)</small><br></div><div class="spacer battle-history"><br></div><div class="battle-history"><small>Alomomola was hurt by poison!</small><br></div><div class="battle-history"><small>The opposing Chansey was hurt by poison!</small><br></div><div class="spacer battle-history"><br></div><h2 class="battle-history">Turn 65</h2><div class="spacer battle-history"><br></div><div class="battle-history">Alomomola used <strong>Wish</strong>!<br></div><div class="spacer battle-history"><br></div><div class="battle-history">The opposing Chansey used <strong>Seismic Toss</strong>!<br></div><div class="battle-history"><small>(Alomomola lost <abbr title="−100/481">20.8%</abbr> of its health!)</small><br></div><div class="spacer battle-history"><br></div><div class="battle-history"><small>Alomomola was hurt by poison!</small><br></div><div class="battle-history"><small>The opposing Chansey was hurt by poison!</small><br></div><div class="spacer battle-history"><br></div><h2 class="battle-history">Turn 66</h2><div class="chat chatmessage-rvnbaron"><strong style="color:hsl(186,58%,37.23517055355841%)"><small>☆</small><span class="username" data-name="RvN Baron">RvN Baron</span>:</strong> <em>ksi :slowbro</em></div><div class="spacer battle-history"><br></div><div class="battle-history">Alomomola, come back!<br></div><div class="battle-history">Go! <strong>Weavile</strong>!<br></div><div class="battle-history"><small>Pointed stones dug into Weavile!</small><br></div><div class="battle-history"><small>[Weavile's Pressure]</small><br><small>Weavile is exerting its pressure!</small><br></div><div class="spacer battle-history"><br></div><div class="battle-history">The opposing Chansey used <strong>Soft-Boiled</strong>!<br></div><div class="battle-history"><small>The opposing Chansey restored its HP.</small><br></div><div class="spacer battle-history"><br></div><div class="battle-history"><small>Alomomola's wish came true!</small><br></div><div class="battle-history"><small>The opposing Chansey was hurt by poison!</small><br></div><div class="spacer battle-history"><br></div><h2 class="battle-history">Turn 67</h2><div class="chat chatmessage-rvnbaron"><strong style="color:hsl(186,58%,37.23517055355841%)"><small>☆</small><span class="username" data-name="RvN Baron">RvN Baron</span>:</strong> <em>noooooooooooooooooooooooooooooooooooooooooooooo</em></div><div class="chat chatmessage-grardway"><strong style="color:hsl(23,56%,44%)"><small>☆</small><span class="username" data-name="Gеrard Way">Gеrard Way</span>:</strong> <em>gg</em></div><div class="chat chatmessage-rvnbaron"><strong style="color:hsl(186,58%,37.23517055355841%)"><small>☆</small><span class="username" data-name="RvN Baron">RvN Baron</span>:</strong> <em>noooooooooooooooooooooooooooooooooooooooooooooooooooooooooooooooo</em></div><div class="spacer battle-history"><br></div><div class="battle-history"><small>RvN Baron se rindió.</small><br></div><div class="spacer battle-history"><br></div><div class="battle-history"><strong>Gеrard Way</strong> won the battle!<br></div></div><div class="inner-preempt"></div></div></div>
</div>
<script>
let daily = Math.floor(Date.now()/1000/60/60/24);document.write('<script src="https://play.pokemonshowdown.com/js/replay-embed.js?version'+daily+'"></'+'script>');
</script>
