<!DOCTYPE html>
<meta charset="utf-8" />
<!-- version 1 -->
<title>OU replay: Rockanrolero vs. Lion-kun</title>
<style>
html,body {font-family:Verdana, sans-serif;font-size:10pt;margin:0;padding:0;}body{padding:12px 0;} .battle-log {font-family:Verdana, sans-serif;font-size:10pt;} .battle-log-inline {border:1px solid #AAAAAA;background:#EEF2F5;color:black;max-width:640px;margin:0 auto 80px;padding-bottom:5px;} .battle-log .inner {padding:4px 8px 0px 8px;} .battle-log .inner-preempt {padding:0 8px 4px 8px;} .battle-log .inner-after {margin-top:0.5em;} .battle-log h2 {margin:0.5em -8px;padding:4px 8px;border:1px solid #AAAAAA;background:#E0E7EA;border-left:0;border-right:0;font-family:Verdana, sans-serif;font-size:13pt;} .battle-log .chat {vertical-align:middle;padding:3px 0 3px 0;font-size:8pt;} .battle-log .chat strong {color:#40576A;} .battle-log .chat em {padding:1px 4px 1px 3px;color:#000000;font-style:normal;} .chat.mine {background:rgba(0,0,0,0.05);margin-left:-8px;margin-right:-8px;padding-left:8px;padding-right:8px;} .spoiler {color:#BBBBBB;background:#BBBBBB;padding:0px 3px;} .spoiler:hover, .spoiler:active, .spoiler-shown {color:#000000;background:#E2E2E2;padding:0px 3px;} .spoiler a {color:#BBBBBB;} .spoiler:hover a, .spoiler:active a, .spoiler-shown a {color:#2288CC;} .chat code, .chat .spoiler:hover code, .chat .spoiler:active code, .chat .spoiler-shown code {border:1px solid #C0C0C0;background:#EEEEEE;color:black;padding:0 2px;} .chat .spoiler code {border:1px solid #CCCCCC;background:#CCCCCC;color:#CCCCCC;} .battle-log .rated {padding:3px 4px;} .battle-log .rated strong {color:white;background:#89A;padding:1px 4px;border-radius:4px;} .spacer {margin-top:0.5em;} .message-announce {background:#6688AA;color:white;padding:1px 4px 2px;} .message-announce a, .broadcast-green a, .broadcast-blue a, .broadcast-red a {color:#DDEEFF;} .broadcast-green {background-color:#559955;color:white;padding:2px 4px;} .broadcast-blue {background-color:#6688AA;color:white;padding:2px 4px;} .infobox {border:1px solid #6688AA;padding:2px 4px;} .infobox-limited {max-height:200px;overflow:auto;overflow-x:hidden;} .broadcast-red {background-color:#AA5544;color:white;padding:2px 4px;} .message-learn-canlearn {font-weight:bold;color:#228822;text-decoration:underline;} .message-learn-cannotlearn {font-weight:bold;color:#CC2222;text-decoration:underline;} .message-effect-weak {font-weight:bold;color:#CC2222;} .message-effect-resist {font-weight:bold;color:#6688AA;} .message-effect-immune {font-weight:bold;color:#666666;} .message-learn-list {margin-top:0;margin-bottom:0;} .message-throttle-notice, .message-error {color:#992222;} .message-overflow, .chat small.message-overflow {font-size:0pt;} .message-overflow::before {font-size:9pt;content:'...';} .subtle {color:#3A4A66;}
</style>
<div class="wrapper replay-wrapper" style="max-width:1180px;margin:0 auto">
<input type="hidden" name="replayid" value="destiny-ou-524958" />
<div class="battle"></div><div class="battle-log"></div><div class="replay-controls"></div><div class="replay-controls-2"></div>
<h1 style="font-weight:normal;text-align:center"><strong>OU</strong><br /><a href="http://pokemonshowdown.com/users/rockanrolero" class="subtle" target="_blank">Rockanrolero</a> vs. <a href="http://pokemonshowdown.com/users/lionkun" class="subtle" target="_blank">Lion-kun</a></h1>
<script type="text/plain" class="battle-log-data">|unlink|||tour
|player|p1|Rockanrolero|274
|teamsize|p1|6
|player|p2|Lion-kun|lionkun.gif?2f2e483f
|teamsize|p2|6
|teamsize|p1|6
|teamsize|p2|6
|gametype|singles
|gen|7
|tier|OU
|seed|52453,18114,62772,45648
|rule|Cláusula-Mod de Dormir: solo puedes dormir a uno de tus oponentes a la vez.
|rule|Cláusula de Especie: Hasta un Pokémon de cada especie
|rule|Cláusula de Golpe Fulminante: los movimientos fulminantes (OHKO) estan prohibidos
|rule|Cláusula de Veleta: la habilidad Veleta está prohibida
|rule|Cláusula de Movimientos Evasivos: los movimientos de Evasión están prohibidos.
|rule|Cláusula de Batallas Eternas: forzar batallas eternas está prohibido
|clearpoke
|poke|p1|Alakazam, M|item
|poke|p1|Volcarona, M, shiny|item
|poke|p1|Toxapex, F|item
|poke|p1|Garchomp, M, shiny|item
|poke|p1|Kartana|item
|poke|p1|Skarmory, M|item
|poke|p2|Snorlax, M|item
|poke|p2|Volcarona, F|item
|poke|p2|Garchomp, F|item
|poke|p2|Greninja, M|
|poke|p2|Kartana|item
|poke|p2|Rotom-Wash|item
|teampreview|undefined
|inactive|Reloj de batalla ENCENDIDO. El jugador inactivo será descalificado (solicitado por Rockanrolero).
|inactive|Rockanrolero tiene 285 segundos restantes.
|inactive|Lion-kun tiene 285 segundos restantes.
|choice|*|*team 213456
|inactive|Rockanrolero tiene 285 segundos restantes.
|choice|*team 623451|*
|choice|*|*team 213456
|choice|team 6, 2, 3, 4, 5, 1|team 2, 1, 3, 4, 5, 6
|
|start
|switch|p1a: Skarmory|Skarmory, M|272\/272
|switch|p2a: Volcarona|Volcarona, F|311\/311
|turn|1
|choice|*|*move 1
|choice|*move 4|*
|choice|move stealthrock|move quiverdance
|
|move|p2a: Volcarona|Quiver Dance|p2a: Volcarona
|-boost|p2a: Volcarona|spa|1
|-boost|p2a: Volcarona|spd|1
|-boost|p2a: Volcarona|spe|1
|move|p1a: Skarmory|Stealth Rock|p2a: Volcarona
|-sidestart|p2: Lion-kun|move: Stealth Rock
|
|upkeep
|turn|2
|choice|*|*move 2
|choice|*move 3|*
|choice|move roost|move fierydance
|
|move|p2a: Volcarona|Fiery Dance|p1a: Skarmory
|-supereffective|p1a: Skarmory
|-ability|p1a: Skarmory|Sturdy
|-damage|p1a: Skarmory|1\/272
|move|p1a: Skarmory|Roost|p1a: Skarmory
|-heal|p1a: Skarmory|137\/272
|
|-heal|p1a: Skarmory|154\/272|[from] item: Leftovers
|upkeep
|turn|3
|choice|*|*move 1
|choice|*switch 4|*
|choice|switch 4|move quiverdance
|
|switch|p1a: Garchomp|Garchomp, M, shiny|357\/357
|move|p2a: Volcarona|Quiver Dance|p2a: Volcarona
|-boost|p2a: Volcarona|spa|1
|-boost|p2a: Volcarona|spd|1
|-boost|p2a: Volcarona|spe|1
|
|upkeep
|turn|4
|choice|*|*move 4
|choice|*move 1|*
|choice|move earthquake|move bugbuzz
|
|move|p2a: Volcarona|Bug Buzz|p1a: Garchomp
|-damage|p1a: Garchomp|0 fnt
|faint|p1a: Garchomp
|
|upkeep
|choice|*switch 3|*
|choice|switch 3|
|
|switch|p1a: Toxapex|Toxapex, F|304\/304
|turn|5
|choice|*|*move 4
|choice|*move 1 zmove|*
|choice|move toxicspikes zmove|move bugbuzz
|
|move|p2a: Volcarona|Bug Buzz|p1a: Toxapex
|-resisted|p1a: Toxapex
|-damage|p1a: Toxapex|167\/304
|-zpower|p1a: Toxapex
|move|p1a: Toxapex|Z-Toxic Spikes|p2a: Volcarona|[anim]Toxic Spikes
|-boost|p1a: Toxapex|def|1|[zeffect]
|-sidestart|p2: Lion-kun|move: Toxic Spikes
|
|upkeep
|turn|6
|choice|*|*move 3
|choice|*move 2|*
|choice|move recover|move gigadrain
|
|move|p2a: Volcarona|Giga Drain|p1a: Toxapex
|-damage|p1a: Toxapex|35\/304
|move|p1a: Toxapex|Recover|p1a: Toxapex
|-heal|p1a: Toxapex|187\/304
|
|upkeep
|turn|7
|choice|*|*move 1
|choice|*move 3|*
|choice|move scald|move quiverdance
|
|move|p2a: Volcarona|Quiver Dance|p2a: Volcarona
|-boost|p2a: Volcarona|spa|1
|-boost|p2a: Volcarona|spd|1
|-boost|p2a: Volcarona|spe|1
|move|p1a: Toxapex|Scald|p2a: Volcarona
|-supereffective|p2a: Volcarona
|-crit|p2a: Volcarona
|-damage|p2a: Volcarona|149\/311
|
|-heal|p2a: Volcarona|168\/311|[from] item: Leftovers
|upkeep
|turn|8
|choice|*|*move 3
|choice|*move 4|*
|choice|move knockoff|move gigadrain
|
|move|p2a: Volcarona|Giga Drain|p1a: Toxapex
|-damage|p1a: Toxapex|11\/304
|-heal|p2a: Volcarona|256\/311|[from] drain|[of] p1a: Toxapex
|move|p1a: Toxapex|Knock Off|p2a: Volcarona
|-damage|p2a: Volcarona|155\/311
|-enditem|p2a: Volcarona|Leftovers|[from] move: Knock Off|[of] p1a: Toxapex
|
|upkeep
|turn|9
|choice|*|*move 3
|inactive|Rockanrolero tiene 285 segundos restantes.
|c|☆Rockanrolero|se viene el sweep de vozcabrona
|choice|*move 2|*
|choice|move recover|move gigadrain
|
|move|p2a: Volcarona|Giga Drain|p1a: Toxapex
|-damage|p1a: Toxapex|0 fnt
|-heal|p2a: Volcarona|161\/311|[from] drain|[of] p1a: Toxapex
|faint|p1a: Toxapex
|
|upkeep
|choice|*switch 2|*
|choice|switch 2|
|
|switch|p1a: Volcarona|Volcarona, M, shiny|311\/311
|turn|10
|choice|*|*move 2
|choice|*move 1|*
|choice|move quiverdance|move fierydance
|
|move|p2a: Volcarona|Fiery Dance|p1a: Volcarona
|-damage|p1a: Volcarona|0 fnt
|-boost|p2a: Volcarona|spa|1
|faint|p1a: Volcarona
|
|upkeep
|choice|*switch 5|*
|choice|switch 5|
|
|switch|p1a: Kartana|Kartana|259\/259
|turn|11
|choice|*move 3|*
|choice|*|*move 2
|choice|move brickbreak|move fierydance
|
|move|p2a: Volcarona|Fiery Dance|p1a: Kartana
|-supereffective|p1a: Kartana
|-enditem|p1a: Kartana|Focus Sash
|-damage|p1a: Kartana|1\/259
|-boost|p2a: Volcarona|spa|1
|move|p1a: Kartana|Brick Break|p2a: Volcarona
|-resisted|p2a: Volcarona
|-damage|p2a: Volcarona|74\/311
|
|upkeep
|turn|12
|choice|*|*move 2
|choice|*move 4|*
|choice|move psychocut|move fierydance
|
|move|p2a: Volcarona|Fiery Dance|p1a: Kartana
|-supereffective|p1a: Kartana
|-damage|p1a: Kartana|0 fnt
|-boost|p2a: Volcarona|spa|1
|faint|p1a: Kartana
|
|upkeep
|choice|*switch 4|*
|choice|switch 4|
|
|switch|p1a: Skarmory|Skarmory, M|154\/272
|turn|13
|choice|*move 1|*
|choice|*|*move 2
|choice|move bravebird|move fierydance
|
|move|p2a: Volcarona|Fiery Dance|p1a: Skarmory
|-supereffective|p1a: Skarmory
|-crit|p1a: Skarmory
|-damage|p1a: Skarmory|0 fnt
|faint|p1a: Skarmory
|
|upkeep
|choice|*switch 6|*
|choice|switch 6|
|
|switch|p1a: Alakazam|Alakazam, M|251\/251
|turn|14
|choice|*|*move 4
|choice|*move 3 mega|*
|choice|move psychic mega|move bugbuzz
|
|-mega|p1a: Alakazam|Alakazam|Alakazite
|detailschange|p1a: Alakazam|Alakazam-Mega, M
|-ability|p1a: Alakazam|Swarm|[from] ability: Trace|[of] p2a: Volcarona
|move|p2a: Volcarona|Bug Buzz|p1a: Alakazam
|-supereffective|p1a: Alakazam
|-damage|p1a: Alakazam|0 fnt
|faint|p1a: Alakazam
|
|win|Lion-kun
</script>
</div>
<div class="battle-log battle-log-inline"><div class="inner"><div class="battle-options"></div><div class="inner"><div class=""><small>Format:</small> <br><strong>OU</strong></div><div class=""><small><em>Cláusula-Mod de Dormir:</em> solo puedes dormir a uno de tus oponentes a la vez.</small></div><div class=""><small><em>Cláusula de Especie:</em> Hasta un Pokémon de cada especie</small></div><div class=""><small><em>Cláusula de Golpe Fulminante:</em> los movimientos fulminantes (OHKO) estan prohibidos</small></div><div class=""><small><em>Cláusula de Veleta:</em> la habilidad Veleta está prohibida</small></div><div class=""><small><em>Cláusula de Movimientos Evasivos:</em> los movimientos de Evasión están prohibidos.</small></div><div class=""><small><em>Cláusula de Batallas Eternas:</em> forzar batallas eternas está prohibido</small></div><div class="chat battle-history"><strong>Rockanrolero's team:</strong> <em style="color:#445566;display:block;">Alakazam / Volcarona / Toxapex / Garchomp / Kartana / Skarmory</em></div><div class="chat battle-history"><strong>Lion-kun's team:</strong> <em style="color:#445566;display:block;">Snorlax / Volcarona / Garchomp / Greninja / Kartana / Rotom-Wash</em></div><div class="chat message-error">Reloj de batalla ENCENDIDO. El jugador inactivo será descalificado (solicitado por Rockanrolero).</div><div class="chat message-error">Rockanrolero tiene 285 segundos restantes.</div><div class="chat message-error">Lion-kun tiene 285 segundos restantes.</div><div class="chat message-error">Rockanrolero tiene 285 segundos restantes.</div><div class="spacer battle-history"><br></div><div class="battle-history">Battle started between Rockanrolero and Lion-kun!<br></div><div class="spacer battle-history"><br></div><div class="battle-history">Go! <strong>Skarmory</strong>!<br></div><div class="spacer battle-history"><br></div><div class="battle-history">Lion-kun sent out <strong>Volcarona</strong>!<br></div><div class="spacer battle-history"><br></div><h2 class="battle-history">Turn 1</h2><div class="spacer battle-history"><br></div><div class="battle-history">The opposing Volcarona used <strong>Quiver Dance</strong>!<br></div><div class="battle-history"><small>The opposing Volcarona's Special Attack rose!</small><br></div><div class="battle-history"><small>The opposing Volcarona's Special Defense rose!</small><br></div><div class="battle-history"><small>The opposing Volcarona's Speed rose!</small><br></div><div class="spacer battle-history"><br></div><div class="battle-history">Skarmory used <strong>Stealth Rock</strong>!<br></div><div class="battle-history"><small>Pointed stones float in the air around the opposing team!</small><br></div><div class="spacer battle-history"><br></div><h2 class="battle-history">Turn 2</h2><div class="spacer battle-history"><br></div><div class="battle-history">The opposing Volcarona used <strong>Fiery Dance</strong>!<br></div><div class="battle-history"><small>It's super effective!</small><br></div><div class="battle-history"><small>[Skarmory's Sturdy]</small><br><small>Skarmory endured the hit!</small><br></div><div class="battle-history"><small>(Skarmory lost <abbr title="−271/272">99.6%</abbr> of its health!)</small><br></div><div class="spacer battle-history"><br></div><div class="battle-history">Skarmory used <strong>Roost</strong>!<br></div><div class="battle-history"><small>Skarmory restored its HP.</small><br></div><div class="spacer battle-history"><br></div><div class="battle-history"><small>Skarmory restored a little HP using its Leftovers!</small><br></div><div class="spacer battle-history"><br></div><h2 class="battle-history">Turn 3</h2><div class="spacer battle-history"><br></div><div class="battle-history">Skarmory, come back!<br></div><div class="battle-history">Go! <strong>Garchomp</strong>!<br></div><div class="spacer battle-history"><br></div><div class="battle-history">The opposing Volcarona used <strong>Quiver Dance</strong>!<br></div><div class="battle-history"><small>The opposing Volcarona's Special Attack rose!</small><br></div><div class="battle-history"><small>The opposing Volcarona's Special Defense rose!</small><br></div><div class="battle-history"><small>The opposing Volcarona's Speed rose!</small><br></div><div class="spacer battle-history"><br></div><h2 class="battle-history">Turn 4</h2><div class="spacer battle-history"><br></div><div class="battle-history">The opposing Volcarona used <strong>Bug Buzz</strong>!<br></div><div class="battle-history"><small>(Garchomp lost <abbr title="−357/357">100%</abbr> of its health!)</small><br></div><div class="spacer battle-history"><br></div><div class="battle-history">Garchomp fainted!<br></div><div class="spacer battle-history"><br></div><div class="battle-history">Go! <strong>Toxapex</strong>!<br></div><div class="spacer battle-history"><br></div><h2 class="battle-history">Turn 5</h2><div class="spacer battle-history"><br></div><div class="battle-history">The opposing Volcarona used <strong>Bug Buzz</strong>!<br></div><div class="battle-history"><small>It's not very effective...</small><br></div><div class="battle-history"><small>(Toxapex lost <abbr title="−137/304">45.1%</abbr> of its health!)</small><br></div><div class="battle-history"><small>Toxapex surrounded itself with its Z-Power!</small><br></div><div class="spacer battle-history"><br></div><div class="battle-history">Toxapex used <strong>Z-Toxic Spikes</strong>!<br></div><div class="battle-history"><small>Toxapex boosted its Defense using its Z-Power!</small><br></div><div class="battle-history"><small>Poison spikes were scattered on the ground all around the opposing team!</small><br></div><div class="spacer battle-history"><br></div><h2 class="battle-history">Turn 6</h2><div class="spacer battle-history"><br></div><div class="battle-history">The opposing Volcarona used <strong>Giga Drain</strong>!<br></div><div class="battle-history"><small>(Toxapex lost <abbr title="−132/304">43.4%</abbr> of its health!)</small><br></div><div class="spacer battle-history"><br></div><div class="battle-history">Toxapex used <strong>Recover</strong>!<br></div><div class="battle-history"><small>Toxapex restored its HP.</small><br></div><div class="spacer battle-history"><br></div><h2 class="battle-history">Turn 7</h2><div class="spacer battle-history"><br></div><div class="battle-history">The opposing Volcarona used <strong>Quiver Dance</strong>!<br></div><div class="battle-history"><small>The opposing Volcarona's Special Attack rose!</small><br></div><div class="battle-history"><small>The opposing Volcarona's Special Defense rose!</small><br></div><div class="battle-history"><small>The opposing Volcarona's Speed rose!</small><br></div><div class="spacer battle-history"><br></div><div class="battle-history">Toxapex used <strong>Scald</strong>!<br></div><div class="battle-history"><small>It's super effective!</small><br></div><div class="battle-history"><small>A critical hit!</small><br></div><div class="battle-history"><small>(The opposing Volcarona lost <abbr title="−162/311">52.1%</abbr> of its health!)</small><br></div><div class="spacer battle-history"><br></div><div class="battle-history"><small>The opposing Volcarona restored a little HP using its Leftovers!</small><br></div><div class="spacer battle-history"><br></div><h2 class="battle-history">Turn 8</h2><div class="spacer battle-history"><br></div><div class="battle-history">The opposing Volcarona used <strong>Giga Drain</strong>!<br></div><div class="battle-history"><small>(Toxapex lost <abbr title="−176/304">57.9%</abbr> of its health!)</small><br></div><div class="battle-history"><small>Toxapex had its energy drained!</small><br></div><div class="spacer battle-history"><br></div><div class="battle-history">Toxapex used <strong>Knock Off</strong>!<br></div><div class="battle-history"><small>(The opposing Volcarona lost <abbr title="−101/311">32.5%</abbr> of its health!)</small><br></div><div class="battle-history"><small>Toxapex knocked off the opposing Volcarona's Leftovers!</small><br></div><div class="spacer battle-history"><br></div><h2 class="battle-history">Turn 9</h2><div class="chat message-error">Rockanrolero tiene 285 segundos restantes.</div><div class="chat chatmessage-rockanrolero"><strong style="color:hsl(140,69%,35%)"><small>☆</small><span class="username" data-name="Rockanrolero">Rockanrolero</span>:</strong> <em>se viene el sweep de vozcabrona</em></div><div class="spacer battle-history"><br></div><div class="battle-history">The opposing Volcarona used <strong>Giga Drain</strong>!<br></div><div class="battle-history"><small>(Toxapex lost <abbr title="−11/304">3.6%</abbr> of its health!)</small><br></div><div class="battle-history"><small>Toxapex had its energy drained!</small><br></div><div class="spacer battle-history"><br></div><div class="battle-history">Toxapex fainted!<br></div><div class="spacer battle-history"><br></div><div class="battle-history">Go! <strong>Volcarona</strong>!<br></div><div class="spacer battle-history"><br></div><h2 class="battle-history">Turn 10</h2><div class="spacer battle-history"><br></div><div class="battle-history">The opposing Volcarona used <strong>Fiery Dance</strong>!<br></div><div class="battle-history"><small>(Volcarona lost <abbr title="−311/311">100%</abbr> of its health!)</small><br></div><div class="battle-history"><small>The opposing Volcarona's Special Attack rose!</small><br></div><div class="spacer battle-history"><br></div><div class="battle-history">Volcarona fainted!<br></div><div class="spacer battle-history"><br></div><div class="battle-history">Go! <strong>Kartana</strong>!<br></div><div class="spacer battle-history"><br></div><h2 class="battle-history">Turn 11</h2><div class="spacer battle-history"><br></div><div class="battle-history">The opposing Volcarona used <strong>Fiery Dance</strong>!<br></div><div class="battle-history"><small>It's super effective!</small><br></div><div class="battle-history"><small>Kartana hung on using its Focus Sash!</small><br></div><div class="battle-history"><small>(Kartana lost <abbr title="−258/259">99.6%</abbr> of its health!)</small><br></div><div class="battle-history"><small>The opposing Volcarona's Special Attack rose!</small><br></div><div class="spacer battle-history"><br></div><div class="battle-history">Kartana used <strong>Brick Break</strong>!<br></div><div class="battle-history"><small>It's not very effective...</small><br></div><div class="battle-history"><small>(The opposing Volcarona lost <abbr title="−87/311">28.0%</abbr> of its health!)</small><br></div><div class="spacer battle-history"><br></div><h2 class="battle-history">Turn 12</h2><div class="spacer battle-history"><br></div><div class="battle-history">The opposing Volcarona used <strong>Fiery Dance</strong>!<br></div><div class="battle-history"><small>It's super effective!</small><br></div><div class="battle-history"><small>(Kartana lost <abbr title="−1/259">0.4%</abbr> of its health!)</small><br></div><div class="battle-history"><small>The opposing Volcarona's Special Attack rose!</small><br></div><div class="spacer battle-history"><br></div><div class="battle-history">Kartana fainted!<br></div><div class="spacer battle-history"><br></div><div class="battle-history">Go! <strong>Skarmory</strong>!<br></div><div class="spacer battle-history"><br></div><h2 class="battle-history">Turn 13</h2><div class="spacer battle-history"><br></div><div class="battle-history">The opposing Volcarona used <strong>Fiery Dance</strong>!<br></div><div class="battle-history"><small>It's super effective!</small><br></div><div class="battle-history"><small>A critical hit!</small><br></div><div class="battle-history"><small>(Skarmory lost <abbr title="−154/272">56.6%</abbr> of its health!)</small><br></div><div class="spacer battle-history"><br></div><div class="battle-history">Skarmory fainted!<br></div><div class="spacer battle-history"><br></div><div class="battle-history">Go! <strong>Alakazam</strong>!<br></div><div class="spacer battle-history"><br></div><h2 class="battle-history">Turn 14</h2><div class="spacer battle-history"><br></div><div class="battle-history"><small>Alakazam's Alakazite is reacting to the Key Stone!</small><br>Alakazam has Mega Evolved into Mega Alakazam!<br></div><div class="battle-history"><small>[Alakazam's Trace]</small><br><small>[Alakazam's Swarm]</small><br><small>Alakazam traced the opposing Volcarona's Swarm!</small><br></div><div class="spacer battle-history"><br></div><div class="battle-history">The opposing Volcarona used <strong>Bug Buzz</strong>!<br></div><div class="battle-history"><small>It's super effective!</small><br></div><div class="battle-history"><small>(Alakazam lost <abbr title="−251/251">100%</abbr> of its health!)</small><br></div><div class="spacer battle-history"><br></div><div class="battle-history">Alakazam fainted!<br></div><div class="spacer battle-history"><br></div><div class="battle-history"><strong>Lion-kun</strong> won the battle!<br></div></div><div class="inner-preempt"></div></div></div>
</div>
<script>
let daily = Math.floor(Date.now()/1000/60/60/24);document.write('<script src="https://play.pokemonshowdown.com/js/replay-embed.js?version'+daily+'"></'+'script>');
</script>
