<!DOCTYPE html>
<meta charset="utf-8" />
<!-- version 1 -->
<title>OU replay: DraconSer vs. Araquanid15</title>
<style>
html,body {font-family:Verdana, sans-serif;font-size:10pt;margin:0;padding:0;}body{padding:12px 0;} .battle-log {font-family:Verdana, sans-serif;font-size:10pt;} .battle-log-inline {border:1px solid #AAAAAA;background:#EEF2F5;color:black;max-width:640px;margin:0 auto 80px;padding-bottom:5px;} .battle-log .inner {padding:4px 8px 0px 8px;} .battle-log .inner-preempt {padding:0 8px 4px 8px;} .battle-log .inner-after {margin-top:0.5em;} .battle-log h2 {margin:0.5em -8px;padding:4px 8px;border:1px solid #AAAAAA;background:#E0E7EA;border-left:0;border-right:0;font-family:Verdana, sans-serif;font-size:13pt;} .battle-log .chat {vertical-align:middle;padding:3px 0 3px 0;font-size:8pt;} .battle-log .chat strong {color:#40576A;} .battle-log .chat em {padding:1px 4px 1px 3px;color:#000000;font-style:normal;} .chat.mine {background:rgba(0,0,0,0.05);margin-left:-8px;margin-right:-8px;padding-left:8px;padding-right:8px;} .spoiler {color:#BBBBBB;background:#BBBBBB;padding:0px 3px;} .spoiler:hover, .spoiler:active, .spoiler-shown {color:#000000;background:#E2E2E2;padding:0px 3px;} .spoiler a {color:#BBBBBB;} .spoiler:hover a, .spoiler:active a, .spoiler-shown a {color:#2288CC;} .chat code, .chat .spoiler:hover code, .chat .spoiler:active code, .chat .spoiler-shown code {border:1px solid #C0C0C0;background:#EEEEEE;color:black;padding:0 2px;} .chat .spoiler code {border:1px solid #CCCCCC;background:#CCCCCC;color:#CCCCCC;} .battle-log .rated {padding:3px 4px;} .battle-log .rated strong {color:white;background:#89A;padding:1px 4px;border-radius:4px;} .spacer {margin-top:0.5em;} .message-announce {background:#6688AA;color:white;padding:1px 4px 2px;} .message-announce a, .broadcast-green a, .broadcast-blue a, .broadcast-red a {color:#DDEEFF;} .broadcast-green {background-color:#559955;color:white;padding:2px 4px;} .broadcast-blue {background-color:#6688AA;color:white;padding:2px 4px;} .infobox {border:1px solid #6688AA;padding:2px 4px;} .infobox-limited {max-height:200px;overflow:auto;overflow-x:hidden;} .broadcast-red {background-color:#AA5544;color:white;padding:2px 4px;} .message-learn-canlearn {font-weight:bold;color:#228822;text-decoration:underline;} .message-learn-cannotlearn {font-weight:bold;color:#CC2222;text-decoration:underline;} .message-effect-weak {font-weight:bold;color:#CC2222;} .message-effect-resist {font-weight:bold;color:#6688AA;} .message-effect-immune {font-weight:bold;color:#666666;} .message-learn-list {margin-top:0;margin-bottom:0;} .message-throttle-notice, .message-error {color:#992222;} .message-overflow, .chat small.message-overflow {font-size:0pt;} .message-overflow::before {font-size:9pt;content:'...';} .subtle {color:#3A4A66;}
</style>
<div class="wrapper replay-wrapper" style="max-width:1180px;margin:0 auto">
<input type="hidden" name="replayid" value="destiny-ou-514501" />
<div class="battle"></div><div class="battle-log"></div><div class="replay-controls"></div><div class="replay-controls-2"></div>
<h1 style="font-weight:normal;text-align:center"><strong>OU</strong><br /><a href="http://pokemonshowdown.com/users/draconser" class="subtle" target="_blank">DraconSer</a> vs. <a href="http://pokemonshowdown.com/users/araquanid15" class="subtle" target="_blank">Araquanid15</a></h1>
<script type="text/plain" class="battle-log-data">|player|p1|DraconSer|1084
|teamsize|p1|6
|player|p2|Araquanid15|9
|teamsize|p2|6
|teamsize|p1|6
|teamsize|p2|6
|gametype|singles
|gen|7
|tier|OU
|seed|38484,39302,65500,23720
|rule|Cláusula-Mod de Dormir: solo puedes dormir a uno de tus oponentes a la vez.
|rule|Cláusula de Especie: Hasta un Pokémon de cada especie
|rule|Cláusula de Golpe Fulminante: los movimientos fulminantes (OHKO) estan prohibidos
|rule|Cláusula de Veleta: la habilidad Veleta está prohibida
|rule|Cláusula de Movimientos Evasivos: los movimientos de Evasión están prohibidos.
|rule|Cláusula de Batallas Eternas: forzar batallas eternas está prohibido
|clearpoke
|poke|p1|Barbaracle, M|
|poke|p1|Raichu-Alola, M|item
|poke|p1|Omastar, M|item
|poke|p1|Charizard, M|item
|poke|p1|Infernape, F|item
|poke|p1|Lycanroc-Dusk, M|item
|poke|p2|Aromatisse, F|item
|poke|p2|Raichu-Alola, M|item
|poke|p2|Amoonguss, M|item
|poke|p2|Noivern, F|item
|poke|p2|Ambipom, F|item
|poke|p2|Sharpedo, M|item
|teampreview|undefined
|choice|*|*team 523416
|choice|*team 213456|*
|choice|team 2, 1, 3, 4, 5, 6|team 5, 2, 3, 4, 1, 6
|
|start
|switch|p1a: Raichu|Raichu-Alola, M|261\/261
|switch|p2a: Ambipom|Ambipom, F|292\/292
|-item|p1a: Raichu|Air Balloon
|turn|1
|choice|*move 1|*
|choice|*|*move 4
|choice|move discharge|move knockoff
|
|move|p1a: Raichu|Discharge|p2a: Ambipom
|-damage|p2a: Ambipom|142\/292
|move|p2a: Ambipom|Knock Off|p1a: Raichu
|-supereffective|p1a: Raichu
|-damage|p1a: Raichu|0 fnt
|-enditem|p1a: Raichu|Air Balloon
|faint|p1a: Raichu
|
|upkeep
|choice|*switch 3|*
|choice|switch 3|
|
|switch|p1a: Omastar|Omastar, M|281\/281
|turn|2
|choice|*move 4|*
|choice|*|*move 4
|choice|move hydropump|move knockoff
|
|move|p2a: Ambipom|Knock Off|p1a: Omastar
|-damage|p1a: Omastar|201\/281
|-ability|p1a: Omastar|Weak Armor|boost
|-unboost|p1a: Omastar|def|1
|-boost|p1a: Omastar|spe|2
|-enditem|p1a: Omastar|Leftovers|[from] move: Knock Off|[of] p2a: Ambipom
|move|p1a: Omastar|Hydro Pump|p2a: Ambipom|[miss]
|-miss|p1a: Omastar|p2a: Ambipom
|
|upkeep
|turn|3
|choice|*move 4|*
|choice|*|*switch 3
|choice|move hydropump|switch 3
|
|switch|p2a: Amoonguss|Amoonguss, M|370\/370
|move|p1a: Omastar|Hydro Pump|p2a: Amoonguss
|-resisted|p2a: Amoonguss
|-damage|p2a: Amoonguss|280\/370
|
|-heal|p2a: Amoonguss|303\/370|[from] item: Black Sludge
|upkeep
|turn|4
|choice|*move 3|*
|choice|*|*move 1
|choice|move blizzard|move energyball
|
|move|p1a: Omastar|Blizzard|p2a: Amoonguss|[miss]
|-miss|p1a: Omastar|p2a: Amoonguss
|move|p2a: Amoonguss|Energy Ball|p1a: Omastar
|-supereffective|p1a: Omastar
|-damage|p1a: Omastar|0 fnt
|faint|p1a: Omastar
|
|-heal|p2a: Amoonguss|326\/370|[from] item: Black Sludge
|upkeep
|choice|*switch 2|*
|choice|switch 2|
|
|switch|p1a: Barbaracle|Barbaracle, M|348\/348
|turn|5
|choice|*move 3|*
|choice|*|*move 2
|choice|move xscissor|move spore
|
|move|p1a: Barbaracle|X-Scissor|p2a: Amoonguss
|-damage|p2a: Amoonguss|238\/370
|move|p2a: Amoonguss|Spore|p1a: Barbaracle
|-status|p1a: Barbaracle|slp
|
|-heal|p2a: Amoonguss|261\/370|[from] item: Black Sludge
|upkeep
|turn|6
|choice|*move 3|*
|choice|*|*move 1
|choice|move xscissor|move energyball
|
|cant|p1a: Barbaracle|slp
|move|p2a: Amoonguss|Energy Ball|p1a: Barbaracle
|-supereffective|p1a: Barbaracle
|-damage|p1a: Barbaracle|0 fnt
|faint|p1a: Barbaracle
|
|-heal|p2a: Amoonguss|284\/370|[from] item: Black Sludge
|upkeep
|choice|*switch 5|*
|choice|switch 5|
|
|switch|p1a: Infernape|Infernape, F|293\/293
|turn|7
|choice|*move 3|*
|choice|*|*move 2
|choice|move firepunch|move spore
|
|move|p1a: Infernape|Fire Punch|p2a: Amoonguss
|-supereffective|p2a: Amoonguss
|-damage|p2a: Amoonguss|56\/370
|-status|p2a: Amoonguss|brn
|move|p2a: Amoonguss|Spore|p1a: Infernape
|-status|p1a: Infernape|slp
|
|-heal|p2a: Amoonguss|79\/370 brn|[from] item: Black Sludge
|-damage|p2a: Amoonguss|56\/370 brn|[from] brn
|upkeep
|turn|8
|choice|*move 2|*
|choice|*|*switch 5
|choice|move swordsdance|switch 5
|
|switch|p2a: Aromatisse|Aromatisse, F|344\/344
|cant|p1a: Infernape|slp
|
|upkeep
|turn|9
|choice|*|*move 3
|choice|*switch 4|*
|choice|switch 4|move moonblast
|
|switch|p1a: Charizard|Charizard, M|297\/297
|move|p2a: Aromatisse|Moonblast|p1a: Charizard
|-resisted|p1a: Charizard
|-damage|p1a: Charizard|222\/297
|
|upkeep
|turn|10
|choice|*move 1 mega|*
|choice|*move 3|*
|choice|*move 3 mega|*
|choice|*|*move 4
|choice|move airslash mega|move protect
|
|-mega|p1a: Charizard|Charizard|Charizardite Y
|detailschange|p1a: Charizard|Charizard-Mega-Y, M
|-weather|SunnyDay|[from] ability: Drought|[of] p1a: Charizard
|move|p2a: Aromatisse|Protect|p2a: Aromatisse
|-singleturn|p2a: Aromatisse|Protect
|move|p1a: Charizard|Air Slash|p2a: Aromatisse
|-activate|p2a: Aromatisse|move: Protect
|
|-weather|SunnyDay|[upkeep]
|upkeep
|turn|11
|choice|*move 1|*
|choice|*|*switch 3
|choice|move overheat|switch 3
|
|switch|p2a: Ambipom|Ambipom, F|142\/292
|move|p1a: Charizard|Overheat|p2a: Ambipom
|-damage|p2a: Ambipom|0 fnt
|-unboost|p1a: Charizard|spa|2
|faint|p2a: Ambipom
|
|-weather|SunnyDay|[upkeep]
|upkeep
|choice|*|*switch 2
|choice||switch 2
|
|switch|p2a: Raichu|Raichu-Alola, M|262\/262
|turn|12
|choice|*|*move 2
|choice|*move 1|*
|choice|move overheat|move discharge
|
|move|p2a: Raichu|Discharge|p1a: Charizard
|-supereffective|p1a: Charizard
|-damage|p1a: Charizard|10\/297
|move|p1a: Charizard|Overheat|p2a: Raichu
|-damage|p2a: Raichu|24\/262
|-unboost|p1a: Charizard|spa|2
|
|-weather|SunnyDay|[upkeep]
|upkeep
|turn|13
|choice|*move 1|*
|choice|*move 4|*
|choice|*|*move 2
|choice|*move 1|*
|choice|move overheat|move discharge
|
|move|p2a: Raichu|Discharge|p1a: Charizard
|-supereffective|p1a: Charizard
|-damage|p1a: Charizard|0 fnt
|faint|p1a: Charizard
|
|-weather|SunnyDay|[upkeep]
|upkeep
|choice|*switch 6|*
|choice|switch 6|
|
|switch|p1a: Lycanroc|Lycanroc-Dusk, M|291\/291
|turn|14
|choice|*move 4|*
|choice|*|*move 2
|choice|move accelerock|move discharge
|
|move|p1a: Lycanroc|Accelerock|p2a: Raichu
|-damage|p2a: Raichu|0 fnt
|faint|p2a: Raichu
|
|-weather|none
|upkeep
|choice|*|*switch 6
|choice||switch 6
|
|switch|p2a: Sharpedo|Sharpedo, M|282\/282
|turn|15
|choice|*|*move 3 mega
|choice|*move 3 zmove|*
|choice|move stoneedge zmove|move waterfall mega
|
|-mega|p2a: Sharpedo|Sharpedo|Sharpedonite
|detailschange|p2a: Sharpedo|Sharpedo-Mega, M
|-zpower|p1a: Lycanroc
|move|p1a: Lycanroc|Splintered Stormshards|p2a: Sharpedo|[zeffect]
|-damage|p2a: Sharpedo|0 fnt
|faint|p2a: Sharpedo
|
|upkeep
|choice|*|*switch 3
|choice||switch 3
|
|switch|p2a: Aromatisse|Aromatisse, F|344\/344
|turn|16
|choice|*|*move 3
|choice|*move 3|*
|choice|move stoneedge|move moonblast
|
|move|p1a: Lycanroc|Stone Edge|p2a: Aromatisse
|-crit|p2a: Aromatisse
|-damage|p2a: Aromatisse|10\/344
|move|p2a: Aromatisse|Moonblast|p1a: Lycanroc
|-damage|p1a: Lycanroc|84\/291
|
|-heal|p2a: Aromatisse|31\/344|[from] item: Leftovers
|upkeep
|turn|17
|choice|*move 4|*
|choice|*|*move 4
|choice|move accelerock|move protect
|
|move|p2a: Aromatisse|Protect|p2a: Aromatisse
|-singleturn|p2a: Aromatisse|Protect
|move|p1a: Lycanroc|Accelerock|p2a: Aromatisse
|-activate|p2a: Aromatisse|move: Protect
|
|-heal|p2a: Aromatisse|52\/344|[from] item: Leftovers
|upkeep
|turn|18
|choice|*move 4|*
|choice|*|*switch 4
|choice|move accelerock|switch 4
|
|switch|p2a: Noivern|Noivern, F|311\/311
|move|p1a: Lycanroc|Accelerock|p2a: Noivern
|-supereffective|p2a: Noivern
|-damage|p2a: Noivern|113\/311
|
|upkeep
|turn|19
|choice|*move 4|*
|choice|*|*move 3
|choice|move accelerock|move dragonclaw
|
|move|p1a: Lycanroc|Accelerock|p2a: Noivern
|-supereffective|p2a: Noivern
|-damage|p2a: Noivern|0 fnt
|faint|p2a: Noivern
|
|upkeep
|choice|*|*switch 5
|choice||switch 5
|
|switch|p2a: Amoonguss|Amoonguss, M|179\/370 brn
|turn|20
|choice|*|*move 2
|choice|*move 1|*
|choice|move firefang|move spore
|
|move|p1a: Lycanroc|Fire Fang|p2a: Amoonguss
|-supereffective|p2a: Amoonguss
|-damage|p2a: Amoonguss|13\/370 brn
|move|p2a: Amoonguss|Spore|p1a: Lycanroc
|-message|¡Lycanroc no puede ser dormido debido a la Cláusula-Mod de Dormir!
|
|-heal|p2a: Amoonguss|36\/370 brn|[from] item: Black Sludge
|-damage|p2a: Amoonguss|13\/370 brn|[from] brn
|upkeep
|turn|21
|choice|*move 4|*
|choice|*|*move 4
|choice|move accelerock|move synthesis
|
|move|p1a: Lycanroc|Accelerock|p2a: Amoonguss
|-damage|p2a: Amoonguss|0 fnt
|faint|p2a: Amoonguss
|
|upkeep
|choice|*|*switch 4
|choice||switch 4
|
|switch|p2a: Aromatisse|Aromatisse, F|52\/344
|turn|22
|choice|*|*move 4
|choice|*move 3|*
|choice|move stoneedge|move protect
|
|move|p2a: Aromatisse|Protect|p2a: Aromatisse
|-singleturn|p2a: Aromatisse|Protect
|move|p1a: Lycanroc|Stone Edge|p2a: Aromatisse
|-activate|p2a: Aromatisse|move: Protect
|
|-heal|p2a: Aromatisse|73\/344|[from] item: Leftovers
|upkeep
|turn|23
|choice|*move 3|*
|choice|*|*move 3
|choice|move stoneedge|move moonblast
|
|move|p1a: Lycanroc|Stone Edge|p2a: Aromatisse
|-crit|p2a: Aromatisse
|-damage|p2a: Aromatisse|0 fnt
|faint|p2a: Aromatisse
|
|win|DraconSer
</script>
</div>
<div class="battle-log battle-log-inline"><div class="inner"><div class="battle-options"></div><div class="inner"><div class=""><small>Format:</small> <br><strong>OU</strong></div><div class=""><small><em>Cláusula-Mod de Dormir:</em> solo puedes dormir a uno de tus oponentes a la vez.</small></div><div class=""><small><em>Cláusula de Especie:</em> Hasta un Pokémon de cada especie</small></div><div class=""><small><em>Cláusula de Golpe Fulminante:</em> los movimientos fulminantes (OHKO) estan prohibidos</small></div><div class=""><small><em>Cláusula de Veleta:</em> la habilidad Veleta está prohibida</small></div><div class=""><small><em>Cláusula de Movimientos Evasivos:</em> los movimientos de Evasión están prohibidos.</small></div><div class=""><small><em>Cláusula de Batallas Eternas:</em> forzar batallas eternas está prohibido</small></div><div class="chat battle-history"><strong>DraconSer's team:</strong> <em style="color:#445566;display:block;">Barbaracle / Raichu-Alola / Omastar / Charizard / Infernape / Lycanroc-Dusk</em></div><div class="chat battle-history"><strong>Araquanid15's team:</strong> <em style="color:#445566;display:block;">Aromatisse / Raichu-Alola / Amoonguss / Noivern / Ambipom / Sharpedo</em></div><div class="spacer battle-history"><br></div><div class="battle-history">Battle started between DraconSer and Araquanid15!<br></div><div class="spacer battle-history"><br></div><div class="battle-history">Go! Raichu (<strong>Raichu-Alola</strong>)!<br></div><div class="spacer battle-history"><br></div><div class="battle-history">Araquanid15 sent out <strong>Ambipom</strong>!<br></div><div class="battle-history"><small>Raichu floats in the air with its Air Balloon!</small><br></div><div class="spacer battle-history"><br></div><h2 class="battle-history">Turn 1</h2><div class="spacer battle-history"><br></div><div class="battle-history">Raichu used <strong>Discharge</strong>!<br></div><div class="battle-history"><small>(The opposing Ambipom lost <abbr title="−150/292">51.4%</abbr> of its health!)</small><br></div><div class="spacer battle-history"><br></div><div class="battle-history">The opposing Ambipom used <strong>Knock Off</strong>!<br></div><div class="battle-history"><small>It's super effective!</small><br></div><div class="battle-history"><small>(Raichu lost <abbr title="−261/261">100%</abbr> of its health!)</small><br></div><div class="battle-history"><small>Raichu's Air Balloon popped!</small><br></div><div class="spacer battle-history"><br></div><div class="battle-history">Raichu fainted!<br></div><div class="spacer battle-history"><br></div><div class="battle-history">Go! <strong>Omastar</strong>!<br></div><div class="spacer battle-history"><br></div><h2 class="battle-history">Turn 2</h2><div class="spacer battle-history"><br></div><div class="battle-history">The opposing Ambipom used <strong>Knock Off</strong>!<br></div><div class="battle-history"><small>(Omastar lost <abbr title="−80/281">28.5%</abbr> of its health!)</small><br></div><div class="battle-history"><small>[Omastar's Weak Armor]</small><br></div><div class="battle-history"><small>Omastar's Defense fell!</small><br></div><div class="battle-history"><small>Omastar's Speed rose sharply!</small><br></div><div class="battle-history"><small>The opposing Ambipom knocked off Omastar's Leftovers!</small><br></div><div class="spacer battle-history"><br></div><div class="battle-history">Omastar used <strong>Hydro Pump</strong>!<br></div><div class="battle-history"><small>The opposing Ambipom avoided the attack!</small><br></div><div class="spacer battle-history"><br></div><h2 class="battle-history">Turn 3</h2><div class="spacer battle-history"><br></div><div class="battle-history">Araquanid15 withdrew Ambipom!<br></div><div class="battle-history">Araquanid15 sent out <strong>Amoonguss</strong>!<br></div><div class="spacer battle-history"><br></div><div class="battle-history">Omastar used <strong>Hydro Pump</strong>!<br></div><div class="battle-history"><small>It's not very effective...</small><br></div><div class="battle-history"><small>(The opposing Amoonguss lost <abbr title="−90/370">24.3%</abbr> of its health!)</small><br></div><div class="spacer battle-history"><br></div><div class="battle-history"><small>The opposing Amoonguss restored a little HP using its Black Sludge!</small><br></div><div class="spacer battle-history"><br></div><h2 class="battle-history">Turn 4</h2><div class="spacer battle-history"><br></div><div class="battle-history">Omastar used <strong>Blizzard</strong>!<br></div><div class="battle-history"><small>The opposing Amoonguss avoided the attack!</small><br></div><div class="spacer battle-history"><br></div><div class="battle-history">The opposing Amoonguss used <strong>Energy Ball</strong>!<br></div><div class="battle-history"><small>It's super effective!</small><br></div><div class="battle-history"><small>(Omastar lost <abbr title="−201/281">71.5%</abbr> of its health!)</small><br></div><div class="spacer battle-history"><br></div><div class="battle-history">Omastar fainted!<br></div><div class="spacer battle-history"><br></div><div class="battle-history"><small>The opposing Amoonguss restored a little HP using its Black Sludge!</small><br></div><div class="spacer battle-history"><br></div><div class="battle-history">Go! <strong>Barbaracle</strong>!<br></div><div class="spacer battle-history"><br></div><h2 class="battle-history">Turn 5</h2><div class="spacer battle-history"><br></div><div class="battle-history">Barbaracle used <strong>X-Scissor</strong>!<br></div><div class="battle-history"><small>(The opposing Amoonguss lost <abbr title="−88/370">23.8%</abbr> of its health!)</small><br></div><div class="spacer battle-history"><br></div><div class="battle-history">The opposing Amoonguss used <strong>Spore</strong>!<br></div><div class="battle-history"><small>Barbaracle fell asleep!</small><br></div><div class="spacer battle-history"><br></div><div class="battle-history"><small>The opposing Amoonguss restored a little HP using its Black Sludge!</small><br></div><div class="spacer battle-history"><br></div><h2 class="battle-history">Turn 6</h2><div class="spacer battle-history"><br></div><div class="battle-history">Barbaracle is fast asleep.<br></div><div class="spacer battle-history"><br></div><div class="battle-history">The opposing Amoonguss used <strong>Energy Ball</strong>!<br></div><div class="battle-history"><small>It's super effective!</small><br></div><div class="battle-history"><small>(Barbaracle lost <abbr title="−348/348">100%</abbr> of its health!)</small><br></div><div class="spacer battle-history"><br></div><div class="battle-history">Barbaracle fainted!<br></div><div class="spacer battle-history"><br></div><div class="battle-history"><small>The opposing Amoonguss restored a little HP using its Black Sludge!</small><br></div><div class="spacer battle-history"><br></div><div class="battle-history">Go! <strong>Infernape</strong>!<br></div><div class="spacer battle-history"><br></div><h2 class="battle-history">Turn 7</h2><div class="spacer battle-history"><br></div><div class="battle-history">Infernape used <strong>Fire Punch</strong>!<br></div><div class="battle-history"><small>It's super effective!</small><br></div><div class="battle-history"><small>(The opposing Amoonguss lost <abbr title="−228/370">61.6%</abbr> of its health!)</small><br></div><div class="battle-history"><small>The opposing Amoonguss was burned!</small><br></div><div class="spacer battle-history"><br></div><div class="battle-history">The opposing Amoonguss used <strong>Spore</strong>!<br></div><div class="battle-history"><small>Infernape fell asleep!</small><br></div><div class="spacer battle-history"><br></div><div class="battle-history"><small>The opposing Amoonguss restored a little HP using its Black Sludge!</small><br></div><div class="battle-history"><small>The opposing Amoonguss was hurt by its burn!</small><br></div><div class="spacer battle-history"><br></div><h2 class="battle-history">Turn 8</h2><div class="spacer battle-history"><br></div><div class="battle-history">Araquanid15 withdrew Amoonguss!<br></div><div class="battle-history">Araquanid15 sent out <strong>Aromatisse</strong>!<br></div><div class="spacer battle-history"><br></div><div class="battle-history">Infernape is fast asleep.<br></div><div class="spacer battle-history"><br></div><h2 class="battle-history">Turn 9</h2><div class="spacer battle-history"><br></div><div class="battle-history">Infernape, come back!<br></div><div class="battle-history">Go! <strong>Charizard</strong>!<br></div><div class="spacer battle-history"><br></div><div class="battle-history">The opposing Aromatisse used <strong>Moonblast</strong>!<br></div><div class="battle-history"><small>It's not very effective...</small><br></div><div class="battle-history"><small>(Charizard lost <abbr title="−75/297">25.3%</abbr> of its health!)</small><br></div><div class="spacer battle-history"><br></div><h2 class="battle-history">Turn 10</h2><div class="spacer battle-history"><br></div><div class="battle-history"><small>Charizard's Charizardite Y is reacting to the Key Stone!</small><br>Charizard has Mega Evolved into Mega Charizard!<br></div><div class="battle-history"><small>[Charizard's Drought]</small><br><small>The sunlight turned harsh!</small><br></div><div class="spacer battle-history"><br></div><div class="battle-history">The opposing Aromatisse used <strong>Protect</strong>!<br></div><div class="battle-history"><small>The opposing Aromatisse protected itself!</small><br></div><div class="spacer battle-history"><br></div><div class="battle-history">Charizard used <strong>Air Slash</strong>!<br></div><div class="battle-history"><small>The opposing Aromatisse protected itself!</small><br></div><div class="spacer battle-history"><br></div><div class="battle-history"><small>(The sunlight is strong!)</small><br></div><div class="spacer battle-history"><br></div><h2 class="battle-history">Turn 11</h2><div class="spacer battle-history"><br></div><div class="battle-history">Araquanid15 withdrew Aromatisse!<br></div><div class="battle-history">Araquanid15 sent out <strong>Ambipom</strong>!<br></div><div class="spacer battle-history"><br></div><div class="battle-history">Charizard used <strong>Overheat</strong>!<br></div><div class="battle-history"><small>(The opposing Ambipom lost <abbr title="−142/292">48.6%</abbr> of its health!)</small><br></div><div class="battle-history"><small>Charizard's Special Attack fell harshly!</small><br></div><div class="spacer battle-history"><br></div><div class="battle-history">The opposing Ambipom fainted!<br></div><div class="spacer battle-history"><br></div><div class="battle-history"><small>(The sunlight is strong!)</small><br></div><div class="spacer battle-history"><br></div><div class="battle-history">Araquanid15 sent out Raichu (<strong>Raichu-Alola</strong>)!<br></div><div class="spacer battle-history"><br></div><h2 class="battle-history">Turn 12</h2><div class="spacer battle-history"><br></div><div class="battle-history">The opposing Raichu used <strong>Discharge</strong>!<br></div><div class="battle-history"><small>It's super effective!</small><br></div><div class="battle-history"><small>(Charizard lost <abbr title="−212/297">71.4%</abbr> of its health!)</small><br></div><div class="spacer battle-history"><br></div><div class="battle-history">Charizard used <strong>Overheat</strong>!<br></div><div class="battle-history"><small>(The opposing Raichu lost <abbr title="−238/262">90.8%</abbr> of its health!)</small><br></div><div class="battle-history"><small>Charizard's Special Attack fell harshly!</small><br></div><div class="spacer battle-history"><br></div><div class="battle-history"><small>(The sunlight is strong!)</small><br></div><div class="spacer battle-history"><br></div><h2 class="battle-history">Turn 13</h2><div class="spacer battle-history"><br></div><div class="battle-history">The opposing Raichu used <strong>Discharge</strong>!<br></div><div class="battle-history"><small>It's super effective!</small><br></div><div class="battle-history"><small>(Charizard lost <abbr title="−10/297">3.4%</abbr> of its health!)</small><br></div><div class="spacer battle-history"><br></div><div class="battle-history">Charizard fainted!<br></div><div class="spacer battle-history"><br></div><div class="battle-history"><small>(The sunlight is strong!)</small><br></div><div class="spacer battle-history"><br></div><div class="battle-history">Go! Lycanroc (<strong>Lycanroc-Dusk</strong>)!<br></div><div class="spacer battle-history"><br></div><h2 class="battle-history">Turn 14</h2><div class="spacer battle-history"><br></div><div class="battle-history">Lycanroc used <strong>Accelerock</strong>!<br></div><div class="battle-history"><small>(The opposing Raichu lost <abbr title="−24/262">9.2%</abbr> of its health!)</small><br></div><div class="spacer battle-history"><br></div><div class="battle-history">The opposing Raichu fainted!<br></div><div class="spacer battle-history"><br></div><div class="battle-history"><small>The sunlight faded.</small><br></div><div class="spacer battle-history"><br></div><div class="battle-history">Araquanid15 sent out <strong>Sharpedo</strong>!<br></div><div class="spacer battle-history"><br></div><h2 class="battle-history">Turn 15</h2><div class="spacer battle-history"><br></div><div class="battle-history"><small>The opposing Sharpedo's Sharpedonite is reacting to the Key Stone!</small><br>The opposing Sharpedo has Mega Evolved into Mega Sharpedo!<br></div><div class="battle-history"><small>Lycanroc surrounded itself with its Z-Power!</small><br></div><div class="spacer battle-history"><br></div><div class="battle-history">Lycanroc used <strong>Splintered Stormshards</strong>!<br></div><div class="battle-history"><small>(The opposing Sharpedo lost <abbr title="−282/282">100%</abbr> of its health!)</small><br></div><div class="spacer battle-history"><br></div><div class="battle-history">The opposing Sharpedo fainted!<br></div><div class="spacer battle-history"><br></div><div class="battle-history">Araquanid15 sent out <strong>Aromatisse</strong>!<br></div><div class="spacer battle-history"><br></div><h2 class="battle-history">Turn 16</h2><div class="spacer battle-history"><br></div><div class="battle-history">Lycanroc used <strong>Stone Edge</strong>!<br></div><div class="battle-history"><small>A critical hit!</small><br></div><div class="battle-history"><small>(The opposing Aromatisse lost <abbr title="−334/344">97.1%</abbr> of its health!)</small><br></div><div class="spacer battle-history"><br></div><div class="battle-history">The opposing Aromatisse used <strong>Moonblast</strong>!<br></div><div class="battle-history"><small>(Lycanroc lost <abbr title="−207/291">71.1%</abbr> of its health!)</small><br></div><div class="spacer battle-history"><br></div><div class="battle-history"><small>The opposing Aromatisse restored a little HP using its Leftovers!</small><br></div><div class="spacer battle-history"><br></div><h2 class="battle-history">Turn 17</h2><div class="spacer battle-history"><br></div><div class="battle-history">The opposing Aromatisse used <strong>Protect</strong>!<br></div><div class="battle-history"><small>The opposing Aromatisse protected itself!</small><br></div><div class="spacer battle-history"><br></div><div class="battle-history">Lycanroc used <strong>Accelerock</strong>!<br></div><div class="battle-history"><small>The opposing Aromatisse protected itself!</small><br></div><div class="spacer battle-history"><br></div><div class="battle-history"><small>The opposing Aromatisse restored a little HP using its Leftovers!</small><br></div><div class="spacer battle-history"><br></div><h2 class="battle-history">Turn 18</h2><div class="spacer battle-history"><br></div><div class="battle-history">Araquanid15 withdrew Aromatisse!<br></div><div class="battle-history">Araquanid15 sent out <strong>Noivern</strong>!<br></div><div class="spacer battle-history"><br></div><div class="battle-history">Lycanroc used <strong>Accelerock</strong>!<br></div><div class="battle-history"><small>It's super effective!</small><br></div><div class="battle-history"><small>(The opposing Noivern lost <abbr title="−198/311">63.7%</abbr> of its health!)</small><br></div><div class="spacer battle-history"><br></div><h2 class="battle-history">Turn 19</h2><div class="spacer battle-history"><br></div><div class="battle-history">Lycanroc used <strong>Accelerock</strong>!<br></div><div class="battle-history"><small>It's super effective!</small><br></div><div class="battle-history"><small>(The opposing Noivern lost <abbr title="−113/311">36.3%</abbr> of its health!)</small><br></div><div class="spacer battle-history"><br></div><div class="battle-history">The opposing Noivern fainted!<br></div><div class="spacer battle-history"><br></div><div class="battle-history">Araquanid15 sent out <strong>Amoonguss</strong>!<br></div><div class="spacer battle-history"><br></div><h2 class="battle-history">Turn 20</h2><div class="spacer battle-history"><br></div><div class="battle-history">Lycanroc used <strong>Fire Fang</strong>!<br></div><div class="battle-history"><small>It's super effective!</small><br></div><div class="battle-history"><small>(The opposing Amoonguss lost <abbr title="−166/370">44.9%</abbr> of its health!)</small><br></div><div class="spacer battle-history"><br></div><div class="battle-history">The opposing Amoonguss used <strong>Spore</strong>!<br></div><div class="battle-history"><small>¡Lycanroc no puede ser dormido debido a la Cláusula-Mod de Dormir!</small><br></div><div class="spacer battle-history"><br></div><div class="battle-history"><small>The opposing Amoonguss restored a little HP using its Black Sludge!</small><br></div><div class="battle-history"><small>The opposing Amoonguss was hurt by its burn!</small><br></div><div class="spacer battle-history"><br></div><h2 class="battle-history">Turn 21</h2><div class="spacer battle-history"><br></div><div class="battle-history">Lycanroc used <strong>Accelerock</strong>!<br></div><div class="battle-history"><small>(The opposing Amoonguss lost <abbr title="−13/370">3.5%</abbr> of its health!)</small><br></div><div class="spacer battle-history"><br></div><div class="battle-history">The opposing Amoonguss fainted!<br></div><div class="spacer battle-history"><br></div><div class="battle-history">Araquanid15 sent out <strong>Aromatisse</strong>!<br></div><div class="spacer battle-history"><br></div><h2 class="battle-history">Turn 22</h2><div class="spacer battle-history"><br></div><div class="battle-history">The opposing Aromatisse used <strong>Protect</strong>!<br></div><div class="battle-history"><small>The opposing Aromatisse protected itself!</small><br></div><div class="spacer battle-history"><br></div><div class="battle-history">Lycanroc used <strong>Stone Edge</strong>!<br></div><div class="battle-history"><small>The opposing Aromatisse protected itself!</small><br></div><div class="spacer battle-history"><br></div><div class="battle-history"><small>The opposing Aromatisse restored a little HP using its Leftovers!</small><br></div><div class="spacer battle-history"><br></div><h2 class="battle-history">Turn 23</h2><div class="spacer battle-history"><br></div><div class="battle-history">Lycanroc used <strong>Stone Edge</strong>!<br></div><div class="battle-history"><small>A critical hit!</small><br></div><div class="battle-history"><small>(The opposing Aromatisse lost <abbr title="−73/344">21.2%</abbr> of its health!)</small><br></div><div class="spacer battle-history"><br></div><div class="battle-history">The opposing Aromatisse fainted!<br></div><div class="spacer battle-history"><br></div><div class="battle-history"><strong>DraconSer</strong> won the battle!<br></div></div><div class="inner-preempt"></div></div></div>
</div>
<script>
let daily = Math.floor(Date.now()/1000/60/60/24);document.write('<script src="https://play.pokemonshowdown.com/js/replay-embed.js?version'+daily+'"></'+'script>');
</script>
