<!DOCTYPE html>
<meta charset="utf-8" />
<!-- version 1 -->
<title>OU replay: Seiko leich vs. EdwardEllric ツ</title>
<style>
html,body {font-family:Verdana, sans-serif;font-size:10pt;margin:0;padding:0;}body{padding:12px 0;} .battle-log {font-family:Verdana, sans-serif;font-size:10pt;} .battle-log-inline {border:1px solid #AAAAAA;background:#EEF2F5;color:black;max-width:640px;margin:0 auto 80px;padding-bottom:5px;} .battle-log .inner {padding:4px 8px 0px 8px;} .battle-log .inner-preempt {padding:0 8px 4px 8px;} .battle-log .inner-after {margin-top:0.5em;} .battle-log h2 {margin:0.5em -8px;padding:4px 8px;border:1px solid #AAAAAA;background:#E0E7EA;border-left:0;border-right:0;font-family:Verdana, sans-serif;font-size:13pt;} .battle-log .chat {vertical-align:middle;padding:3px 0 3px 0;font-size:8pt;} .battle-log .chat strong {color:#40576A;} .battle-log .chat em {padding:1px 4px 1px 3px;color:#000000;font-style:normal;} .chat.mine {background:rgba(0,0,0,0.05);margin-left:-8px;margin-right:-8px;padding-left:8px;padding-right:8px;} .spoiler {color:#BBBBBB;background:#BBBBBB;padding:0px 3px;} .spoiler:hover, .spoiler:active, .spoiler-shown {color:#000000;background:#E2E2E2;padding:0px 3px;} .spoiler a {color:#BBBBBB;} .spoiler:hover a, .spoiler:active a, .spoiler-shown a {color:#2288CC;} .chat code, .chat .spoiler:hover code, .chat .spoiler:active code, .chat .spoiler-shown code {border:1px solid #C0C0C0;background:#EEEEEE;color:black;padding:0 2px;} .chat .spoiler code {border:1px solid #CCCCCC;background:#CCCCCC;color:#CCCCCC;} .battle-log .rated {padding:3px 4px;} .battle-log .rated strong {color:white;background:#89A;padding:1px 4px;border-radius:4px;} .spacer {margin-top:0.5em;} .message-announce {background:#6688AA;color:white;padding:1px 4px 2px;} .message-announce a, .broadcast-green a, .broadcast-blue a, .broadcast-red a {color:#DDEEFF;} .broadcast-green {background-color:#559955;color:white;padding:2px 4px;} .broadcast-blue {background-color:#6688AA;color:white;padding:2px 4px;} .infobox {border:1px solid #6688AA;padding:2px 4px;} .infobox-limited {max-height:200px;overflow:auto;overflow-x:hidden;} .broadcast-red {background-color:#AA5544;color:white;padding:2px 4px;} .message-learn-canlearn {font-weight:bold;color:#228822;text-decoration:underline;} .message-learn-cannotlearn {font-weight:bold;color:#CC2222;text-decoration:underline;} .message-effect-weak {font-weight:bold;color:#CC2222;} .message-effect-resist {font-weight:bold;color:#6688AA;} .message-effect-immune {font-weight:bold;color:#666666;} .message-learn-list {margin-top:0;margin-bottom:0;} .message-throttle-notice, .message-error {color:#992222;} .message-overflow, .chat small.message-overflow {font-size:0pt;} .message-overflow::before {font-size:9pt;content:'...';} .subtle {color:#3A4A66;}
</style>
<div class="wrapper replay-wrapper" style="max-width:1180px;margin:0 auto">
<input type="hidden" name="replayid" value="destiny-ou-411364" />
<div class="battle"></div><div class="battle-log"></div><div class="replay-controls"></div><div class="replay-controls-2"></div>
<h1 style="font-weight:normal;text-align:center"><strong>OU</strong><br /><a href="http://pokemonshowdown.com/users/seikoleich" class="subtle" target="_blank">Seiko leich</a> vs. <a href="http://pokemonshowdown.com/users/edwardellric" class="subtle" target="_blank">EdwardEllric ツ</a></h1>
<script type="text/plain" class="battle-log-data">|player|p1|Seiko leich|169
|teamsize|p1|6
|player|p2|EdwardEllric ツ|edwardellric-2.gif?066d7897
|teamsize|p2|6
|teamsize|p1|6
|teamsize|p2|6
|gametype|singles
|gen|7
|tier|OU
|rated
|seed|32919,12040,11816,10261
|rule|Cláusula-Mod de Dormir: solo puedes dormir a uno de tus oponentes a la vez.
|rule|Cláusula de Especie: Hasta un Pokémon de cada especie
|rule|Cláusula de Golpe Fulminante: los movimientos fulminantes (OHKO) estan prohibidos
|rule|Cláusula de Veleta: la habilidad Veleta está prohibida
|rule|Cláusula de Movimientos Evasivos: los movimientos de Evasión están prohibidos.
|rule|Cláusula de Batallas Eternas: forzar batallas eternas está prohibido
|clearpoke
|poke|p1|Pidgeot, M|item
|poke|p1|Krookodile, M|item
|poke|p1|Swampert, M|item
|poke|p1|Heliolisk, M|item
|poke|p1|Tyranitar, M|item
|poke|p1|Skarmory, F|item
|poke|p2|Clefable, F|item
|poke|p2|Chansey, F|item
|poke|p2|Scizor, M|item
|poke|p2|Gliscor, M|item
|poke|p2|Magnezone, shiny|item
|poke|p2|Volcarona, M|item
|teampreview|undefined
|choice|*|*team 321456
|c|☆Seiko leich|tu d enuevo
|choice|*team 213456|*
|choice|team 2, 1, 3, 4, 5, 6|team 3, 2, 1, 4, 5, 6
|
|start
|switch|p1a: Krookodile|Krookodile, M|332\/332
|switch|p2a: Scizor|Scizor, M|282\/282
|turn|1
|choice|*|*move 2 mega
|choice|*switch 6|*
|choice|switch 6|move uturn mega
|
|switch|p1a: Skarmory|Skarmory, F|334\/334
|-mega|p2a: Scizor|Scizor|Scizorite
|detailschange|p2a: Scizor|Scizor-Mega, M
|move|p2a: Scizor|U-turn|p1a: Skarmory
|-resisted|p1a: Skarmory
|-damage|p1a: Skarmory|313\/334
|-damage|p2a: Scizor|235\/282|[from] item: Rocky Helmet|[of] p1a: Skarmory
|choice|*|*switch 5
|choice||switch 5
|
|switch|p2a: Magnezone|Magnezone, shiny|281\/281|[from]move: U-turn
|
|upkeep
|turn|2
|choice|*|*move 3
|choice|*move 1|*
|choice|move stealthrock|move thunderbolt
|
|move|p2a: Magnezone|Thunderbolt|p1a: Skarmory
|-supereffective|p1a: Skarmory
|-damage|p1a: Skarmory|0 fnt
|faint|p1a: Skarmory
|
|upkeep
|choice|*switch 4|*
|choice|switch 4|
|
|switch|p1a: Heliolisk|Heliolisk, M|266\/266
|turn|3
|choice|*move 2|*
|choice|*|*switch 2
|choice|move focusblast|switch 2
|
|switch|p2a: Chansey|Chansey, F|704\/704
|move|p1a: Heliolisk|Focus Blast|p2a: Chansey
|-supereffective|p2a: Chansey
|-damage|p2a: Chansey|509\/704
|-damage|p1a: Heliolisk|240\/266|[from] item: Life Orb
|
|upkeep
|turn|4
|choice|*|*move 2
|choice|*switch 6|*
|choice|switch 6|move toxic
|
|switch|p1a: Krookodile|Krookodile, M|332\/332
|move|p2a: Chansey|Toxic|p1a: Krookodile
|-status|p1a: Krookodile|tox
|
|-damage|p1a: Krookodile|312\/332 tox|[from] psn
|upkeep
|turn|5
|choice|*move 3|*
|choice|*move 1|*
|choice|*|*switch 5
|choice|move knockoff|switch 5
|
|switch|p2a: Scizor|Scizor-Mega, M|235\/282
|move|p1a: Krookodile|Knock Off|p2a: Scizor
|-damage|p2a: Scizor|150\/282
|
|-damage|p1a: Krookodile|272\/332 tox|[from] psn
|upkeep
|turn|6
|choice|*|*move 2
|choice|*switch 3|*
|choice|switch 3|move uturn
|
|switch|p1a: Swampert|Swampert, M|341\/341
|move|p2a: Scizor|U-turn|p1a: Swampert
|-damage|p1a: Swampert|241\/341
|choice|*|*switch 3
|choice||switch 3
|
|switch|p2a: Clefable|Clefable, F|394\/394|[from]move: U-turn
|
|upkeep
|turn|7
|choice|*|*move 2
|choice|*move 2|*
|choice|move earthquake|move wish
|
|move|p2a: Clefable|Wish|p2a: Clefable
|move|p1a: Swampert|Earthquake|p2a: Clefable
|-damage|p2a: Clefable|175\/394
|
|-heal|p2a: Clefable|199\/394|[from] item: Leftovers
|upkeep
|turn|8
|choice|*|*switch 4
|choice|*move 2|*
|choice|move earthquake|switch 4
|
|switch|p2a: Gliscor|Gliscor, M|354\/354
|move|p1a: Swampert|Earthquake|p2a: Gliscor
|-immune|p2a: Gliscor|[msg]
|
|-status|p2a: Gliscor|tox|[from] item: Toxic Orb
|upkeep
|turn|9
|choice|*|*move 1
|choice|*switch 2|*
|choice|switch 2|move swordsdance
|
|switch|p1a: Pidgeot|Pidgeot, M|308\/308
|move|p2a: Gliscor|Swords Dance|p2a: Gliscor
|-boost|p2a: Gliscor|atk|2
|
|upkeep
|turn|10
|choice|*|*move 3
|choice|*move 1 mega|*
|choice|move hurricane mega|move knockoff
|
|-mega|p1a: Pidgeot|Pidgeot|Pidgeotite
|detailschange|p1a: Pidgeot|Pidgeot-Mega, M
|move|p1a: Pidgeot|Hurricane|p2a: Gliscor
|-damage|p2a: Gliscor|96\/354 tox
|move|p2a: Gliscor|Knock Off|p1a: Pidgeot
|-damage|p1a: Pidgeot|173\/308
|
|-heal|p2a: Gliscor|140\/354 tox|[from] ability: Poison Heal
|upkeep
|turn|11
|choice|*|*switch 5
|choice|*switch 2|*
|choice|switch 2|switch 5
|
|switch|p1a: Swampert|Swampert, M|241\/341
|switch|p2a: Chansey|Chansey, F|509\/704
|
|upkeep
|turn|12
|choice|*|*move 4
|choice|*move 4|*
|choice|move superpower|move protect
|
|move|p2a: Chansey|Protect|p2a: Chansey
|-singleturn|p2a: Chansey|Protect
|move|p1a: Swampert|Superpower|p2a: Chansey
|-activate|p2a: Chansey|move: Protect
|
|upkeep
|turn|13
|choice|*|*switch 5
|choice|*switch 2|*
|choice|switch 2|switch 5
|
|switch|p1a: Pidgeot|Pidgeot-Mega, M|173\/308
|switch|p2a: Gliscor|Gliscor, M|140\/354 tox
|
|-heal|p2a: Gliscor|184\/354 tox|[from] ability: Poison Heal
|upkeep
|turn|14
|choice|*|*move 2
|choice|*move 1|*
|choice|move hurricane|move protect
|
|move|p2a: Gliscor|Protect|p2a: Gliscor
|-singleturn|p2a: Gliscor|Protect
|move|p1a: Pidgeot|Hurricane|p2a: Gliscor
|-activate|p2a: Gliscor|move: Protect
|
|-heal|p2a: Gliscor|228\/354 tox|[from] ability: Poison Heal
|upkeep
|turn|15
|choice|*move 1|*
|choice|*|*switch 5
|choice|move hurricane|switch 5
|
|switch|p2a: Chansey|Chansey, F|509\/704
|move|p1a: Pidgeot|Hurricane|p2a: Chansey
|-damage|p2a: Chansey|379\/704
|
|upkeep
|turn|16
|choice|*|*move 1
|choice|*switch 3|*
|choice|*|*move 2
|choice|switch 3|move toxic
|
|switch|p1a: Krookodile|Krookodile, M|272\/332 tox
|move|p2a: Chansey|Toxic|p1a: Krookodile|[miss]
|-miss|p2a: Chansey|p1a: Krookodile
|
|-damage|p1a: Krookodile|252\/332 tox|[from] psn
|upkeep
|turn|17
|choice|*|*move 4
|choice|*move 3|*
|choice|move crunch|move protect
|
|move|p2a: Chansey|Protect|p2a: Chansey
|-singleturn|p2a: Chansey|Protect
|move|p1a: Krookodile|Crunch|p2a: Chansey
|-activate|p2a: Chansey|move: Protect
|
|-damage|p1a: Krookodile|212\/332 tox|[from] psn
|upkeep
|turn|18
|choice|*|*switch 4
|choice|*switch 2|*
|choice|switch 2|switch 4
|
|switch|p1a: Swampert|Swampert, M|241\/341
|switch|p2a: Clefable|Clefable, F|199\/394
|
|-heal|p2a: Clefable|223\/394|[from] item: Leftovers
|upkeep
|turn|19
|choice|*|*move 3
|choice|*move 1|*
|choice|move waterfall|move protect
|
|move|p2a: Clefable|Protect|p2a: Clefable
|-singleturn|p2a: Clefable|Protect
|move|p1a: Swampert|Waterfall|p2a: Clefable
|-activate|p2a: Clefable|move: Protect
|
|-heal|p2a: Clefable|247\/394|[from] item: Leftovers
|upkeep
|turn|20
|choice|*|*move 2
|choice|*move 1|*
|choice|move waterfall|move wish
|
|move|p2a: Clefable|Wish|p2a: Clefable
|move|p1a: Swampert|Waterfall|p2a: Clefable
|-damage|p2a: Clefable|79\/394
|
|-heal|p2a: Clefable|103\/394|[from] item: Leftovers
|upkeep
|turn|21
|choice|*|*move 3
|choice|*switch 3|*
|choice|switch 3|move protect
|
|switch|p1a: Pidgeot|Pidgeot-Mega, M|173\/308
|move|p2a: Clefable|Protect|p2a: Clefable
|-fail|p2a: Clefable
|
|-heal|p2a: Clefable|300\/394|[from] move: Wish|[wisher] Clefable
|-heal|p2a: Clefable|324\/394|[from] item: Leftovers
|upkeep
|turn|22
|choice|*|*move 3
|choice|*move 1|*
|choice|move hurricane|move protect
|
|move|p2a: Clefable|Protect|p2a: Clefable
|-singleturn|p2a: Clefable|Protect
|move|p1a: Pidgeot|Hurricane|p2a: Clefable
|-activate|p2a: Clefable|move: Protect
|
|-heal|p2a: Clefable|348\/394|[from] item: Leftovers
|upkeep
|turn|23
|choice|*|*switch 4
|choice|*switch 3|*
|choice|switch 3|switch 4
|
|switch|p1a: Swampert|Swampert, M|241\/341
|switch|p2a: Chansey|Chansey, F|379\/704
|
|upkeep
|turn|24
|choice|*|*move 4
|choice|*move 1|*
|choice|move waterfall|move protect
|
|move|p2a: Chansey|Protect|p2a: Chansey
|-singleturn|p2a: Chansey|Protect
|move|p1a: Swampert|Waterfall|p2a: Chansey
|-activate|p2a: Chansey|move: Protect
|
|upkeep
|turn|25
|choice|*|*move 1
|choice|*move 1|*
|choice|move waterfall|move softboiled
|
|move|p1a: Swampert|Waterfall|p2a: Chansey
|-damage|p2a: Chansey|117\/704
|cant|p2a: Chansey|flinch
|
|upkeep
|turn|26
|c|☆EdwardEllric ツ|puto
|choice|*switch 3|*
|c|☆EdwardEllric ツ|solo asi ganas
|choice|*|*move 4
|choice|switch 3|move protect
|
|switch|p1a: Pidgeot|Pidgeot-Mega, M|173\/308
|move|p2a: Chansey|Protect|p2a: Chansey
|-fail|p2a: Chansey
|
|upkeep
|turn|27
|choice|*|*move 1
|choice|*move 1|*
|choice|move hurricane|move softboiled
|
|move|p1a: Pidgeot|Hurricane|p2a: Chansey
|-damage|p2a: Chansey|0 fnt
|faint|p2a: Chansey
|
|upkeep
|choice|*|*switch 3
|choice||switch 3
|
|switch|p2a: Scizor|Scizor-Mega, M|150\/282
|turn|28
|c|☆Seiko leich|cayo la gorda
|choice|*|*move 3
|choice|*move 2|*
|choice|move heatwave|move bulletpunch
|
|move|p2a: Scizor|Bullet Punch|p1a: Pidgeot
|-damage|p1a: Pidgeot|40\/308
|move|p1a: Pidgeot|Heat Wave|p2a: Scizor
|-supereffective|p2a: Scizor
|-damage|p2a: Scizor|0 fnt
|faint|p2a: Scizor
|
|upkeep
|c|☆EdwardEllric ツ|metiendome tu hax asquerosa
|choice|*|*switch 4
|choice||switch 4
|
|switch|p2a: Clefable|Clefable, F|348\/394
|turn|29
|c|☆EdwardEllric ツ|solo asi ganas
|choice|*|*move 1
|choice|*move 3|*
|choice|move roost|move moonblast
|
|move|p1a: Pidgeot|Roost|p1a: Pidgeot
|-heal|p1a: Pidgeot|194\/308
|move|p2a: Clefable|Moonblast|p1a: Pidgeot
|-damage|p1a: Pidgeot|56\/308
|
|-heal|p2a: Clefable|372\/394|[from] item: Leftovers
|upkeep
|turn|30
|choice|*|*move 1
|choice|*move 3|*
|choice|move roost|move moonblast
|
|move|p1a: Pidgeot|Roost|p1a: Pidgeot
|-heal|p1a: Pidgeot|210\/308
|move|p2a: Clefable|Moonblast|p1a: Pidgeot
|-damage|p1a: Pidgeot|78\/308
|-unboost|p1a: Pidgeot|spa|1
|
|-heal|p2a: Clefable|394\/394|[from] item: Leftovers
|upkeep
|turn|31
|choice|*|*move 1
|choice|*move 3|*
|choice|move roost|move moonblast
|
|move|p1a: Pidgeot|Roost|p1a: Pidgeot
|-heal|p1a: Pidgeot|232\/308
|move|p2a: Clefable|Moonblast|p1a: Pidgeot
|-damage|p1a: Pidgeot|99\/308
|
|upkeep
|turn|32
|choice|*|*move 1
|choice|*move 3|*
|choice|move roost|move moonblast
|
|move|p1a: Pidgeot|Roost|p1a: Pidgeot
|-heal|p1a: Pidgeot|253\/308
|move|p2a: Clefable|Moonblast|p1a: Pidgeot
|-damage|p1a: Pidgeot|135\/308
|
|upkeep
|turn|33
|choice|*|*move 1
|choice|*move 3|*
|choice|move roost|move moonblast
|
|move|p1a: Pidgeot|Roost|p1a: Pidgeot
|-heal|p1a: Pidgeot|289\/308
|move|p2a: Clefable|Moonblast|p1a: Pidgeot
|-damage|p1a: Pidgeot|171\/308
|
|upkeep
|turn|34
|choice|*switch 3|*
|choice|*|*move 1
|choice|switch 3|move moonblast
|
|switch|p1a: Swampert|Swampert, M|241\/341
|move|p2a: Clefable|Moonblast|p1a: Swampert
|-damage|p1a: Swampert|126\/341
|
|upkeep
|turn|35
|choice|*|*move 1
|choice|*move 2|*
|choice|move earthquake|move moonblast
|
|move|p2a: Clefable|Moonblast|p1a: Swampert
|-damage|p1a: Swampert|8\/341
|move|p1a: Swampert|Earthquake|p2a: Clefable
|-damage|p2a: Clefable|202\/394
|
|-heal|p2a: Clefable|226\/394|[from] item: Leftovers
|upkeep
|turn|36
|choice|*|*move 1
|choice|*move 2|*
|choice|move earthquake|move moonblast
|
|move|p2a: Clefable|Moonblast|p1a: Swampert
|-damage|p1a: Swampert|0 fnt
|faint|p1a: Swampert
|
|-heal|p2a: Clefable|250\/394|[from] item: Leftovers
|upkeep
|choice|*switch 3|*
|choice|switch 3|
|
|switch|p1a: Pidgeot|Pidgeot-Mega, M|171\/308
|turn|37
|choice|*|*move 3
|choice|*move 1|*
|choice|move hurricane|move protect
|
|move|p2a: Clefable|Protect|p2a: Clefable
|-singleturn|p2a: Clefable|Protect
|move|p1a: Pidgeot|Hurricane|p2a: Clefable
|-activate|p2a: Clefable|move: Protect
|
|-heal|p2a: Clefable|274\/394|[from] item: Leftovers
|upkeep
|turn|38
|choice|*|*switch 2
|choice|*move 1|*
|choice|move hurricane|switch 2
|
|switch|p2a: Magnezone|Magnezone, shiny|281\/281
|move|p1a: Pidgeot|Hurricane|p2a: Magnezone
|-resisted|p2a: Magnezone
|-damage|p2a: Magnezone|229\/281
|-start|p2a: Magnezone|confusion
|
|upkeep
|turn|39
|choice|*|*switch 5
|choice|*switch 2|*
|choice|switch 2|switch 5
|
|switch|p1a: Krookodile|Krookodile, M|212\/332 tox
|switch|p2a: Gliscor|Gliscor, M|228\/354 tox
|
|-damage|p1a: Krookodile|192\/332 tox|[from] psn
|-heal|p2a: Gliscor|272\/354 tox|[from] ability: Poison Heal
|upkeep
|turn|40
|choice|*|*move 3
|choice|*switch 2|*
|choice|switch 2|move knockoff
|
|switch|p1a: Pidgeot|Pidgeot-Mega, M|171\/308
|move|p2a: Gliscor|Knock Off|p1a: Pidgeot
|-crit|p1a: Pidgeot
|-damage|p1a: Pidgeot|77\/308
|
|-heal|p2a: Gliscor|316\/354 tox|[from] ability: Poison Heal
|upkeep
|turn|41
|choice|*move 3|*
|choice|*|*move 3
|choice|move roost|move knockoff
|
|move|p1a: Pidgeot|Roost|p1a: Pidgeot
|-heal|p1a: Pidgeot|231\/308
|move|p2a: Gliscor|Knock Off|p1a: Pidgeot
|-damage|p1a: Pidgeot|172\/308
|
|-heal|p2a: Gliscor|354\/354 tox|[from] ability: Poison Heal
|upkeep
|turn|42
|choice|*|*move 3
|choice|*move 2|*
|choice|move heatwave|move knockoff
|
|move|p1a: Pidgeot|Heat Wave|p2a: Gliscor
|-damage|p2a: Gliscor|196\/354 tox
|move|p2a: Gliscor|Knock Off|p1a: Pidgeot
|-damage|p1a: Pidgeot|114\/308
|
|-heal|p2a: Gliscor|240\/354 tox|[from] ability: Poison Heal
|upkeep
|turn|43
|choice|*|*move 2
|choice|*move 3|*
|choice|move roost|move protect
|
|move|p2a: Gliscor|Protect|p2a: Gliscor
|-singleturn|p2a: Gliscor|Protect
|move|p1a: Pidgeot|Roost|p1a: Pidgeot
|-heal|p1a: Pidgeot|268\/308
|
|-heal|p2a: Gliscor|284\/354 tox|[from] ability: Poison Heal
|upkeep
|turn|44
|choice|*|*move 3
|choice|*move 2|*
|choice|move heatwave|move knockoff
|
|move|p1a: Pidgeot|Heat Wave|p2a: Gliscor
|-damage|p2a: Gliscor|144\/354 tox
|move|p2a: Gliscor|Knock Off|p1a: Pidgeot
|-damage|p1a: Pidgeot|201\/308
|
|-heal|p2a: Gliscor|188\/354 tox|[from] ability: Poison Heal
|upkeep
|turn|45
|choice|*|*move 2
|choice|*move 2|*
|choice|move heatwave|move protect
|
|move|p2a: Gliscor|Protect|p2a: Gliscor
|-singleturn|p2a: Gliscor|Protect
|move|p1a: Pidgeot|Heat Wave|p2a: Gliscor
|-activate|p2a: Gliscor|move: Protect
|
|-heal|p2a: Gliscor|232\/354 tox|[from] ability: Poison Heal
|upkeep
|turn|46
|choice|*move 1|*
|choice|*|*move 4
|choice|move hurricane|move earthquake
|
|move|p1a: Pidgeot|Hurricane|p2a: Gliscor
|-damage|p2a: Gliscor|0 fnt
|faint|p2a: Gliscor
|
|upkeep
|choice|*|*switch 2
|choice||switch 2
|
|switch|p2a: Clefable|Clefable, F|274\/394
|turn|47
|choice|*|*move 3
|choice|*move 2|*
|choice|move heatwave|move protect
|
|move|p2a: Clefable|Protect|p2a: Clefable
|-singleturn|p2a: Clefable|Protect
|move|p1a: Pidgeot|Heat Wave|p2a: Clefable
|-activate|p2a: Clefable|move: Protect
|
|-heal|p2a: Clefable|298\/394|[from] item: Leftovers
|upkeep
|turn|48
|choice|*|*move 2
|choice|*move 1|*
|choice|move hurricane|move wish
|
|move|p1a: Pidgeot|Hurricane|p2a: Clefable
|-damage|p2a: Clefable|63\/394
|move|p2a: Clefable|Wish|p2a: Clefable
|
|-heal|p2a: Clefable|87\/394|[from] item: Leftovers
|upkeep
|turn|49
|choice|*|*move 3
|choice|*switch 5|*
|choice|switch 5|move protect
|
|switch|p1a: Tyranitar|Tyranitar, M|341\/341
|-weather|Sandstorm|[from] ability: Sand Stream|[of] p1a: Tyranitar
|move|p2a: Clefable|Protect|p2a: Clefable
|-fail|p2a: Clefable
|
|-weather|Sandstorm|[upkeep]
|-damage|p2a: Clefable|63\/394|[from] sandstorm
|-heal|p2a: Clefable|260\/394|[from] move: Wish|[wisher] Clefable
|-heal|p2a: Clefable|284\/394|[from] item: Leftovers
|upkeep
|turn|50
|choice|*|*move 1
|choice|*|*move 2
|choice|*move 3|*
|choice|move stoneedge|move wish
|
|move|p1a: Tyranitar|Stone Edge|p2a: Clefable
|-damage|p2a: Clefable|94\/394
|move|p2a: Clefable|Wish|p2a: Clefable
|
|-weather|Sandstorm|[upkeep]
|-damage|p2a: Clefable|70\/394|[from] sandstorm
|-heal|p2a: Clefable|94\/394|[from] item: Leftovers
|upkeep
|turn|51
|choice|*|*move 3
|choice|*move 2|*
|choice|move earthquake|move protect
|
|move|p2a: Clefable|Protect|p2a: Clefable
|-singleturn|p2a: Clefable|Protect
|move|p1a: Tyranitar|Earthquake|p2a: Clefable
|-activate|p2a: Clefable|move: Protect
|
|-weather|Sandstorm|[upkeep]
|-damage|p2a: Clefable|70\/394|[from] sandstorm
|-heal|p2a: Clefable|267\/394|[from] move: Wish|[wisher] Clefable
|-heal|p2a: Clefable|291\/394|[from] item: Leftovers
|upkeep
|turn|52
|choice|*move 3|*
|choice|*|*move 2
|choice|move stoneedge|move wish
|
|move|p1a: Tyranitar|Stone Edge|p2a: Clefable
|-damage|p2a: Clefable|107\/394
|move|p2a: Clefable|Wish|p2a: Clefable
|
|-weather|Sandstorm|[upkeep]
|-damage|p2a: Clefable|83\/394|[from] sandstorm
|-heal|p2a: Clefable|107\/394|[from] item: Leftovers
|upkeep
|turn|53
|choice|*|*move 3
|choice|*switch 6|*
|choice|switch 6|move protect
|
|switch|p1a: Heliolisk|Heliolisk, M|240\/266
|move|p2a: Clefable|Protect|p2a: Clefable
|-fail|p2a: Clefable
|
|-weather|none
|-heal|p2a: Clefable|304\/394|[from] move: Wish|[wisher] Clefable
|-heal|p2a: Clefable|328\/394|[from] item: Leftovers
|upkeep
|turn|54
|choice|*|*move 3
|choice|*move 1|*
|choice|move thunderbolt|move protect
|
|move|p2a: Clefable|Protect|p2a: Clefable
|-singleturn|p2a: Clefable|Protect
|move|p1a: Heliolisk|Thunderbolt|p2a: Clefable
|-activate|p2a: Clefable|move: Protect
|
|-heal|p2a: Clefable|352\/394|[from] item: Leftovers
|upkeep
|turn|55
|choice|*|*switch 5
|choice|*move 1|*
|choice|move thunderbolt|switch 5
|
|switch|p2a: Magnezone|Magnezone, shiny|229\/281
|move|p1a: Heliolisk|Thunderbolt|p2a: Magnezone
|-resisted|p2a: Magnezone
|-damage|p2a: Magnezone|132\/281
|-damage|p1a: Heliolisk|214\/266|[from] item: Life Orb
|
|upkeep
|turn|56
|choice|*|*move 1
|choice|*move 4|*
|choice|move surf|move flashcannon
|
|move|p1a: Heliolisk|Surf|p2a: Magnezone
|-damage|p2a: Magnezone|1\/281
|-damage|p1a: Heliolisk|188\/266|[from] item: Life Orb
|move|p2a: Magnezone|Flash Cannon|p1a: Heliolisk
|-resisted|p1a: Heliolisk
|-damage|p1a: Heliolisk|83\/266
|
|upkeep
|turn|57
|choice|*|*move 1
|choice|*move 1|*
|choice|move thunderbolt|move flashcannon
|
|move|p1a: Heliolisk|Thunderbolt|p2a: Magnezone
|-resisted|p2a: Magnezone
|-damage|p2a: Magnezone|0 fnt
|-damage|p1a: Heliolisk|57\/266|[from] item: Life Orb
|faint|p2a: Magnezone
|
|upkeep
|choice|*|*switch 5
|choice||switch 5
|
|switch|p2a: Clefable|Clefable, F|352\/394
|turn|58
|choice|*|*move 1
|choice|*move 1|*
|choice|move thunderbolt|move moonblast
|
|move|p1a: Heliolisk|Thunderbolt|p2a: Clefable
|-damage|p2a: Clefable|165\/394
|-damage|p1a: Heliolisk|31\/266|[from] item: Life Orb
|move|p2a: Clefable|Moonblast|p1a: Heliolisk
|-damage|p1a: Heliolisk|0 fnt
|faint|p1a: Heliolisk
|
|-heal|p2a: Clefable|189\/394|[from] item: Leftovers
|upkeep
|choice|*switch 5|*
|choice|switch 5|
|
|switch|p1a: Pidgeot|Pidgeot-Mega, M|201\/308
|turn|59
|choice|*|*move 3
|choice|*move 2|*
|choice|move heatwave|move protect
|
|move|p2a: Clefable|Protect|p2a: Clefable
|-singleturn|p2a: Clefable|Protect
|move|p1a: Pidgeot|Heat Wave|p2a: Clefable
|-activate|p2a: Clefable|move: Protect
|
|-heal|p2a: Clefable|213\/394|[from] item: Leftovers
|upkeep
|turn|60
|choice|*move 1|*
|choice|*|*move 2
|choice|move hurricane|move wish
|
|move|p1a: Pidgeot|Hurricane|p2a: Clefable
|-damage|p2a: Clefable|5\/394
|move|p2a: Clefable|Wish|p2a: Clefable
|
|-heal|p2a: Clefable|29\/394|[from] item: Leftovers
|upkeep
|turn|61
|choice|*|*move 3
|c|☆EdwardEllric ツ|enserio que no ntiendo
|c|☆EdwardEllric ツ|como me puedes ganar
|choice|*move 2|*
|choice|move heatwave|move protect
|
|move|p2a: Clefable|Protect|p2a: Clefable
|-singleturn|p2a: Clefable|Protect
|move|p1a: Pidgeot|Heat Wave|p2a: Clefable
|-activate|p2a: Clefable|move: Protect
|
|-heal|p2a: Clefable|226\/394|[from] move: Wish|[wisher] Clefable
|-heal|p2a: Clefable|250\/394|[from] item: Leftovers
|upkeep
|turn|62
|choice|*move 1|*
|choice|*|*move 2
|choice|move hurricane|move wish
|
|move|p1a: Pidgeot|Hurricane|p2a: Clefable
|-crit|p2a: Clefable
|-damage|p2a: Clefable|0 fnt
|faint|p2a: Clefable
|
|upkeep
|choice|*|*switch 6
|choice||switch 6
|
|switch|p2a: Volcarona|Volcarona, M|321\/321
|turn|63
|c|☆EdwardEllric ツ|das asco
|choice|*|*move 3
|choice|*move 1|*
|choice|move hurricane|move quiverdance
|
|move|p1a: Pidgeot|Hurricane|p2a: Volcarona
|-supereffective|p2a: Volcarona
|-damage|p2a: Volcarona|0 fnt
|faint|p2a: Volcarona
|
|win|Seiko leich
Seiko leich ha ganado 6.75 PokeDolares.
|raw|Puntaje de Seiko leich: 1190 &rarr; <strong>1219<\/strong><br \/>(+29 por ganar)
|raw|Puntaje de EdwardEllric ツ: 1232 &rarr; <strong>1204<\/strong><br \/>(-28 por perder)
|c|☆Seiko leich|a casa llorar
|c|☆Seiko leich|esto es pokemon
</script>
</div>
<div class="battle-log battle-log-inline"><div class="inner"><div class="battle-options"></div><div class="inner"><div class=""><small>Format:</small> <br><strong>OU</strong></div><div class="rated"><strong>Rated battle</strong></div><div class=""><small><em>Cláusula-Mod de Dormir:</em> solo puedes dormir a uno de tus oponentes a la vez.</small></div><div class=""><small><em>Cláusula de Especie:</em> Hasta un Pokémon de cada especie</small></div><div class=""><small><em>Cláusula de Golpe Fulminante:</em> los movimientos fulminantes (OHKO) estan prohibidos</small></div><div class=""><small><em>Cláusula de Veleta:</em> la habilidad Veleta está prohibida</small></div><div class=""><small><em>Cláusula de Movimientos Evasivos:</em> los movimientos de Evasión están prohibidos.</small></div><div class=""><small><em>Cláusula de Batallas Eternas:</em> forzar batallas eternas está prohibido</small></div><div class="chat battle-history"><strong>Seiko leich's team:</strong> <em style="color:#445566;display:block;">Pidgeot / Krookodile / Swampert / Heliolisk / Tyranitar / Skarmory</em></div><div class="chat battle-history"><strong>EdwardEllric ツ's team:</strong> <em style="color:#445566;display:block;">Clefable / Chansey / Scizor / Gliscor / Magnezone / Volcarona</em></div><div class="chat chatmessage-seikoleich"><strong style="color:hsl(241,83%,63.70924950423548%)"><small>☆</small><span class="username" data-name="Seiko leich">Seiko leich</span>:</strong> <em>tu d enuevo</em></div><div class="spacer battle-history"><br></div><div class="battle-history">Battle started between Seiko leich and EdwardEllric ツ!<br></div><div class="spacer battle-history"><br></div><div class="battle-history">Go! <strong>Krookodile</strong>!<br></div><div class="spacer battle-history"><br></div><div class="battle-history">EdwardEllric ツ sent out <strong>Scizor</strong>!<br></div><div class="spacer battle-history"><br></div><h2 class="battle-history">Turn 1</h2><div class="spacer battle-history"><br></div><div class="battle-history">Krookodile, come back!<br></div><div class="battle-history">Go! <strong>Skarmory</strong>!<br></div><div class="spacer battle-history"><br></div><div class="battle-history"><small>The opposing Scizor's Scizorite is reacting to the Key Stone!</small><br>The opposing Scizor has Mega Evolved into Mega Scizor!<br></div><div class="spacer battle-history"><br></div><div class="battle-history">The opposing Scizor used <strong>U-turn</strong>!<br></div><div class="battle-history"><small>It's not very effective...</small><br></div><div class="battle-history"><small>(Skarmory lost <abbr title="−21/334">6.3%</abbr> of its health!)</small><br></div><div class="battle-history"><small>The opposing Scizor was hurt by the Rocky Helmet!</small><br></div><div class="spacer battle-history"><br></div><div class="battle-history">The opposing Scizor went back to EdwardEllric ツ!<br></div><div class="battle-history">EdwardEllric ツ sent out <strong>Magnezone</strong>!<br></div><div class="spacer battle-history"><br></div><h2 class="battle-history">Turn 2</h2><div class="spacer battle-history"><br></div><div class="battle-history">The opposing Magnezone used <strong>Thunderbolt</strong>!<br></div><div class="battle-history"><small>It's super effective!</small><br></div><div class="battle-history"><small>(Skarmory lost <abbr title="−313/334">93.7%</abbr> of its health!)</small><br></div><div class="spacer battle-history"><br></div><div class="battle-history">Skarmory fainted!<br></div><div class="spacer battle-history"><br></div><div class="battle-history">Go! <strong>Heliolisk</strong>!<br></div><div class="spacer battle-history"><br></div><h2 class="battle-history">Turn 3</h2><div class="spacer battle-history"><br></div><div class="battle-history">EdwardEllric ツ withdrew Magnezone!<br></div><div class="battle-history">EdwardEllric ツ sent out <strong>Chansey</strong>!<br></div><div class="spacer battle-history"><br></div><div class="battle-history">Heliolisk used <strong>Focus Blast</strong>!<br></div><div class="battle-history"><small>It's super effective!</small><br></div><div class="battle-history"><small>(The opposing Chansey lost <abbr title="−195/704">27.7%</abbr> of its health!)</small><br></div><div class="battle-history"><small>Heliolisk lost some of its HP!</small><br></div><div class="spacer battle-history"><br></div><h2 class="battle-history">Turn 4</h2><div class="spacer battle-history"><br></div><div class="battle-history">Heliolisk, come back!<br></div><div class="battle-history">Go! <strong>Krookodile</strong>!<br></div><div class="spacer battle-history"><br></div><div class="battle-history">The opposing Chansey used <strong>Toxic</strong>!<br></div><div class="battle-history"><small>Krookodile was badly poisoned!</small><br></div><div class="spacer battle-history"><br></div><div class="battle-history"><small>Krookodile was hurt by poison!</small><br></div><div class="spacer battle-history"><br></div><h2 class="battle-history">Turn 5</h2><div class="spacer battle-history"><br></div><div class="battle-history">EdwardEllric ツ withdrew Chansey!<br></div><div class="battle-history">EdwardEllric ツ sent out Scizor (<strong>Scizor-Mega</strong>)!<br></div><div class="spacer battle-history"><br></div><div class="battle-history">Krookodile used <strong>Knock Off</strong>!<br></div><div class="battle-history"><small>(The opposing Scizor lost <abbr title="−85/282">30.1%</abbr> of its health!)</small><br></div><div class="spacer battle-history"><br></div><div class="battle-history"><small>Krookodile was hurt by poison!</small><br></div><div class="spacer battle-history"><br></div><h2 class="battle-history">Turn 6</h2><div class="spacer battle-history"><br></div><div class="battle-history">Krookodile, come back!<br></div><div class="battle-history">Go! <strong>Swampert</strong>!<br></div><div class="spacer battle-history"><br></div><div class="battle-history">The opposing Scizor used <strong>U-turn</strong>!<br></div><div class="battle-history"><small>(Swampert lost <abbr title="−100/341">29.3%</abbr> of its health!)</small><br></div><div class="spacer battle-history"><br></div><div class="battle-history">The opposing Scizor went back to EdwardEllric ツ!<br></div><div class="battle-history">EdwardEllric ツ sent out <strong>Clefable</strong>!<br></div><div class="spacer battle-history"><br></div><h2 class="battle-history">Turn 7</h2><div class="spacer battle-history"><br></div><div class="battle-history">The opposing Clefable used <strong>Wish</strong>!<br></div><div class="spacer battle-history"><br></div><div class="battle-history">Swampert used <strong>Earthquake</strong>!<br></div><div class="battle-history"><small>(The opposing Clefable lost <abbr title="−219/394">55.6%</abbr> of its health!)</small><br></div><div class="spacer battle-history"><br></div><div class="battle-history"><small>The opposing Clefable restored a little HP using its Leftovers!</small><br></div><div class="spacer battle-history"><br></div><h2 class="battle-history">Turn 8</h2><div class="spacer battle-history"><br></div><div class="battle-history">EdwardEllric ツ withdrew Clefable!<br></div><div class="battle-history">EdwardEllric ツ sent out <strong>Gliscor</strong>!<br></div><div class="spacer battle-history"><br></div><div class="battle-history">Swampert used <strong>Earthquake</strong>!<br></div><div class="battle-history"><small>It doesn't affect the opposing Gliscor...</small><br></div><div class="spacer battle-history"><br></div><div class="battle-history"><small>The opposing Gliscor was badly poisoned!</small><br></div><div class="spacer battle-history"><br></div><h2 class="battle-history">Turn 9</h2><div class="spacer battle-history"><br></div><div class="battle-history">Swampert, come back!<br></div><div class="battle-history">Go! <strong>Pidgeot</strong>!<br></div><div class="spacer battle-history"><br></div><div class="battle-history">The opposing Gliscor used <strong>Swords Dance</strong>!<br></div><div class="battle-history"><small>The opposing Gliscor's Attack rose sharply!</small><br></div><div class="spacer battle-history"><br></div><h2 class="battle-history">Turn 10</h2><div class="spacer battle-history"><br></div><div class="battle-history"><small>Pidgeot's Pidgeotite is reacting to the Key Stone!</small><br>Pidgeot has Mega Evolved into Mega Pidgeot!<br></div><div class="spacer battle-history"><br></div><div class="battle-history">Pidgeot used <strong>Hurricane</strong>!<br></div><div class="battle-history"><small>(The opposing Gliscor lost <abbr title="−258/354">72.9%</abbr> of its health!)</small><br></div><div class="spacer battle-history"><br></div><div class="battle-history">The opposing Gliscor used <strong>Knock Off</strong>!<br></div><div class="battle-history"><small>(Pidgeot lost <abbr title="−135/308">43.8%</abbr> of its health!)</small><br></div><div class="spacer battle-history"><br></div><div class="battle-history"><small>[The opposing Gliscor's Poison Heal]</small><br><small>The opposing Gliscor restored its HP.</small><br></div><div class="spacer battle-history"><br></div><h2 class="battle-history">Turn 11</h2><div class="spacer battle-history"><br></div><div class="battle-history">Pidgeot, come back!<br></div><div class="battle-history">Go! <strong>Swampert</strong>!<br></div><div class="spacer battle-history"><br></div><div class="battle-history">EdwardEllric ツ withdrew Gliscor!<br></div><div class="battle-history">EdwardEllric ツ sent out <strong>Chansey</strong>!<br></div><div class="spacer battle-history"><br></div><h2 class="battle-history">Turn 12</h2><div class="spacer battle-history"><br></div><div class="battle-history">The opposing Chansey used <strong>Protect</strong>!<br></div><div class="battle-history"><small>The opposing Chansey protected itself!</small><br></div><div class="spacer battle-history"><br></div><div class="battle-history">Swampert used <strong>Superpower</strong>!<br></div><div class="battle-history"><small>The opposing Chansey protected itself!</small><br></div><div class="spacer battle-history"><br></div><h2 class="battle-history">Turn 13</h2><div class="spacer battle-history"><br></div><div class="battle-history">Swampert, come back!<br></div><div class="battle-history">Go! Pidgeot (<strong>Pidgeot-Mega</strong>)!<br></div><div class="spacer battle-history"><br></div><div class="battle-history">EdwardEllric ツ withdrew Chansey!<br></div><div class="battle-history">EdwardEllric ツ sent out <strong>Gliscor</strong>!<br></div><div class="spacer battle-history"><br></div><div class="battle-history"><small>[The opposing Gliscor's Poison Heal]</small><br><small>The opposing Gliscor restored its HP.</small><br></div><div class="spacer battle-history"><br></div><h2 class="battle-history">Turn 14</h2><div class="spacer battle-history"><br></div><div class="battle-history">The opposing Gliscor used <strong>Protect</strong>!<br></div><div class="battle-history"><small>The opposing Gliscor protected itself!</small><br></div><div class="spacer battle-history"><br></div><div class="battle-history">Pidgeot used <strong>Hurricane</strong>!<br></div><div class="battle-history"><small>The opposing Gliscor protected itself!</small><br></div><div class="spacer battle-history"><br></div><div class="battle-history"><small>[The opposing Gliscor's Poison Heal]</small><br><small>The opposing Gliscor restored its HP.</small><br></div><div class="spacer battle-history"><br></div><h2 class="battle-history">Turn 15</h2><div class="spacer battle-history"><br></div><div class="battle-history">EdwardEllric ツ withdrew Gliscor!<br></div><div class="battle-history">EdwardEllric ツ sent out <strong>Chansey</strong>!<br></div><div class="spacer battle-history"><br></div><div class="battle-history">Pidgeot used <strong>Hurricane</strong>!<br></div><div class="battle-history"><small>(The opposing Chansey lost <abbr title="−130/704">18.5%</abbr> of its health!)</small><br></div><div class="spacer battle-history"><br></div><h2 class="battle-history">Turn 16</h2><div class="spacer battle-history"><br></div><div class="battle-history">Pidgeot, come back!<br></div><div class="battle-history">Go! <strong>Krookodile</strong>!<br></div><div class="spacer battle-history"><br></div><div class="battle-history">The opposing Chansey used <strong>Toxic</strong>!<br></div><div class="battle-history"><small>Krookodile avoided the attack!</small><br></div><div class="spacer battle-history"><br></div><div class="battle-history"><small>Krookodile was hurt by poison!</small><br></div><div class="spacer battle-history"><br></div><h2 class="battle-history">Turn 17</h2><div class="spacer battle-history"><br></div><div class="battle-history">The opposing Chansey used <strong>Protect</strong>!<br></div><div class="battle-history"><small>The opposing Chansey protected itself!</small><br></div><div class="spacer battle-history"><br></div><div class="battle-history">Krookodile used <strong>Crunch</strong>!<br></div><div class="battle-history"><small>The opposing Chansey protected itself!</small><br></div><div class="spacer battle-history"><br></div><div class="battle-history"><small>Krookodile was hurt by poison!</small><br></div><div class="spacer battle-history"><br></div><h2 class="battle-history">Turn 18</h2><div class="spacer battle-history"><br></div><div class="battle-history">Krookodile, come back!<br></div><div class="battle-history">Go! <strong>Swampert</strong>!<br></div><div class="spacer battle-history"><br></div><div class="battle-history">EdwardEllric ツ withdrew Chansey!<br></div><div class="battle-history">EdwardEllric ツ sent out <strong>Clefable</strong>!<br></div><div class="spacer battle-history"><br></div><div class="battle-history"><small>The opposing Clefable restored a little HP using its Leftovers!</small><br></div><div class="spacer battle-history"><br></div><h2 class="battle-history">Turn 19</h2><div class="spacer battle-history"><br></div><div class="battle-history">The opposing Clefable used <strong>Protect</strong>!<br></div><div class="battle-history"><small>The opposing Clefable protected itself!</small><br></div><div class="spacer battle-history"><br></div><div class="battle-history">Swampert used <strong>Waterfall</strong>!<br></div><div class="battle-history"><small>The opposing Clefable protected itself!</small><br></div><div class="spacer battle-history"><br></div><div class="battle-history"><small>The opposing Clefable restored a little HP using its Leftovers!</small><br></div><div class="spacer battle-history"><br></div><h2 class="battle-history">Turn 20</h2><div class="spacer battle-history"><br></div><div class="battle-history">The opposing Clefable used <strong>Wish</strong>!<br></div><div class="spacer battle-history"><br></div><div class="battle-history">Swampert used <strong>Waterfall</strong>!<br></div><div class="battle-history"><small>(The opposing Clefable lost <abbr title="−168/394">42.6%</abbr> of its health!)</small><br></div><div class="spacer battle-history"><br></div><div class="battle-history"><small>The opposing Clefable restored a little HP using its Leftovers!</small><br></div><div class="spacer battle-history"><br></div><h2 class="battle-history">Turn 21</h2><div class="spacer battle-history"><br></div><div class="battle-history">Swampert, come back!<br></div><div class="battle-history">Go! Pidgeot (<strong>Pidgeot-Mega</strong>)!<br></div><div class="spacer battle-history"><br></div><div class="battle-history">The opposing Clefable used <strong>Protect</strong>!<br></div><div class="battle-history"><small>But it failed!</small><br></div><div class="spacer battle-history"><br></div><div class="battle-history"><small>Clefable's wish came true!</small><br></div><div class="battle-history"><small>The opposing Clefable restored a little HP using its Leftovers!</small><br></div><div class="spacer battle-history"><br></div><h2 class="battle-history">Turn 22</h2><div class="spacer battle-history"><br></div><div class="battle-history">The opposing Clefable used <strong>Protect</strong>!<br></div><div class="battle-history"><small>The opposing Clefable protected itself!</small><br></div><div class="spacer battle-history"><br></div><div class="battle-history">Pidgeot used <strong>Hurricane</strong>!<br></div><div class="battle-history"><small>The opposing Clefable protected itself!</small><br></div><div class="spacer battle-history"><br></div><div class="battle-history"><small>The opposing Clefable restored a little HP using its Leftovers!</small><br></div><div class="spacer battle-history"><br></div><h2 class="battle-history">Turn 23</h2><div class="spacer battle-history"><br></div><div class="battle-history">Pidgeot, come back!<br></div><div class="battle-history">Go! <strong>Swampert</strong>!<br></div><div class="spacer battle-history"><br></div><div class="battle-history">EdwardEllric ツ withdrew Clefable!<br></div><div class="battle-history">EdwardEllric ツ sent out <strong>Chansey</strong>!<br></div><div class="spacer battle-history"><br></div><h2 class="battle-history">Turn 24</h2><div class="spacer battle-history"><br></div><div class="battle-history">The opposing Chansey used <strong>Protect</strong>!<br></div><div class="battle-history"><small>The opposing Chansey protected itself!</small><br></div><div class="spacer battle-history"><br></div><div class="battle-history">Swampert used <strong>Waterfall</strong>!<br></div><div class="battle-history"><small>The opposing Chansey protected itself!</small><br></div><div class="spacer battle-history"><br></div><h2 class="battle-history">Turn 25</h2><div class="spacer battle-history"><br></div><div class="battle-history">Swampert used <strong>Waterfall</strong>!<br></div><div class="battle-history"><small>(The opposing Chansey lost <abbr title="−262/704">37.2%</abbr> of its health!)</small><br></div><div class="spacer battle-history"><br></div><div class="battle-history">The opposing Chansey flinched and couldn't move!<br></div><div class="spacer battle-history"><br></div><h2 class="battle-history">Turn 26</h2><div class="chat chatmessage-edwardellric"><strong style="color:hsl(55,45%,33%)"><small>☆</small><span class="username" data-name="EdwardEllric ツ">EdwardEllric ツ</span>:</strong> <em>puto</em></div><div class="chat chatmessage-edwardellric"><strong style="color:hsl(55,45%,33%)"><small>☆</small><span class="username" data-name="EdwardEllric ツ">EdwardEllric ツ</span>:</strong> <em>solo asi ganas</em></div><div class="spacer battle-history"><br></div><div class="battle-history">Swampert, come back!<br></div><div class="battle-history">Go! Pidgeot (<strong>Pidgeot-Mega</strong>)!<br></div><div class="spacer battle-history"><br></div><div class="battle-history">The opposing Chansey used <strong>Protect</strong>!<br></div><div class="battle-history"><small>But it failed!</small><br></div><div class="spacer battle-history"><br></div><h2 class="battle-history">Turn 27</h2><div class="spacer battle-history"><br></div><div class="battle-history">Pidgeot used <strong>Hurricane</strong>!<br></div><div class="battle-history"><small>(The opposing Chansey lost <abbr title="−117/704">16.6%</abbr> of its health!)</small><br></div><div class="spacer battle-history"><br></div><div class="battle-history">The opposing Chansey fainted!<br></div><div class="spacer battle-history"><br></div><div class="battle-history">EdwardEllric ツ sent out Scizor (<strong>Scizor-Mega</strong>)!<br></div><div class="spacer battle-history"><br></div><h2 class="battle-history">Turn 28</h2><div class="chat chatmessage-seikoleich"><strong style="color:hsl(241,83%,63.70924950423548%)"><small>☆</small><span class="username" data-name="Seiko leich">Seiko leich</span>:</strong> <em>cayo la gorda</em></div><div class="spacer battle-history"><br></div><div class="battle-history">The opposing Scizor used <strong>Bullet Punch</strong>!<br></div><div class="battle-history"><small>(Pidgeot lost <abbr title="−133/308">43.2%</abbr> of its health!)</small><br></div><div class="spacer battle-history"><br></div><div class="battle-history">Pidgeot used <strong>Heat Wave</strong>!<br></div><div class="battle-history"><small>It's super effective!</small><br></div><div class="battle-history"><small>(The opposing Scizor lost <abbr title="−150/282">53.2%</abbr> of its health!)</small><br></div><div class="spacer battle-history"><br></div><div class="battle-history">The opposing Scizor fainted!<br></div><div class="chat chatmessage-edwardellric"><strong style="color:hsl(55,45%,33%)"><small>☆</small><span class="username" data-name="EdwardEllric ツ">EdwardEllric ツ</span>:</strong> <em>metiendome tu hax asquerosa</em></div><div class="spacer battle-history"><br></div><div class="battle-history">EdwardEllric ツ sent out <strong>Clefable</strong>!<br></div><div class="spacer battle-history"><br></div><h2 class="battle-history">Turn 29</h2><div class="chat chatmessage-edwardellric"><strong style="color:hsl(55,45%,33%)"><small>☆</small><span class="username" data-name="EdwardEllric ツ">EdwardEllric ツ</span>:</strong> <em>solo asi ganas</em></div><div class="spacer battle-history"><br></div><div class="battle-history">Pidgeot used <strong>Roost</strong>!<br></div><div class="battle-history"><small>Pidgeot restored its HP.</small><br></div><div class="spacer battle-history"><br></div><div class="battle-history">The opposing Clefable used <strong>Moonblast</strong>!<br></div><div class="battle-history"><small>(Pidgeot lost <abbr title="−138/308">44.8%</abbr> of its health!)</small><br></div><div class="spacer battle-history"><br></div><div class="battle-history"><small>The opposing Clefable restored a little HP using its Leftovers!</small><br></div><div class="spacer battle-history"><br></div><h2 class="battle-history">Turn 30</h2><div class="spacer battle-history"><br></div><div class="battle-history">Pidgeot used <strong>Roost</strong>!<br></div><div class="battle-history"><small>Pidgeot restored its HP.</small><br></div><div class="spacer battle-history"><br></div><div class="battle-history">The opposing Clefable used <strong>Moonblast</strong>!<br></div><div class="battle-history"><small>(Pidgeot lost <abbr title="−132/308">42.9%</abbr> of its health!)</small><br></div><div class="battle-history"><small>Pidgeot's Special Attack fell!</small><br></div><div class="spacer battle-history"><br></div><div class="battle-history"><small>The opposing Clefable restored a little HP using its Leftovers!</small><br></div><div class="spacer battle-history"><br></div><h2 class="battle-history">Turn 31</h2><div class="spacer battle-history"><br></div><div class="battle-history">Pidgeot used <strong>Roost</strong>!<br></div><div class="battle-history"><small>Pidgeot restored its HP.</small><br></div><div class="spacer battle-history"><br></div><div class="battle-history">The opposing Clefable used <strong>Moonblast</strong>!<br></div><div class="battle-history"><small>(Pidgeot lost <abbr title="−133/308">43.2%</abbr> of its health!)</small><br></div><div class="spacer battle-history"><br></div><h2 class="battle-history">Turn 32</h2><div class="spacer battle-history"><br></div><div class="battle-history">Pidgeot used <strong>Roost</strong>!<br></div><div class="battle-history"><small>Pidgeot restored its HP.</small><br></div><div class="spacer battle-history"><br></div><div class="battle-history">The opposing Clefable used <strong>Moonblast</strong>!<br></div><div class="battle-history"><small>(Pidgeot lost <abbr title="−118/308">38.3%</abbr> of its health!)</small><br></div><div class="spacer battle-history"><br></div><h2 class="battle-history">Turn 33</h2><div class="spacer battle-history"><br></div><div class="battle-history">Pidgeot used <strong>Roost</strong>!<br></div><div class="battle-history"><small>Pidgeot restored its HP.</small><br></div><div class="spacer battle-history"><br></div><div class="battle-history">The opposing Clefable used <strong>Moonblast</strong>!<br></div><div class="battle-history"><small>(Pidgeot lost <abbr title="−118/308">38.3%</abbr> of its health!)</small><br></div><div class="spacer battle-history"><br></div><h2 class="battle-history">Turn 34</h2><div class="spacer battle-history"><br></div><div class="battle-history">Pidgeot, come back!<br></div><div class="battle-history">Go! <strong>Swampert</strong>!<br></div><div class="spacer battle-history"><br></div><div class="battle-history">The opposing Clefable used <strong>Moonblast</strong>!<br></div><div class="battle-history"><small>(Swampert lost <abbr title="−115/341">33.7%</abbr> of its health!)</small><br></div><div class="spacer battle-history"><br></div><h2 class="battle-history">Turn 35</h2><div class="spacer battle-history"><br></div><div class="battle-history">The opposing Clefable used <strong>Moonblast</strong>!<br></div><div class="battle-history"><small>(Swampert lost <abbr title="−118/341">34.6%</abbr> of its health!)</small><br></div><div class="spacer battle-history"><br></div><div class="battle-history">Swampert used <strong>Earthquake</strong>!<br></div><div class="battle-history"><small>(The opposing Clefable lost <abbr title="−192/394">48.7%</abbr> of its health!)</small><br></div><div class="spacer battle-history"><br></div><div class="battle-history"><small>The opposing Clefable restored a little HP using its Leftovers!</small><br></div><div class="spacer battle-history"><br></div><h2 class="battle-history">Turn 36</h2><div class="spacer battle-history"><br></div><div class="battle-history">The opposing Clefable used <strong>Moonblast</strong>!<br></div><div class="battle-history"><small>(Swampert lost <abbr title="−8/341">2.3%</abbr> of its health!)</small><br></div><div class="spacer battle-history"><br></div><div class="battle-history">Swampert fainted!<br></div><div class="spacer battle-history"><br></div><div class="battle-history"><small>The opposing Clefable restored a little HP using its Leftovers!</small><br></div><div class="spacer battle-history"><br></div><div class="battle-history">Go! Pidgeot (<strong>Pidgeot-Mega</strong>)!<br></div><div class="spacer battle-history"><br></div><h2 class="battle-history">Turn 37</h2><div class="spacer battle-history"><br></div><div class="battle-history">The opposing Clefable used <strong>Protect</strong>!<br></div><div class="battle-history"><small>The opposing Clefable protected itself!</small><br></div><div class="spacer battle-history"><br></div><div class="battle-history">Pidgeot used <strong>Hurricane</strong>!<br></div><div class="battle-history"><small>The opposing Clefable protected itself!</small><br></div><div class="spacer battle-history"><br></div><div class="battle-history"><small>The opposing Clefable restored a little HP using its Leftovers!</small><br></div><div class="spacer battle-history"><br></div><h2 class="battle-history">Turn 38</h2><div class="spacer battle-history"><br></div><div class="battle-history">EdwardEllric ツ withdrew Clefable!<br></div><div class="battle-history">EdwardEllric ツ sent out <strong>Magnezone</strong>!<br></div><div class="spacer battle-history"><br></div><div class="battle-history">Pidgeot used <strong>Hurricane</strong>!<br></div><div class="battle-history"><small>It's not very effective...</small><br></div><div class="battle-history"><small>(The opposing Magnezone lost <abbr title="−52/281">18.5%</abbr> of its health!)</small><br></div><div class="battle-history"><small>The opposing Magnezone became confused!</small><br></div><div class="spacer battle-history"><br></div><h2 class="battle-history">Turn 39</h2><div class="spacer battle-history"><br></div><div class="battle-history">Pidgeot, come back!<br></div><div class="battle-history">Go! <strong>Krookodile</strong>!<br></div><div class="spacer battle-history"><br></div><div class="battle-history">EdwardEllric ツ withdrew Magnezone!<br></div><div class="battle-history">EdwardEllric ツ sent out <strong>Gliscor</strong>!<br></div><div class="spacer battle-history"><br></div><div class="battle-history"><small>Krookodile was hurt by poison!</small><br></div><div class="battle-history"><small>[The opposing Gliscor's Poison Heal]</small><br><small>The opposing Gliscor restored its HP.</small><br></div><div class="spacer battle-history"><br></div><h2 class="battle-history">Turn 40</h2><div class="spacer battle-history"><br></div><div class="battle-history">Krookodile, come back!<br></div><div class="battle-history">Go! Pidgeot (<strong>Pidgeot-Mega</strong>)!<br></div><div class="spacer battle-history"><br></div><div class="battle-history">The opposing Gliscor used <strong>Knock Off</strong>!<br></div><div class="battle-history"><small>A critical hit!</small><br></div><div class="battle-history"><small>(Pidgeot lost <abbr title="−94/308">30.5%</abbr> of its health!)</small><br></div><div class="spacer battle-history"><br></div><div class="battle-history"><small>[The opposing Gliscor's Poison Heal]</small><br><small>The opposing Gliscor restored its HP.</small><br></div><div class="spacer battle-history"><br></div><h2 class="battle-history">Turn 41</h2><div class="spacer battle-history"><br></div><div class="battle-history">Pidgeot used <strong>Roost</strong>!<br></div><div class="battle-history"><small>Pidgeot restored its HP.</small><br></div><div class="spacer battle-history"><br></div><div class="battle-history">The opposing Gliscor used <strong>Knock Off</strong>!<br></div><div class="battle-history"><small>(Pidgeot lost <abbr title="−59/308">19.2%</abbr> of its health!)</small><br></div><div class="spacer battle-history"><br></div><div class="battle-history"><small>[The opposing Gliscor's Poison Heal]</small><br><small>The opposing Gliscor restored its HP.</small><br></div><div class="spacer battle-history"><br></div><h2 class="battle-history">Turn 42</h2><div class="spacer battle-history"><br></div><div class="battle-history">Pidgeot used <strong>Heat Wave</strong>!<br></div><div class="battle-history"><small>(The opposing Gliscor lost <abbr title="−158/354">44.6%</abbr> of its health!)</small><br></div><div class="spacer battle-history"><br></div><div class="battle-history">The opposing Gliscor used <strong>Knock Off</strong>!<br></div><div class="battle-history"><small>(Pidgeot lost <abbr title="−58/308">18.8%</abbr> of its health!)</small><br></div><div class="spacer battle-history"><br></div><div class="battle-history"><small>[The opposing Gliscor's Poison Heal]</small><br><small>The opposing Gliscor restored its HP.</small><br></div><div class="spacer battle-history"><br></div><h2 class="battle-history">Turn 43</h2><div class="spacer battle-history"><br></div><div class="battle-history">The opposing Gliscor used <strong>Protect</strong>!<br></div><div class="battle-history"><small>The opposing Gliscor protected itself!</small><br></div><div class="spacer battle-history"><br></div><div class="battle-history">Pidgeot used <strong>Roost</strong>!<br></div><div class="battle-history"><small>Pidgeot restored its HP.</small><br></div><div class="spacer battle-history"><br></div><div class="battle-history"><small>[The opposing Gliscor's Poison Heal]</small><br><small>The opposing Gliscor restored its HP.</small><br></div><div class="spacer battle-history"><br></div><h2 class="battle-history">Turn 44</h2><div class="spacer battle-history"><br></div><div class="battle-history">Pidgeot used <strong>Heat Wave</strong>!<br></div><div class="battle-history"><small>(The opposing Gliscor lost <abbr title="−140/354">39.5%</abbr> of its health!)</small><br></div><div class="spacer battle-history"><br></div><div class="battle-history">The opposing Gliscor used <strong>Knock Off</strong>!<br></div><div class="battle-history"><small>(Pidgeot lost <abbr title="−67/308">21.8%</abbr> of its health!)</small><br></div><div class="spacer battle-history"><br></div><div class="battle-history"><small>[The opposing Gliscor's Poison Heal]</small><br><small>The opposing Gliscor restored its HP.</small><br></div><div class="spacer battle-history"><br></div><h2 class="battle-history">Turn 45</h2><div class="spacer battle-history"><br></div><div class="battle-history">The opposing Gliscor used <strong>Protect</strong>!<br></div><div class="battle-history"><small>The opposing Gliscor protected itself!</small><br></div><div class="spacer battle-history"><br></div><div class="battle-history">Pidgeot used <strong>Heat Wave</strong>!<br></div><div class="battle-history"><small>The opposing Gliscor protected itself!</small><br></div><div class="spacer battle-history"><br></div><div class="battle-history"><small>[The opposing Gliscor's Poison Heal]</small><br><small>The opposing Gliscor restored its HP.</small><br></div><div class="spacer battle-history"><br></div><h2 class="battle-history">Turn 46</h2><div class="spacer battle-history"><br></div><div class="battle-history">Pidgeot used <strong>Hurricane</strong>!<br></div><div class="battle-history"><small>(The opposing Gliscor lost <abbr title="−232/354">65.5%</abbr> of its health!)</small><br></div><div class="spacer battle-history"><br></div><div class="battle-history">The opposing Gliscor fainted!<br></div><div class="spacer battle-history"><br></div><div class="battle-history">EdwardEllric ツ sent out <strong>Clefable</strong>!<br></div><div class="spacer battle-history"><br></div><h2 class="battle-history">Turn 47</h2><div class="spacer battle-history"><br></div><div class="battle-history">The opposing Clefable used <strong>Protect</strong>!<br></div><div class="battle-history"><small>The opposing Clefable protected itself!</small><br></div><div class="spacer battle-history"><br></div><div class="battle-history">Pidgeot used <strong>Heat Wave</strong>!<br></div><div class="battle-history"><small>The opposing Clefable protected itself!</small><br></div><div class="spacer battle-history"><br></div><div class="battle-history"><small>The opposing Clefable restored a little HP using its Leftovers!</small><br></div><div class="spacer battle-history"><br></div><h2 class="battle-history">Turn 48</h2><div class="spacer battle-history"><br></div><div class="battle-history">Pidgeot used <strong>Hurricane</strong>!<br></div><div class="battle-history"><small>(The opposing Clefable lost <abbr title="−235/394">59.6%</abbr> of its health!)</small><br></div><div class="spacer battle-history"><br></div><div class="battle-history">The opposing Clefable used <strong>Wish</strong>!<br></div><div class="spacer battle-history"><br></div><div class="battle-history"><small>The opposing Clefable restored a little HP using its Leftovers!</small><br></div><div class="spacer battle-history"><br></div><h2 class="battle-history">Turn 49</h2><div class="spacer battle-history"><br></div><div class="battle-history">Pidgeot, come back!<br></div><div class="battle-history">Go! <strong>Tyranitar</strong>!<br></div><div class="battle-history"><small>[Tyranitar's Sand Stream]</small><br><small>A sandstorm kicked up!</small><br></div><div class="spacer battle-history"><br></div><div class="battle-history">The opposing Clefable used <strong>Protect</strong>!<br></div><div class="battle-history"><small>But it failed!</small><br></div><div class="spacer battle-history"><br></div><div class="battle-history"><small>The sandstorm is raging.</small><br></div><div class="battle-history"><small>The opposing Clefable is buffeted by the sandstorm!</small><br></div><div class="battle-history"><small>Clefable's wish came true!</small><br></div><div class="battle-history"><small>The opposing Clefable restored a little HP using its Leftovers!</small><br></div><div class="spacer battle-history"><br></div><h2 class="battle-history">Turn 50</h2><div class="spacer battle-history"><br></div><div class="battle-history">Tyranitar used <strong>Stone Edge</strong>!<br></div><div class="battle-history"><small>(The opposing Clefable lost <abbr title="−190/394">48.2%</abbr> of its health!)</small><br></div><div class="spacer battle-history"><br></div><div class="battle-history">The opposing Clefable used <strong>Wish</strong>!<br></div><div class="spacer battle-history"><br></div><div class="battle-history"><small>The sandstorm is raging.</small><br></div><div class="battle-history"><small>The opposing Clefable is buffeted by the sandstorm!</small><br></div><div class="battle-history"><small>The opposing Clefable restored a little HP using its Leftovers!</small><br></div><div class="spacer battle-history"><br></div><h2 class="battle-history">Turn 51</h2><div class="spacer battle-history"><br></div><div class="battle-history">The opposing Clefable used <strong>Protect</strong>!<br></div><div class="battle-history"><small>The opposing Clefable protected itself!</small><br></div><div class="spacer battle-history"><br></div><div class="battle-history">Tyranitar used <strong>Earthquake</strong>!<br></div><div class="battle-history"><small>The opposing Clefable protected itself!</small><br></div><div class="spacer battle-history"><br></div><div class="battle-history"><small>The sandstorm is raging.</small><br></div><div class="battle-history"><small>The opposing Clefable is buffeted by the sandstorm!</small><br></div><div class="battle-history"><small>Clefable's wish came true!</small><br></div><div class="battle-history"><small>The opposing Clefable restored a little HP using its Leftovers!</small><br></div><div class="spacer battle-history"><br></div><h2 class="battle-history">Turn 52</h2><div class="spacer battle-history"><br></div><div class="battle-history">Tyranitar used <strong>Stone Edge</strong>!<br></div><div class="battle-history"><small>(The opposing Clefable lost <abbr title="−184/394">46.7%</abbr> of its health!)</small><br></div><div class="spacer battle-history"><br></div><div class="battle-history">The opposing Clefable used <strong>Wish</strong>!<br></div><div class="spacer battle-history"><br></div><div class="battle-history"><small>The sandstorm is raging.</small><br></div><div class="battle-history"><small>The opposing Clefable is buffeted by the sandstorm!</small><br></div><div class="battle-history"><small>The opposing Clefable restored a little HP using its Leftovers!</small><br></div><div class="spacer battle-history"><br></div><h2 class="battle-history">Turn 53</h2><div class="spacer battle-history"><br></div><div class="battle-history">Tyranitar, come back!<br></div><div class="battle-history">Go! <strong>Heliolisk</strong>!<br></div><div class="spacer battle-history"><br></div><div class="battle-history">The opposing Clefable used <strong>Protect</strong>!<br></div><div class="battle-history"><small>But it failed!</small><br></div><div class="spacer battle-history"><br></div><div class="battle-history"><small>The sandstorm subsided.</small><br></div><div class="battle-history"><small>Clefable's wish came true!</small><br></div><div class="battle-history"><small>The opposing Clefable restored a little HP using its Leftovers!</small><br></div><div class="spacer battle-history"><br></div><h2 class="battle-history">Turn 54</h2><div class="spacer battle-history"><br></div><div class="battle-history">The opposing Clefable used <strong>Protect</strong>!<br></div><div class="battle-history"><small>The opposing Clefable protected itself!</small><br></div><div class="spacer battle-history"><br></div><div class="battle-history">Heliolisk used <strong>Thunderbolt</strong>!<br></div><div class="battle-history"><small>The opposing Clefable protected itself!</small><br></div><div class="spacer battle-history"><br></div><div class="battle-history"><small>The opposing Clefable restored a little HP using its Leftovers!</small><br></div><div class="spacer battle-history"><br></div><h2 class="battle-history">Turn 55</h2><div class="spacer battle-history"><br></div><div class="battle-history">EdwardEllric ツ withdrew Clefable!<br></div><div class="battle-history">EdwardEllric ツ sent out <strong>Magnezone</strong>!<br></div><div class="spacer battle-history"><br></div><div class="battle-history">Heliolisk used <strong>Thunderbolt</strong>!<br></div><div class="battle-history"><small>It's not very effective...</small><br></div><div class="battle-history"><small>(The opposing Magnezone lost <abbr title="−97/281">34.5%</abbr> of its health!)</small><br></div><div class="battle-history"><small>Heliolisk lost some of its HP!</small><br></div><div class="spacer battle-history"><br></div><h2 class="battle-history">Turn 56</h2><div class="spacer battle-history"><br></div><div class="battle-history">Heliolisk used <strong>Surf</strong>!<br></div><div class="battle-history"><small>(The opposing Magnezone lost <abbr title="−131/281">46.6%</abbr> of its health!)</small><br></div><div class="battle-history"><small>Heliolisk lost some of its HP!</small><br></div><div class="spacer battle-history"><br></div><div class="battle-history">The opposing Magnezone used <strong>Flash Cannon</strong>!<br></div><div class="battle-history"><small>It's not very effective...</small><br></div><div class="battle-history"><small>(Heliolisk lost <abbr title="−105/266">39.5%</abbr> of its health!)</small><br></div><div class="spacer battle-history"><br></div><h2 class="battle-history">Turn 57</h2><div class="spacer battle-history"><br></div><div class="battle-history">Heliolisk used <strong>Thunderbolt</strong>!<br></div><div class="battle-history"><small>It's not very effective...</small><br></div><div class="battle-history"><small>(The opposing Magnezone lost <abbr title="−1/281">0.4%</abbr> of its health!)</small><br></div><div class="battle-history"><small>Heliolisk lost some of its HP!</small><br></div><div class="spacer battle-history"><br></div><div class="battle-history">The opposing Magnezone fainted!<br></div><div class="spacer battle-history"><br></div><div class="battle-history">EdwardEllric ツ sent out <strong>Clefable</strong>!<br></div><div class="spacer battle-history"><br></div><h2 class="battle-history">Turn 58</h2><div class="spacer battle-history"><br></div><div class="battle-history">Heliolisk used <strong>Thunderbolt</strong>!<br></div><div class="battle-history"><small>(The opposing Clefable lost <abbr title="−187/394">47.5%</abbr> of its health!)</small><br></div><div class="battle-history"><small>Heliolisk lost some of its HP!</small><br></div><div class="spacer battle-history"><br></div><div class="battle-history">The opposing Clefable used <strong>Moonblast</strong>!<br></div><div class="battle-history"><small>(Heliolisk lost <abbr title="−31/266">11.7%</abbr> of its health!)</small><br></div><div class="spacer battle-history"><br></div><div class="battle-history">Heliolisk fainted!<br></div><div class="spacer battle-history"><br></div><div class="battle-history"><small>The opposing Clefable restored a little HP using its Leftovers!</small><br></div><div class="spacer battle-history"><br></div><div class="battle-history">Go! Pidgeot (<strong>Pidgeot-Mega</strong>)!<br></div><div class="spacer battle-history"><br></div><h2 class="battle-history">Turn 59</h2><div class="spacer battle-history"><br></div><div class="battle-history">The opposing Clefable used <strong>Protect</strong>!<br></div><div class="battle-history"><small>The opposing Clefable protected itself!</small><br></div><div class="spacer battle-history"><br></div><div class="battle-history">Pidgeot used <strong>Heat Wave</strong>!<br></div><div class="battle-history"><small>The opposing Clefable protected itself!</small><br></div><div class="spacer battle-history"><br></div><div class="battle-history"><small>The opposing Clefable restored a little HP using its Leftovers!</small><br></div><div class="spacer battle-history"><br></div><h2 class="battle-history">Turn 60</h2><div class="spacer battle-history"><br></div><div class="battle-history">Pidgeot used <strong>Hurricane</strong>!<br></div><div class="battle-history"><small>(The opposing Clefable lost <abbr title="−208/394">52.8%</abbr> of its health!)</small><br></div><div class="spacer battle-history"><br></div><div class="battle-history">The opposing Clefable used <strong>Wish</strong>!<br></div><div class="spacer battle-history"><br></div><div class="battle-history"><small>The opposing Clefable restored a little HP using its Leftovers!</small><br></div><div class="spacer battle-history"><br></div><h2 class="battle-history">Turn 61</h2><div class="chat chatmessage-edwardellric"><strong style="color:hsl(55,45%,33%)"><small>☆</small><span class="username" data-name="EdwardEllric ツ">EdwardEllric ツ</span>:</strong> <em>enserio que no ntiendo</em></div><div class="chat chatmessage-edwardellric"><strong style="color:hsl(55,45%,33%)"><small>☆</small><span class="username" data-name="EdwardEllric ツ">EdwardEllric ツ</span>:</strong> <em>como me puedes ganar</em></div><div class="spacer battle-history"><br></div><div class="battle-history">The opposing Clefable used <strong>Protect</strong>!<br></div><div class="battle-history"><small>The opposing Clefable protected itself!</small><br></div><div class="spacer battle-history"><br></div><div class="battle-history">Pidgeot used <strong>Heat Wave</strong>!<br></div><div class="battle-history"><small>The opposing Clefable protected itself!</small><br></div><div class="spacer battle-history"><br></div><div class="battle-history"><small>Clefable's wish came true!</small><br></div><div class="battle-history"><small>The opposing Clefable restored a little HP using its Leftovers!</small><br></div><div class="spacer battle-history"><br></div><h2 class="battle-history">Turn 62</h2><div class="spacer battle-history"><br></div><div class="battle-history">Pidgeot used <strong>Hurricane</strong>!<br></div><div class="battle-history"><small>A critical hit!</small><br></div><div class="battle-history"><small>(The opposing Clefable lost <abbr title="−250/394">63.5%</abbr> of its health!)</small><br></div><div class="spacer battle-history"><br></div><div class="battle-history">The opposing Clefable fainted!<br></div><div class="spacer battle-history"><br></div><div class="battle-history">EdwardEllric ツ sent out <strong>Volcarona</strong>!<br></div><div class="spacer battle-history"><br></div><h2 class="battle-history">Turn 63</h2><div class="chat chatmessage-edwardellric"><strong style="color:hsl(55,45%,33%)"><small>☆</small><span class="username" data-name="EdwardEllric ツ">EdwardEllric ツ</span>:</strong> <em>das asco</em></div><div class="spacer battle-history"><br></div><div class="battle-history">Pidgeot used <strong>Hurricane</strong>!<br></div><div class="battle-history"><small>It's super effective!</small><br></div><div class="battle-history"><small>(The opposing Volcarona lost <abbr title="−321/321">100%</abbr> of its health!)</small><br></div><div class="spacer battle-history"><br></div><div class="battle-history">The opposing Volcarona fainted!<br></div><div class="spacer battle-history"><br></div><div class="battle-history"><strong>Seiko leich</strong> won the battle!<br></div><div class="chat">Seiko leich ha ganado 6.75 PokeDolares.</div><div class="chat">Puntaje de Seiko leich: 1190 → <strong>1219</strong><br>(+29 por ganar)</div><div class="chat">Puntaje de EdwardEllric ツ: 1232 → <strong>1204</strong><br>(-28 por perder)</div><div class="chat chatmessage-seikoleich"><strong style="color:hsl(241,83%,63.70924950423548%)"><small>☆</small><span class="username" data-name="Seiko leich">Seiko leich</span>:</strong> <em>a casa llorar</em></div><div class="chat chatmessage-seikoleich"><strong style="color:hsl(241,83%,63.70924950423548%)"><small>☆</small><span class="username" data-name="Seiko leich">Seiko leich</span>:</strong> <em>esto es pokemon</em></div></div><div class="inner-preempt"></div></div></div>
</div>
<script>
let daily = Math.floor(Date.now()/1000/60/60/24);document.write('<script src="https://play.pokemonshowdown.com/js/replay-embed.js?version'+daily+'"></'+'script>');
</script>
