<!DOCTYPE html>
<meta charset="utf-8" />
<!-- version 1 -->
<title>OU replay: Joan19pokemon.2 vs. ms pinguino 2</title>
<style>
html,body {font-family:Verdana, sans-serif;font-size:10pt;margin:0;padding:0;}body{padding:12px 0;} .battle-log {font-family:Verdana, sans-serif;font-size:10pt;} .battle-log-inline {border:1px solid #AAAAAA;background:#EEF2F5;color:black;max-width:640px;margin:0 auto 80px;padding-bottom:5px;} .battle-log .inner {padding:4px 8px 0px 8px;} .battle-log .inner-preempt {padding:0 8px 4px 8px;} .battle-log .inner-after {margin-top:0.5em;} .battle-log h2 {margin:0.5em -8px;padding:4px 8px;border:1px solid #AAAAAA;background:#E0E7EA;border-left:0;border-right:0;font-family:Verdana, sans-serif;font-size:13pt;} .battle-log .chat {vertical-align:middle;padding:3px 0 3px 0;font-size:8pt;} .battle-log .chat strong {color:#40576A;} .battle-log .chat em {padding:1px 4px 1px 3px;color:#000000;font-style:normal;} .chat.mine {background:rgba(0,0,0,0.05);margin-left:-8px;margin-right:-8px;padding-left:8px;padding-right:8px;} .spoiler {color:#BBBBBB;background:#BBBBBB;padding:0px 3px;} .spoiler:hover, .spoiler:active, .spoiler-shown {color:#000000;background:#E2E2E2;padding:0px 3px;} .spoiler a {color:#BBBBBB;} .spoiler:hover a, .spoiler:active a, .spoiler-shown a {color:#2288CC;} .chat code, .chat .spoiler:hover code, .chat .spoiler:active code, .chat .spoiler-shown code {border:1px solid #C0C0C0;background:#EEEEEE;color:black;padding:0 2px;} .chat .spoiler code {border:1px solid #CCCCCC;background:#CCCCCC;color:#CCCCCC;} .battle-log .rated {padding:3px 4px;} .battle-log .rated strong {color:white;background:#89A;padding:1px 4px;border-radius:4px;} .spacer {margin-top:0.5em;} .message-announce {background:#6688AA;color:white;padding:1px 4px 2px;} .message-announce a, .broadcast-green a, .broadcast-blue a, .broadcast-red a {color:#DDEEFF;} .broadcast-green {background-color:#559955;color:white;padding:2px 4px;} .broadcast-blue {background-color:#6688AA;color:white;padding:2px 4px;} .infobox {border:1px solid #6688AA;padding:2px 4px;} .infobox-limited {max-height:200px;overflow:auto;overflow-x:hidden;} .broadcast-red {background-color:#AA5544;color:white;padding:2px 4px;} .message-learn-canlearn {font-weight:bold;color:#228822;text-decoration:underline;} .message-learn-cannotlearn {font-weight:bold;color:#CC2222;text-decoration:underline;} .message-effect-weak {font-weight:bold;color:#CC2222;} .message-effect-resist {font-weight:bold;color:#6688AA;} .message-effect-immune {font-weight:bold;color:#666666;} .message-learn-list {margin-top:0;margin-bottom:0;} .message-throttle-notice, .message-error {color:#992222;} .message-overflow, .chat small.message-overflow {font-size:0pt;} .message-overflow::before {font-size:9pt;content:'...';} .subtle {color:#3A4A66;}
</style>
<div class="wrapper replay-wrapper" style="max-width:1180px;margin:0 auto">
<input type="hidden" name="replayid" value="destiny-ou-533482" />
<div class="battle"></div><div class="battle-log"></div><div class="replay-controls"></div><div class="replay-controls-2"></div>
<h1 style="font-weight:normal;text-align:center"><strong>OU</strong><br /><a href="http://pokemonshowdown.com/users/joan19pokemon2" class="subtle" target="_blank">Joan19pokemon.2</a> vs. <a href="http://pokemonshowdown.com/users/mspinguino2" class="subtle" target="_blank">ms pinguino 2</a></h1>
<script type="text/plain" class="battle-log-data">|player|p1|Joan19pokemon.2|101
|teamsize|p1|6
|player|p2|ms pinguino 2|mspinguino2-2.gif?584eb9aa
|teamsize|p2|6
|teamsize|p1|6
|teamsize|p2|6
|gametype|singles
|gen|7
|tier|OU
|seed|37530,10731,33154,23383
|rule|Cláusula-Mod de Dormir: solo puedes dormir a uno de tus oponentes a la vez.
|rule|Cláusula de Especie: Hasta un Pokémon de cada especie
|rule|Cláusula de Golpe Fulminante: los movimientos fulminantes (OHKO) estan prohibidos
|rule|Cláusula de Veleta: la habilidad Veleta está prohibida
|rule|Cláusula de Movimientos Evasivos: los movimientos de Evasión están prohibidos.
|rule|Cláusula de Batallas Eternas: forzar batallas eternas está prohibido
|clearpoke
|poke|p1|Zeraora|item
|poke|p1|Scizor, M|item
|poke|p1|Clefable, F|item
|poke|p1|Greninja, M|item
|poke|p1|Latios, M|item
|poke|p1|Heatran, F|item
|poke|p2|Pelipper, M|item
|poke|p2|Swampert, F|item
|poke|p2|Ferrothorn, M|item
|poke|p2|Qwilfish, F|item
|poke|p2|Tapu Koko|item
|poke|p2|Greninja, M|item
|teampreview|undefined
|choice|*|*team 123456
|choice|*team 623451|*
|choice|team 6, 2, 3, 4, 5, 1|team 1, 2, 3, 4, 5, 6
|
|start
|switch|p1a: Heatran|Heatran, F|386\/386
|switch|p2a: Pelipper|Pelipper, M|323\/323
|-item|p1a: Heatran|Air Balloon
|-weather|RainDance|[from] ability: Drizzle|[of] p2a: Pelipper
|turn|1
|choice|*switch 5|*
|choice|*switch 5|*
|choice|*|*move 4
|choice|switch 5|move uturn
|
|switch|p1a: Latios|Latios, M|301\/301
|move|p2a: Pelipper|U-turn|p1a: Latios
|-supereffective|p1a: Latios
|-damage|p1a: Latios|231\/301
|choice|*|*switch 3
|choice||switch 3
|
|switch|p2a: Ferrothorn|Ferrothorn, M|351\/351|[from]move: U-turn
|
|-weather|RainDance|[upkeep]
|upkeep
|turn|2
|choice|*|*move 4
|choice|*switch 5|*
|choice|switch 5|move stealthrock
|
|switch|p1a: Heatran|Heatran, F|386\/386
|-item|p1a: Heatran|Air Balloon
|move|p2a: Ferrothorn|Stealth Rock|p1a: Heatran
|-sidestart|p1: Joan19pokemon.2|move: Stealth Rock
|
|-weather|RainDance|[upkeep]
|upkeep
|turn|3
|choice|*move 1|*
|choice|*|*move 2
|choice|move stealthrock|move gyroball
|
|move|p1a: Heatran|Stealth Rock|p2a: Ferrothorn
|-sidestart|p2: ms pinguino 2|move: Stealth Rock
|move|p2a: Ferrothorn|Gyro Ball|p1a: Heatran
|-resisted|p1a: Heatran
|-damage|p1a: Heatran|358\/386
|-enditem|p1a: Heatran|Air Balloon
|
|-weather|RainDance|[upkeep]
|upkeep
|turn|4
|choice|*move 2|*
|choice|*|*switch 6
|choice|move magmastorm|switch 6
|
|switch|p2a: Greninja|Greninja, M|285\/285
|-damage|p2a: Greninja|250\/285|[from] Stealth Rock
|move|p1a: Heatran|Magma Storm|p2a: Greninja|[miss]
|-miss|p1a: Heatran|p2a: Greninja
|
|-weather|RainDance|[upkeep]
|upkeep
|turn|5
|choice|*|*move 1
|choice|*switch 3|*
|choice|switch 3|move hydropump
|
|switch|p1a: Clefable|Clefable, F|394\/394
|move|p2a: Greninja|Hydro Pump|p1a: Clefable
|-damage|p1a: Clefable|0 fnt
|faint|p1a: Clefable
|-activate|p2a: Greninja|ability: Battle Bond
|detailschange|p2a: Greninja|Greninja-Ash, M
|
|-weather|RainDance|[upkeep]
|upkeep
|choice|*switch 6|*
|choice|switch 6|
|
|switch|p1a: Zeraora|Zeraora|317\/317
|-damage|p1a: Zeraora|278\/317|[from] Stealth Rock
|turn|6
|choice|*move 3|*
|choice|*|*switch 6
|choice|move closecombat|switch 6
|
|switch|p2a: Ferrothorn|Ferrothorn, M|351\/351
|-damage|p2a: Ferrothorn|330\/351|[from] Stealth Rock
|move|p1a: Zeraora|Close Combat|p2a: Ferrothorn
|-supereffective|p2a: Ferrothorn
|-damage|p2a: Ferrothorn|24\/351
|-damage|p1a: Zeraora|239\/317|[from] ability: Iron Barbs|[of] p2a: Ferrothorn
|-unboost|p1a: Zeraora|def|1
|-unboost|p1a: Zeraora|spd|1
|-enditem|p2a: Ferrothorn|Iapapa Berry|[eat]
|-heal|p2a: Ferrothorn|199\/351|[from] item: Iapapa Berry
|
|-weather|RainDance|[upkeep]
|upkeep
|turn|7
|choice|*|*switch 4
|choice|*move 3|*
|choice|move closecombat|switch 4
|
|switch|p2a: Qwilfish|Qwilfish, F|271\/271
|-damage|p2a: Qwilfish|238\/271|[from] Stealth Rock
|move|p1a: Zeraora|Close Combat|p2a: Qwilfish
|-resisted|p2a: Qwilfish
|-damage|p2a: Qwilfish|124\/271
|-unboost|p1a: Zeraora|def|1
|-unboost|p1a: Zeraora|spd|1
|
|-weather|RainDance|[upkeep]
|upkeep
|turn|8
|choice|*switch 5|*
|choice|*|*move 1
|choice|switch 5|move aquatail
|
|switch|p1a: Latios|Latios, M|231\/301
|-damage|p1a: Latios|194\/301|[from] Stealth Rock
|move|p2a: Qwilfish|Aqua Tail|p1a: Latios
|-resisted|p1a: Latios
|-damage|p1a: Latios|61\/301
|
|-weather|none
|upkeep
|turn|9
|choice|*|*switch 3
|choice|*move 4|*
|choice|move recover|switch 3
|
|switch|p2a: Pelipper|Pelipper, M|323\/323
|-damage|p2a: Pelipper|243\/323|[from] Stealth Rock
|-weather|RainDance|[from] ability: Drizzle|[of] p2a: Pelipper
|move|p1a: Latios|Recover|p1a: Latios
|-heal|p1a: Latios|212\/301
|
|-weather|RainDance|[upkeep]
|upkeep
|turn|10
|choice|*|*move 4
|choice|*move 2|*
|choice|move dracometeor|move uturn
|
|move|p1a: Latios|Draco Meteor|p2a: Pelipper
|-damage|p2a: Pelipper|0 fnt
|-unboost|p1a: Latios|spa|2
|-damage|p1a: Latios|182\/301|[from] item: Life Orb
|faint|p2a: Pelipper
|
|-weather|RainDance|[upkeep]
|upkeep
|choice|*|*switch 6
|choice||switch 6
|
|switch|p2a: Greninja|Greninja-Ash, M|250\/285
|-damage|p2a: Greninja|215\/285|[from] Stealth Rock
|turn|11
|choice|*|*move 2
|choice|*|*move 1
|choice|*move 2|*
|choice|move dracometeor|move hydropump
|
|move|p2a: Greninja|Hydro Pump|p1a: Latios
|-resisted|p1a: Latios
|-damage|p1a: Latios|0 fnt
|faint|p1a: Latios
|
|-weather|RainDance|[upkeep]
|upkeep
|choice|*switch 5|*
|choice|switch 5|
|
|switch|p1a: Zeraora|Zeraora|239\/317
|-damage|p1a: Zeraora|200\/317|[from] Stealth Rock
|turn|12
|choice|*move 3|*
|choice|*|*switch 4
|choice|move closecombat|switch 4
|
|switch|p2a: Ferrothorn|Ferrothorn, M|199\/351
|-damage|p2a: Ferrothorn|178\/351|[from] Stealth Rock
|move|p1a: Zeraora|Close Combat|p2a: Ferrothorn
|-supereffective|p2a: Ferrothorn
|-damage|p2a: Ferrothorn|0 fnt
|-damage|p1a: Zeraora|161\/317|[from] ability: Iron Barbs|[of] p2a: Ferrothorn
|-unboost|p1a: Zeraora|def|1
|-unboost|p1a: Zeraora|spd|1
|faint|p2a: Ferrothorn
|
|-weather|RainDance|[upkeep]
|upkeep
|choice|*|*switch 3
|choice||switch 3
|
|switch|p2a: Qwilfish|Qwilfish, F|124\/271
|-damage|p2a: Qwilfish|91\/271|[from] Stealth Rock
|turn|13
|choice|*|*move 1
|choice|*switch 4|*
|choice|switch 4|move aquatail
|
|switch|p1a: Greninja|Greninja, M|285\/285
|-damage|p1a: Greninja|250\/285|[from] Stealth Rock
|move|p2a: Qwilfish|Aqua Tail|p1a: Greninja|[miss]
|-miss|p2a: Qwilfish|p1a: Greninja
|
|-weather|RainDance|[upkeep]
|upkeep
|turn|14
|choice|*move 2|*
|choice|*|*move 4 zmove
|choice|move darkpulse|move poisonjab zmove
|
|-zpower|p2a: Qwilfish
|move|p2a: Qwilfish|Acid Downpour|p1a: Greninja|[zeffect]
|-damage|p1a: Greninja|0 fnt
|faint|p1a: Greninja
|
|-weather|RainDance|[upkeep]
|upkeep
|choice|*switch 2|*
|choice|switch 2|
|
|switch|p1a: Scizor|Scizor, M|343\/343
|-damage|p1a: Scizor|301\/343|[from] Stealth Rock
|turn|15
|choice|*|*move 1
|choice|*move 3 mega|*
|choice|move bugbite mega|move aquatail
|
|-mega|p1a: Scizor|Scizor|Scizorite
|detailschange|p1a: Scizor|Scizor-Mega, M
|move|p2a: Qwilfish|Aqua Tail|p1a: Scizor
|-damage|p1a: Scizor|175\/343
|move|p1a: Scizor|Bug Bite|p2a: Qwilfish
|-resisted|p2a: Qwilfish
|-damage|p2a: Qwilfish|6\/271
|
|-weather|RainDance|[upkeep]
|upkeep
|turn|16
|choice|*|*move 1
|choice|*move 4|*
|choice|move roost|move aquatail
|
|move|p2a: Qwilfish|Aqua Tail|p1a: Scizor
|-damage|p1a: Scizor|43\/343
|move|p1a: Scizor|Roost|p1a: Scizor
|-heal|p1a: Scizor|215\/343
|
|-weather|none
|upkeep
|turn|17
|choice|*move 1|*
|choice|*|*move 1
|choice|move curse|move aquatail
|
|move|p2a: Qwilfish|Aqua Tail|p1a: Scizor
|-damage|p1a: Scizor|127\/343
|move|p1a: Scizor|Curse|p1a: Scizor
|-unboost|p1a: Scizor|spe|1
|-boost|p1a: Scizor|atk|1
|-boost|p1a: Scizor|def|1
|
|upkeep
|turn|18
|choice|*|*switch 4
|choice|*move 4|*
|choice|move roost|switch 4
|
|switch|p2a: Greninja|Greninja-Ash, M|215\/285
|-damage|p2a: Greninja|180\/285|[from] Stealth Rock
|move|p1a: Scizor|Roost|p1a: Scizor
|-heal|p1a: Scizor|299\/343
|
|upkeep
|turn|19
|choice|*|*move 1
|choice|*move 3|*
|choice|move bugbite|move hydropump
|
|move|p2a: Greninja|Hydro Pump|p1a: Scizor|[miss]
|-miss|p2a: Greninja|p1a: Scizor
|move|p1a: Scizor|Bug Bite|p2a: Greninja
|-supereffective|p2a: Greninja
|-damage|p2a: Greninja|0 fnt
|faint|p2a: Greninja
|
|upkeep
|choice|*|*switch 2
|choice||switch 2
|
|switch|p2a: Swampert|Swampert, F|341\/341
|-damage|p2a: Swampert|320\/341|[from] Stealth Rock
|turn|20
|choice|*move 1|*
|choice|*|*move 4 mega
|choice|move curse|move raindance mega
|
|-mega|p2a: Swampert|Swampert|Swampertite
|detailschange|p2a: Swampert|Swampert-Mega, F
|move|p2a: Swampert|Rain Dance|p2a: Swampert
|-weather|RainDance
|move|p1a: Scizor|Curse|p1a: Scizor
|-unboost|p1a: Scizor|spe|1
|-boost|p1a: Scizor|atk|1
|-boost|p1a: Scizor|def|1
|
|-weather|RainDance|[upkeep]
|upkeep
|turn|21
|choice|*|*switch 5
|choice|*move 1|*
|choice|move curse|switch 5
|
|switch|p2a: Tapu Koko|Tapu Koko|281\/281
|-damage|p2a: Tapu Koko|246\/281|[from] Stealth Rock
|-fieldstart|move: Electric Terrain|[from] ability: Electric Surge|[of] p2a: Tapu Koko
|move|p1a: Scizor|Curse|p1a: Scizor
|-unboost|p1a: Scizor|spe|1
|-boost|p1a: Scizor|atk|1
|-boost|p1a: Scizor|def|1
|
|-weather|RainDance|[upkeep]
|upkeep
|turn|22
|choice|*move 2|*
|choice|*|*move 1
|choice|move bulletpunch|move thunder
|
|move|p1a: Scizor|Bullet Punch|p2a: Tapu Koko
|-damage|p2a: Tapu Koko|0 fnt
|faint|p2a: Tapu Koko
|
|-weather|RainDance|[upkeep]
|upkeep
|choice|*|*switch 5
|choice||switch 5
|
|switch|p2a: Swampert|Swampert-Mega, F|320\/341
|-damage|p2a: Swampert|299\/341|[from] Stealth Rock
|turn|23
|choice|*|*move 1
|choice|*move 3|*
|choice|move bugbite|move waterfall
|
|move|p2a: Swampert|Waterfall|p1a: Scizor
|-damage|p1a: Scizor|236\/343
|move|p1a: Scizor|Bug Bite|p2a: Swampert
|-damage|p2a: Swampert|0 fnt
|faint|p2a: Swampert
|
|-weather|RainDance|[upkeep]
|upkeep
|c|☆ms pinguino 2|greninaj que fallo
|c|☆ms pinguino 2|xd
|-message|ms pinguino 2 se rindió.
|
|win|Joan19pokemon.2
</script>
</div>
<div class="battle-log battle-log-inline"><div class="inner"><div class="battle-options"></div><div class="inner"><div class=""><small>Format:</small> <br><strong>OU</strong></div><div class=""><small><em>Cláusula-Mod de Dormir:</em> solo puedes dormir a uno de tus oponentes a la vez.</small></div><div class=""><small><em>Cláusula de Especie:</em> Hasta un Pokémon de cada especie</small></div><div class=""><small><em>Cláusula de Golpe Fulminante:</em> los movimientos fulminantes (OHKO) estan prohibidos</small></div><div class=""><small><em>Cláusula de Veleta:</em> la habilidad Veleta está prohibida</small></div><div class=""><small><em>Cláusula de Movimientos Evasivos:</em> los movimientos de Evasión están prohibidos.</small></div><div class=""><small><em>Cláusula de Batallas Eternas:</em> forzar batallas eternas está prohibido</small></div><div class="chat battle-history"><strong>Joan19pokemon.2's team:</strong> <em style="color:#445566;display:block;">Zeraora / Scizor / Clefable / Greninja / Latios / Heatran</em></div><div class="chat battle-history"><strong>ms pinguino 2's team:</strong> <em style="color:#445566;display:block;">Pelipper / Swampert / Ferrothorn / Qwilfish / Tapu Koko / Greninja</em></div><div class="spacer battle-history"><br></div><div class="battle-history">Battle started between Joan19pokemon.2 and ms pinguino 2!<br></div><div class="spacer battle-history"><br></div><div class="battle-history">Go! <strong>Heatran</strong>!<br></div><div class="spacer battle-history"><br></div><div class="battle-history">ms pinguino 2 sent out <strong>Pelipper</strong>!<br></div><div class="battle-history"><small>Heatran floats in the air with its Air Balloon!</small><br></div><div class="battle-history"><small>[The opposing Pelipper's Drizzle]</small><br><small>It started to rain!</small><br></div><div class="spacer battle-history"><br></div><h2 class="battle-history">Turn 1</h2><div class="spacer battle-history"><br></div><div class="battle-history">Heatran, come back!<br></div><div class="battle-history">Go! <strong>Latios</strong>!<br></div><div class="spacer battle-history"><br></div><div class="battle-history">The opposing Pelipper used <strong>U-turn</strong>!<br></div><div class="battle-history"><small>It's super effective!</small><br></div><div class="battle-history"><small>(Latios lost <abbr title="−70/301">23.3%</abbr> of its health!)</small><br></div><div class="spacer battle-history"><br></div><div class="battle-history">The opposing Pelipper went back to ms pinguino 2!<br></div><div class="battle-history">ms pinguino 2 sent out <strong>Ferrothorn</strong>!<br></div><div class="spacer battle-history"><br></div><div class="battle-history"><small>(Rain continues to fall!)</small><br></div><div class="spacer battle-history"><br></div><h2 class="battle-history">Turn 2</h2><div class="spacer battle-history"><br></div><div class="battle-history">Latios, come back!<br></div><div class="battle-history">Go! <strong>Heatran</strong>!<br></div><div class="battle-history"><small>Heatran floats in the air with its Air Balloon!</small><br></div><div class="spacer battle-history"><br></div><div class="battle-history">The opposing Ferrothorn used <strong>Stealth Rock</strong>!<br></div><div class="battle-history"><small>Pointed stones float in the air around your team!</small><br></div><div class="spacer battle-history"><br></div><div class="battle-history"><small>(Rain continues to fall!)</small><br></div><div class="spacer battle-history"><br></div><h2 class="battle-history">Turn 3</h2><div class="spacer battle-history"><br></div><div class="battle-history">Heatran used <strong>Stealth Rock</strong>!<br></div><div class="battle-history"><small>Pointed stones float in the air around the opposing team!</small><br></div><div class="spacer battle-history"><br></div><div class="battle-history">The opposing Ferrothorn used <strong>Gyro Ball</strong>!<br></div><div class="battle-history"><small>It's not very effective...</small><br></div><div class="battle-history"><small>(Heatran lost <abbr title="−28/386">7.3%</abbr> of its health!)</small><br></div><div class="battle-history"><small>Heatran's Air Balloon popped!</small><br></div><div class="spacer battle-history"><br></div><div class="battle-history"><small>(Rain continues to fall!)</small><br></div><div class="spacer battle-history"><br></div><h2 class="battle-history">Turn 4</h2><div class="spacer battle-history"><br></div><div class="battle-history">ms pinguino 2 withdrew Ferrothorn!<br></div><div class="battle-history">ms pinguino 2 sent out <strong>Greninja</strong>!<br></div><div class="battle-history"><small>Pointed stones dug into the opposing Greninja!</small><br></div><div class="spacer battle-history"><br></div><div class="battle-history">Heatran used <strong>Magma Storm</strong>!<br></div><div class="battle-history"><small>The opposing Greninja avoided the attack!</small><br></div><div class="spacer battle-history"><br></div><div class="battle-history"><small>(Rain continues to fall!)</small><br></div><div class="spacer battle-history"><br></div><h2 class="battle-history">Turn 5</h2><div class="spacer battle-history"><br></div><div class="battle-history">Heatran, come back!<br></div><div class="battle-history">Go! <strong>Clefable</strong>!<br></div><div class="spacer battle-history"><br></div><div class="battle-history">The opposing Greninja used <strong>Hydro Pump</strong>!<br></div><div class="battle-history"><small>(Clefable lost <abbr title="−394/394">100%</abbr> of its health!)</small><br></div><div class="spacer battle-history"><br></div><div class="battle-history">Clefable fainted!<br></div><div class="battle-history"><small>[The opposing Greninja's Battle Bond]</small><br><small>The opposing Greninja became fully charged due to its bond with its Trainer!</small><br></div><div class="battle-history">The opposing Greninja became Ash-Greninja!<br></div><div class="spacer battle-history"><br></div><div class="battle-history"><small>(Rain continues to fall!)</small><br></div><div class="spacer battle-history"><br></div><div class="battle-history">Go! <strong>Zeraora</strong>!<br></div><div class="battle-history"><small>Pointed stones dug into Zeraora!</small><br></div><div class="spacer battle-history"><br></div><h2 class="battle-history">Turn 6</h2><div class="spacer battle-history"><br></div><div class="battle-history">ms pinguino 2 withdrew Greninja!<br></div><div class="battle-history">ms pinguino 2 sent out <strong>Ferrothorn</strong>!<br></div><div class="battle-history"><small>Pointed stones dug into the opposing Ferrothorn!</small><br></div><div class="spacer battle-history"><br></div><div class="battle-history">Zeraora used <strong>Close Combat</strong>!<br></div><div class="battle-history"><small>It's super effective!</small><br></div><div class="battle-history"><small>(The opposing Ferrothorn lost <abbr title="−306/351">87.2%</abbr> of its health!)</small><br></div><div class="battle-history"><small>[The opposing Ferrothorn's Iron Barbs]</small><br><small>Zeraora was hurt!</small><br></div><div class="battle-history"><small>Zeraora's Defense fell!</small><br></div><div class="battle-history"><small>Zeraora's Special Defense fell!</small><br></div><div class="battle-history"><small>The opposing Ferrothorn ate its Iapapa Berry!</small><br></div><div class="battle-history"><small>The opposing Ferrothorn restored HP using its Iapapa Berry!</small><br></div><div class="spacer battle-history"><br></div><div class="battle-history"><small>(Rain continues to fall!)</small><br></div><div class="spacer battle-history"><br></div><h2 class="battle-history">Turn 7</h2><div class="spacer battle-history"><br></div><div class="battle-history">ms pinguino 2 withdrew Ferrothorn!<br></div><div class="battle-history">ms pinguino 2 sent out <strong>Qwilfish</strong>!<br></div><div class="battle-history"><small>Pointed stones dug into the opposing Qwilfish!</small><br></div><div class="spacer battle-history"><br></div><div class="battle-history">Zeraora used <strong>Close Combat</strong>!<br></div><div class="battle-history"><small>It's not very effective...</small><br></div><div class="battle-history"><small>(The opposing Qwilfish lost <abbr title="−114/271">42.1%</abbr> of its health!)</small><br></div><div class="battle-history"><small>Zeraora's Defense fell!</small><br></div><div class="battle-history"><small>Zeraora's Special Defense fell!</small><br></div><div class="spacer battle-history"><br></div><div class="battle-history"><small>(Rain continues to fall!)</small><br></div><div class="spacer battle-history"><br></div><h2 class="battle-history">Turn 8</h2><div class="spacer battle-history"><br></div><div class="battle-history">Zeraora, come back!<br></div><div class="battle-history">Go! <strong>Latios</strong>!<br></div><div class="battle-history"><small>Pointed stones dug into Latios!</small><br></div><div class="spacer battle-history"><br></div><div class="battle-history">The opposing Qwilfish used <strong>Aqua Tail</strong>!<br></div><div class="battle-history"><small>It's not very effective...</small><br></div><div class="battle-history"><small>(Latios lost <abbr title="−133/301">44.2%</abbr> of its health!)</small><br></div><div class="spacer battle-history"><br></div><div class="battle-history"><small>The rain stopped.</small><br></div><div class="spacer battle-history"><br></div><h2 class="battle-history">Turn 9</h2><div class="spacer battle-history"><br></div><div class="battle-history">ms pinguino 2 withdrew Qwilfish!<br></div><div class="battle-history">ms pinguino 2 sent out <strong>Pelipper</strong>!<br></div><div class="battle-history"><small>Pointed stones dug into the opposing Pelipper!</small><br></div><div class="battle-history"><small>[The opposing Pelipper's Drizzle]</small><br><small>It started to rain!</small><br></div><div class="spacer battle-history"><br></div><div class="battle-history">Latios used <strong>Recover</strong>!<br></div><div class="battle-history"><small>Latios restored its HP.</small><br></div><div class="spacer battle-history"><br></div><div class="battle-history"><small>(Rain continues to fall!)</small><br></div><div class="spacer battle-history"><br></div><h2 class="battle-history">Turn 10</h2><div class="spacer battle-history"><br></div><div class="battle-history">Latios used <strong>Draco Meteor</strong>!<br></div><div class="battle-history"><small>(The opposing Pelipper lost <abbr title="−243/323">75.2%</abbr> of its health!)</small><br></div><div class="battle-history"><small>Latios's Special Attack fell harshly!</small><br></div><div class="battle-history"><small>Latios lost some of its HP!</small><br></div><div class="spacer battle-history"><br></div><div class="battle-history">The opposing Pelipper fainted!<br></div><div class="spacer battle-history"><br></div><div class="battle-history"><small>(Rain continues to fall!)</small><br></div><div class="spacer battle-history"><br></div><div class="battle-history">ms pinguino 2 sent out Greninja (<strong>Greninja-Ash</strong>)!<br></div><div class="battle-history"><small>Pointed stones dug into the opposing Greninja!</small><br></div><div class="spacer battle-history"><br></div><h2 class="battle-history">Turn 11</h2><div class="spacer battle-history"><br></div><div class="battle-history">The opposing Greninja used <strong>Hydro Pump</strong>!<br></div><div class="battle-history"><small>It's not very effective...</small><br></div><div class="battle-history"><small>(Latios lost <abbr title="−182/301">60.5%</abbr> of its health!)</small><br></div><div class="spacer battle-history"><br></div><div class="battle-history">Latios fainted!<br></div><div class="spacer battle-history"><br></div><div class="battle-history"><small>(Rain continues to fall!)</small><br></div><div class="spacer battle-history"><br></div><div class="battle-history">Go! <strong>Zeraora</strong>!<br></div><div class="battle-history"><small>Pointed stones dug into Zeraora!</small><br></div><div class="spacer battle-history"><br></div><h2 class="battle-history">Turn 12</h2><div class="spacer battle-history"><br></div><div class="battle-history">ms pinguino 2 withdrew Greninja!<br></div><div class="battle-history">ms pinguino 2 sent out <strong>Ferrothorn</strong>!<br></div><div class="battle-history"><small>Pointed stones dug into the opposing Ferrothorn!</small><br></div><div class="spacer battle-history"><br></div><div class="battle-history">Zeraora used <strong>Close Combat</strong>!<br></div><div class="battle-history"><small>It's super effective!</small><br></div><div class="battle-history"><small>(The opposing Ferrothorn lost <abbr title="−178/351">50.7%</abbr> of its health!)</small><br></div><div class="battle-history"><small>[The opposing Ferrothorn's Iron Barbs]</small><br><small>Zeraora was hurt!</small><br></div><div class="battle-history"><small>Zeraora's Defense fell!</small><br></div><div class="battle-history"><small>Zeraora's Special Defense fell!</small><br></div><div class="spacer battle-history"><br></div><div class="battle-history">The opposing Ferrothorn fainted!<br></div><div class="spacer battle-history"><br></div><div class="battle-history"><small>(Rain continues to fall!)</small><br></div><div class="spacer battle-history"><br></div><div class="battle-history">ms pinguino 2 sent out <strong>Qwilfish</strong>!<br></div><div class="battle-history"><small>Pointed stones dug into the opposing Qwilfish!</small><br></div><div class="spacer battle-history"><br></div><h2 class="battle-history">Turn 13</h2><div class="spacer battle-history"><br></div><div class="battle-history">Zeraora, come back!<br></div><div class="battle-history">Go! <strong>Greninja</strong>!<br></div><div class="battle-history"><small>Pointed stones dug into Greninja!</small><br></div><div class="spacer battle-history"><br></div><div class="battle-history">The opposing Qwilfish used <strong>Aqua Tail</strong>!<br></div><div class="battle-history"><small>Greninja avoided the attack!</small><br></div><div class="spacer battle-history"><br></div><div class="battle-history"><small>(Rain continues to fall!)</small><br></div><div class="spacer battle-history"><br></div><h2 class="battle-history">Turn 14</h2><div class="spacer battle-history"><br></div><div class="battle-history"><small>The opposing Qwilfish surrounded itself with its Z-Power!</small><br></div><div class="spacer battle-history"><br></div><div class="battle-history">The opposing Qwilfish used <strong>Acid Downpour</strong>!<br></div><div class="battle-history"><small>(Greninja lost <abbr title="−250/285">87.7%</abbr> of its health!)</small><br></div><div class="spacer battle-history"><br></div><div class="battle-history">Greninja fainted!<br></div><div class="spacer battle-history"><br></div><div class="battle-history"><small>(Rain continues to fall!)</small><br></div><div class="spacer battle-history"><br></div><div class="battle-history">Go! <strong>Scizor</strong>!<br></div><div class="battle-history"><small>Pointed stones dug into Scizor!</small><br></div><div class="spacer battle-history"><br></div><h2 class="battle-history">Turn 15</h2><div class="spacer battle-history"><br></div><div class="battle-history"><small>Scizor's Scizorite is reacting to the Key Stone!</small><br>Scizor has Mega Evolved into Mega Scizor!<br></div><div class="spacer battle-history"><br></div><div class="battle-history">The opposing Qwilfish used <strong>Aqua Tail</strong>!<br></div><div class="battle-history"><small>(Scizor lost <abbr title="−126/343">36.7%</abbr> of its health!)</small><br></div><div class="spacer battle-history"><br></div><div class="battle-history">Scizor used <strong>Bug Bite</strong>!<br></div><div class="battle-history"><small>It's not very effective...</small><br></div><div class="battle-history"><small>(The opposing Qwilfish lost <abbr title="−85/271">31.4%</abbr> of its health!)</small><br></div><div class="spacer battle-history"><br></div><div class="battle-history"><small>(Rain continues to fall!)</small><br></div><div class="spacer battle-history"><br></div><h2 class="battle-history">Turn 16</h2><div class="spacer battle-history"><br></div><div class="battle-history">The opposing Qwilfish used <strong>Aqua Tail</strong>!<br></div><div class="battle-history"><small>(Scizor lost <abbr title="−132/343">38.5%</abbr> of its health!)</small><br></div><div class="spacer battle-history"><br></div><div class="battle-history">Scizor used <strong>Roost</strong>!<br></div><div class="battle-history"><small>Scizor restored its HP.</small><br></div><div class="spacer battle-history"><br></div><div class="battle-history"><small>The rain stopped.</small><br></div><div class="spacer battle-history"><br></div><h2 class="battle-history">Turn 17</h2><div class="spacer battle-history"><br></div><div class="battle-history">The opposing Qwilfish used <strong>Aqua Tail</strong>!<br></div><div class="battle-history"><small>(Scizor lost <abbr title="−88/343">25.7%</abbr> of its health!)</small><br></div><div class="spacer battle-history"><br></div><div class="battle-history">Scizor used <strong>Curse</strong>!<br></div><div class="battle-history"><small>Scizor's Speed fell!</small><br></div><div class="battle-history"><small>Scizor's Attack rose!</small><br></div><div class="battle-history"><small>Scizor's Defense rose!</small><br></div><div class="spacer battle-history"><br></div><h2 class="battle-history">Turn 18</h2><div class="spacer battle-history"><br></div><div class="battle-history">ms pinguino 2 withdrew Qwilfish!<br></div><div class="battle-history">ms pinguino 2 sent out Greninja (<strong>Greninja-Ash</strong>)!<br></div><div class="battle-history"><small>Pointed stones dug into the opposing Greninja!</small><br></div><div class="spacer battle-history"><br></div><div class="battle-history">Scizor used <strong>Roost</strong>!<br></div><div class="battle-history"><small>Scizor restored its HP.</small><br></div><div class="spacer battle-history"><br></div><h2 class="battle-history">Turn 19</h2><div class="spacer battle-history"><br></div><div class="battle-history">The opposing Greninja used <strong>Hydro Pump</strong>!<br></div><div class="battle-history"><small>Scizor avoided the attack!</small><br></div><div class="spacer battle-history"><br></div><div class="battle-history">Scizor used <strong>Bug Bite</strong>!<br></div><div class="battle-history"><small>It's super effective!</small><br></div><div class="battle-history"><small>(The opposing Greninja lost <abbr title="−180/285">63.2%</abbr> of its health!)</small><br></div><div class="spacer battle-history"><br></div><div class="battle-history">The opposing Greninja fainted!<br></div><div class="spacer battle-history"><br></div><div class="battle-history">ms pinguino 2 sent out <strong>Swampert</strong>!<br></div><div class="battle-history"><small>Pointed stones dug into the opposing Swampert!</small><br></div><div class="spacer battle-history"><br></div><h2 class="battle-history">Turn 20</h2><div class="spacer battle-history"><br></div><div class="battle-history"><small>The opposing Swampert's Swampertite is reacting to the Key Stone!</small><br>The opposing Swampert has Mega Evolved into Mega Swampert!<br></div><div class="spacer battle-history"><br></div><div class="battle-history">The opposing Swampert used <strong>Rain Dance</strong>!<br></div><div class="battle-history"><small>It started to rain!</small><br></div><div class="spacer battle-history"><br></div><div class="battle-history">Scizor used <strong>Curse</strong>!<br></div><div class="battle-history"><small>Scizor's Speed fell!</small><br></div><div class="battle-history"><small>Scizor's Attack rose!</small><br></div><div class="battle-history"><small>Scizor's Defense rose!</small><br></div><div class="spacer battle-history"><br></div><div class="battle-history"><small>(Rain continues to fall!)</small><br></div><div class="spacer battle-history"><br></div><h2 class="battle-history">Turn 21</h2><div class="spacer battle-history"><br></div><div class="battle-history">ms pinguino 2 withdrew Swampert!<br></div><div class="battle-history">ms pinguino 2 sent out <strong>Tapu Koko</strong>!<br></div><div class="battle-history"><small>Pointed stones dug into the opposing Tapu Koko!</small><br></div><div class="battle-history"><small>[The opposing Tapu Koko's Electric Surge]</small><br><small>An electric current runs across the battlefield!</small><br></div><div class="spacer battle-history"><br></div><div class="battle-history">Scizor used <strong>Curse</strong>!<br></div><div class="battle-history"><small>Scizor's Speed fell!</small><br></div><div class="battle-history"><small>Scizor's Attack rose!</small><br></div><div class="battle-history"><small>Scizor's Defense rose!</small><br></div><div class="spacer battle-history"><br></div><div class="battle-history"><small>(Rain continues to fall!)</small><br></div><div class="spacer battle-history"><br></div><h2 class="battle-history">Turn 22</h2><div class="spacer battle-history"><br></div><div class="battle-history">Scizor used <strong>Bullet Punch</strong>!<br></div><div class="battle-history"><small>(The opposing Tapu Koko lost <abbr title="−246/281">87.5%</abbr> of its health!)</small><br></div><div class="spacer battle-history"><br></div><div class="battle-history">The opposing Tapu Koko fainted!<br></div><div class="spacer battle-history"><br></div><div class="battle-history"><small>(Rain continues to fall!)</small><br></div><div class="spacer battle-history"><br></div><div class="battle-history">ms pinguino 2 sent out Swampert (<strong>Swampert-Mega</strong>)!<br></div><div class="battle-history"><small>Pointed stones dug into the opposing Swampert!</small><br></div><div class="spacer battle-history"><br></div><h2 class="battle-history">Turn 23</h2><div class="spacer battle-history"><br></div><div class="battle-history">The opposing Swampert used <strong>Waterfall</strong>!<br></div><div class="battle-history"><small>(Scizor lost <abbr title="−63/343">18.4%</abbr> of its health!)</small><br></div><div class="spacer battle-history"><br></div><div class="battle-history">Scizor used <strong>Bug Bite</strong>!<br></div><div class="battle-history"><small>(The opposing Swampert lost <abbr title="−299/341">87.7%</abbr> of its health!)</small><br></div><div class="spacer battle-history"><br></div><div class="battle-history">The opposing Swampert fainted!<br></div><div class="spacer battle-history"><br></div><div class="battle-history"><small>(Rain continues to fall!)</small><br></div><div class="chat chatmessage-mspinguino2"><strong style="color:hsl(110,45%,35.69279863040313%)"><small>☆</small><span class="username" data-name="ms pinguino 2">ms pinguino 2</span>:</strong> <em>greninaj que fallo</em></div><div class="chat chatmessage-mspinguino2"><strong style="color:hsl(110,45%,35.69279863040313%)"><small>☆</small><span class="username" data-name="ms pinguino 2">ms pinguino 2</span>:</strong> <em>xd</em></div><div class="spacer battle-history"><br></div><div class="battle-history"><small>ms pinguino 2 se rindió.</small><br></div><div class="spacer battle-history"><br></div><div class="battle-history"><strong>Joan19pokemon.2</strong> won the battle!<br></div></div><div class="inner-preempt"></div></div></div>
</div>
<script>
let daily = Math.floor(Date.now()/1000/60/60/24);document.write('<script src="https://play.pokemonshowdown.com/js/replay-embed.js?version'+daily+'"></'+'script>');
</script>
