<!DOCTYPE html>
<meta charset="utf-8" />
<!-- version 1 -->
<title>OU replay: cacoluis2005 vs. Araqu0</title>
<style>
html,body {font-family:Verdana, sans-serif;font-size:10pt;margin:0;padding:0;}body{padding:12px 0;} .battle-log {font-family:Verdana, sans-serif;font-size:10pt;} .battle-log-inline {border:1px solid #AAAAAA;background:#EEF2F5;color:black;max-width:640px;margin:0 auto 80px;padding-bottom:5px;} .battle-log .inner {padding:4px 8px 0px 8px;} .battle-log .inner-preempt {padding:0 8px 4px 8px;} .battle-log .inner-after {margin-top:0.5em;} .battle-log h2 {margin:0.5em -8px;padding:4px 8px;border:1px solid #AAAAAA;background:#E0E7EA;border-left:0;border-right:0;font-family:Verdana, sans-serif;font-size:13pt;} .battle-log .chat {vertical-align:middle;padding:3px 0 3px 0;font-size:8pt;} .battle-log .chat strong {color:#40576A;} .battle-log .chat em {padding:1px 4px 1px 3px;color:#000000;font-style:normal;} .chat.mine {background:rgba(0,0,0,0.05);margin-left:-8px;margin-right:-8px;padding-left:8px;padding-right:8px;} .spoiler {color:#BBBBBB;background:#BBBBBB;padding:0px 3px;} .spoiler:hover, .spoiler:active, .spoiler-shown {color:#000000;background:#E2E2E2;padding:0px 3px;} .spoiler a {color:#BBBBBB;} .spoiler:hover a, .spoiler:active a, .spoiler-shown a {color:#2288CC;} .chat code, .chat .spoiler:hover code, .chat .spoiler:active code, .chat .spoiler-shown code {border:1px solid #C0C0C0;background:#EEEEEE;color:black;padding:0 2px;} .chat .spoiler code {border:1px solid #CCCCCC;background:#CCCCCC;color:#CCCCCC;} .battle-log .rated {padding:3px 4px;} .battle-log .rated strong {color:white;background:#89A;padding:1px 4px;border-radius:4px;} .spacer {margin-top:0.5em;} .message-announce {background:#6688AA;color:white;padding:1px 4px 2px;} .message-announce a, .broadcast-green a, .broadcast-blue a, .broadcast-red a {color:#DDEEFF;} .broadcast-green {background-color:#559955;color:white;padding:2px 4px;} .broadcast-blue {background-color:#6688AA;color:white;padding:2px 4px;} .infobox {border:1px solid #6688AA;padding:2px 4px;} .infobox-limited {max-height:200px;overflow:auto;overflow-x:hidden;} .broadcast-red {background-color:#AA5544;color:white;padding:2px 4px;} .message-learn-canlearn {font-weight:bold;color:#228822;text-decoration:underline;} .message-learn-cannotlearn {font-weight:bold;color:#CC2222;text-decoration:underline;} .message-effect-weak {font-weight:bold;color:#CC2222;} .message-effect-resist {font-weight:bold;color:#6688AA;} .message-effect-immune {font-weight:bold;color:#666666;} .message-learn-list {margin-top:0;margin-bottom:0;} .message-throttle-notice, .message-error {color:#992222;} .message-overflow, .chat small.message-overflow {font-size:0pt;} .message-overflow::before {font-size:9pt;content:'...';} .subtle {color:#3A4A66;}
</style>
<div class="wrapper replay-wrapper" style="max-width:1180px;margin:0 auto">
<input type="hidden" name="replayid" value="destiny-ou-479108" />
<div class="battle"></div><div class="battle-log"></div><div class="replay-controls"></div><div class="replay-controls-2"></div>
<h1 style="font-weight:normal;text-align:center"><strong>OU</strong><br /><a href="http://pokemonshowdown.com/users/cacoluis2005" class="subtle" target="_blank">cacoluis2005</a> vs. <a href="http://pokemonshowdown.com/users/araqu0" class="subtle" target="_blank">Araqu0</a></h1>
<script type="text/plain" class="battle-log-data">|player|p1|cacoluis2005|2095
|teamsize|p1|6
|player|p2|Araqu0|araqu0.gif?be5884df
|teamsize|p2|6
|teamsize|p1|6
|teamsize|p2|6
|gametype|singles
|gen|7
|tier|OU
|rated
|seed|36254,11278,30305,65297
|rule|Cláusula-Mod de Dormir: solo puedes dormir a uno de tus oponentes a la vez.
|rule|Cláusula de Especie: Hasta un Pokémon de cada especie
|rule|Cláusula de Golpe Fulminante: los movimientos fulminantes (OHKO) estan prohibidos
|rule|Cláusula de Veleta: la habilidad Veleta está prohibida
|rule|Cláusula de Movimientos Evasivos: los movimientos de Evasión están prohibidos.
|rule|Cláusula de Batallas Eternas: forzar batallas eternas está prohibido
|clearpoke
|poke|p1|Galvantula, M, shiny|item
|poke|p1|Hydreigon, M, shiny|item
|poke|p1|Tapu Lele|item
|poke|p1|Registeel|item
|poke|p1|Lopunny, F, shiny|item
|poke|p1|Necrozma|item
|poke|p2|Tornadus-Therian, M|item
|poke|p2|Heatran, M|item
|poke|p2|Greninja, M|item
|poke|p2|Zygarde|item
|poke|p2|Mawile, F|item
|poke|p2|Tangrowth, M|item
|teampreview|undefined
|inactive|Reloj de batalla ENCENDIDO. El jugador inactivo será descalificado (solicitado por cacoluis2005).
|choice|*team 123456|*
|choice|*|*team 213456
|choice|team 1, 2, 3, 4, 5, 6|team 2, 1, 3, 4, 5, 6
|
|start
|switch|p1a: Galvantula|Galvantula, M, shiny|281\/281
|switch|p2a: Heatran|Heatran, M|323\/323
|turn|1
|choice|*move 1|*
|choice|*|*move 1
|choice|move stickyweb|move lavaplume
|
|move|p1a: Galvantula|Sticky Web|p2a: Heatran
|-sidestart|p2: Araqu0|move: Sticky Web
|move|p2a: Heatran|Lava Plume|p1a: Galvantula
|-supereffective|p1a: Galvantula
|-enditem|p1a: Galvantula|Focus Sash
|-damage|p1a: Galvantula|1\/281
|-status|p1a: Galvantula|brn
|
|-damage|p1a: Galvantula|0 fnt|[from] brn
|upkeep
|faint|p1a: Galvantula
|inactive|cacoluis2005 tiene 135 segundos restantes.
|inactive|cacoluis2005 tiene 120 segundos restantes.
|inactive|cacoluis2005 tiene 105 segundos restantes.
|inactive|cacoluis2005 tiene 90 segundos restantes.
|inactive|cacoluis2005 tiene 75 segundos restantes.
|choice|*switch 5|*
|choice|switch 5|
|
|switch|p1a: Lopunny|Lopunny, F, shiny|271\/271
|turn|2
|choice|*move 1 mega|*
|inactive|Araqu0 tiene 135 segundos restantes.
|choice|*|*switch 5
|choice|move poweruppunch mega|switch 5
|
|switch|p2a: Mawile|Mawile, F|251\/251
|-activate|p2a: Mawile|move: Sticky Web
|-unboost|p2a: Mawile|spe|1
|-ability|p2a: Mawile|Intimidate|boost
|-unboost|p1a: Lopunny|atk|1
|-mega|p1a: Lopunny|Lopunny|Lopunnite
|detailschange|p1a: Lopunny|Lopunny-Mega, F, shiny
|move|p1a: Lopunny|Power-Up Punch|p2a: Mawile
|-damage|p2a: Mawile|193\/251
|-boost|p1a: Lopunny|atk|1
|
|upkeep
|turn|3
|choice|*switch 4|*
|choice|*|*move 3 mega
|choice|switch 4|move suckerpunch mega
|
|switch|p1a: Registeel|Registeel|364\/364
|-mega|p2a: Mawile|Mawile|Mawilite
|detailschange|p2a: Mawile|Mawile-Mega, F
|move|p2a: Mawile|Sucker Punch|p1a: Registeel|[still]
|-fail|p2a: Mawile
|
|upkeep
|turn|4
|choice|*move 2|*
|choice|*|*switch 2
|choice|move stealthrock|switch 2
|
|switch|p2a: Tornadus|Tornadus-Therian, M|362\/362
|move|p1a: Registeel|Stealth Rock|p2a: Tornadus
|-sidestart|p2: Araqu0|move: Stealth Rock
|
|upkeep
|turn|5
|choice|*move 3|*
|choice|*|*move 4
|choice|move ironhead|move defog
|
|move|p2a: Tornadus|Defog|p1a: Registeel
|-fail|p1a: Registeel|unboost|[from] ability: Clear Body|[of] p1a: Registeel
|-sideend|p2: Araqu0|Stealth Rock|[from] move: Defog|[of] p2a: Tornadus
|-sideend|p2: Araqu0|Sticky Web|[from] move: Defog|[of] p2a: Tornadus
|move|p1a: Registeel|Iron Head|p2a: Tornadus
|-damage|p2a: Tornadus|271\/362
|-damage|p1a: Registeel|304\/364|[from] item: Rocky Helmet|[of] p2a: Tornadus
|
|upkeep
|turn|6
|choice|*move 1|*
|choice|*|*move 2
|choice|move explosion|move knockoff
|
|move|p2a: Tornadus|Knock Off|p1a: Registeel
|-damage|p1a: Registeel|267\/364
|-enditem|p1a: Registeel|Normal Gem|[from] move: Knock Off|[of] p2a: Tornadus
|move|p1a: Registeel|Explosion|p2a: Tornadus
|-damage|p2a: Tornadus|83\/362
|faint|p1a: Registeel
|
|upkeep
|choice|*switch 4|*
|choice|switch 4|
|
|switch|p1a: Lopunny|Lopunny-Mega, F, shiny|271\/271
|turn|7
|choice|*move 1|*
|inactive|Araqu0 tiene 135 segundos restantes.
|choice|*|*move 1
|choice|move poweruppunch|move hurricane
|
|move|p1a: Lopunny|Power-Up Punch|p2a: Tornadus
|-resisted|p2a: Tornadus
|-damage|p2a: Tornadus|41\/362
|-damage|p1a: Lopunny|226\/271|[from] item: Rocky Helmet|[of] p2a: Tornadus
|-boost|p1a: Lopunny|atk|1
|move|p2a: Tornadus|Hurricane|p1a: Lopunny|[miss]
|-miss|p2a: Tornadus|p1a: Lopunny
|
|upkeep
|turn|8
|choice|*move 1|*
|choice|*move 4|*
|choice|*|*move 1
|choice|move icepunch|move hurricane
|
|move|p1a: Lopunny|Ice Punch|p2a: Tornadus
|-supereffective|p2a: Tornadus
|-damage|p2a: Tornadus|0 fnt
|-damage|p1a: Lopunny|181\/271|[from] item: Rocky Helmet|[of] p2a: Tornadus
|faint|p2a: Tornadus
|
|upkeep
|choice|*|*switch 2
|choice||switch 2
|
|switch|p2a: Mawile|Mawile-Mega, F|193\/251
|turn|9
|choice|*|*move 3
|choice|*move 2|*
|choice|move highjumpkick|move suckerpunch
|
|move|p2a: Mawile|Sucker Punch|p1a: Lopunny
|-resisted|p1a: Lopunny
|-damage|p1a: Lopunny|97\/271
|move|p1a: Lopunny|High Jump Kick|p2a: Mawile
|-damage|p2a: Mawile|0 fnt
|faint|p2a: Mawile
|
|upkeep
|inactive|Araqu0 tiene 135 segundos restantes.
|choice|*|*switch 4
|choice||switch 4
|
|switch|p2a: Zygarde|Zygarde|358\/358
|-ability|p2a: Zygarde|Aura Break
|turn|10
|choice|*|*move 3
|choice|*move 4|*
|choice|move icepunch|move extremespeed
|
|move|p2a: Zygarde|Extreme Speed|p1a: Lopunny
|-damage|p1a: Lopunny|0 fnt
|faint|p1a: Lopunny
|
|upkeep
|choice|*switch 3|*
|choice|switch 3|
|
|switch|p1a: Tapu Lele|Tapu Lele|281\/281
|-fieldstart|move: Psychic Terrain|[from] ability: Psychic Surge|[of] p1a: Tapu Lele
|turn|11
|choice|*move 1|*
|choice|*|*switch 6
|choice|move moonblast|switch 6
|
|switch|p2a: Tangrowth|Tangrowth, M|404\/404
|move|p1a: Tapu Lele|Moonblast|p2a: Tangrowth
|-damage|p2a: Tangrowth|208\/404
|
|upkeep
|turn|12
|choice|*move 1|*
|choice|*|*move 2
|choice|move moonblast|move knockoff
|
|move|p1a: Tapu Lele|Moonblast|p2a: Tangrowth
|-damage|p2a: Tangrowth|7\/404
|move|p2a: Tangrowth|Knock Off|p1a: Tapu Lele
|-damage|p1a: Tapu Lele|193\/281
|-enditem|p1a: Tapu Lele|Choice Specs|[from] move: Knock Off|[of] p2a: Tangrowth
|
|upkeep
|turn|13
|choice|*move 2|*
|choice|*|*switch 5
|choice|move psyshock|switch 5
|
|switch|p2a: Heatran|Heatran, M|323\/323
|move|p1a: Tapu Lele|Psyshock|p2a: Heatran
|-resisted|p2a: Heatran
|-damage|p2a: Heatran|215\/323
|
|upkeep
|turn|14
|choice|*switch 6|*
|choice|*|*move 3
|choice|switch 6|move flashcannon
|
|switch|p1a: Necrozma|Necrozma|398\/398
|move|p2a: Heatran|Flash Cannon|p1a: Necrozma
|-damage|p1a: Necrozma|226\/398
|
|upkeep
|turn|15
|choice|*move 1|*
|choice|*|*move 3 zmove
|choice|move autotomize|move flashcannon zmove
|
|-zpower|p2a: Heatran
|move|p2a: Heatran|Corkscrew Crash|p1a: Necrozma|[zeffect]
|-crit|p1a: Necrozma
|-damage|p1a: Necrozma|0 fnt
|faint|p1a: Necrozma
|
|-fieldend|move: Psychic Terrain
|upkeep
|choice|*switch 2|*
|choice|switch 2|
|
|switch|p1a: Hydreigon|Hydreigon, M, shiny|325\/325
|turn|16
|choice|*move 4|*
|choice|*|*move 3
|choice|move darkpulse|move flashcannon
|
|move|p1a: Hydreigon|Dark Pulse|p2a: Heatran
|-damage|p2a: Heatran|79\/323
|move|p2a: Heatran|Flash Cannon|p1a: Hydreigon
|-crit|p1a: Hydreigon
|-damage|p1a: Hydreigon|81\/325
|
|upkeep
|turn|17
|choice|*move 4|*
|choice|*|*move 3
|choice|move darkpulse|move flashcannon
|
|move|p1a: Hydreigon|Dark Pulse|p2a: Heatran
|-damage|p2a: Heatran|0 fnt
|faint|p2a: Heatran
|
|upkeep
|choice|*|*switch 6
|choice||switch 6
|
|switch|p2a: Zygarde|Zygarde|358\/358
|-ability|p2a: Zygarde|Aura Break
|turn|18
|choice|*move 1 zmove|*
|choice|*|*move 1
|choice|move dracometeor zmove|move thousandarrows
|
|-zpower|p1a: Hydreigon
|move|p1a: Hydreigon|Devastating Drake|p2a: Zygarde|[zeffect]
|-supereffective|p2a: Zygarde
|-damage|p2a: Zygarde|0 fnt
|faint|p2a: Zygarde
|
|upkeep
|choice|*|*switch 3
|choice||switch 3
|
|switch|p2a: Greninja|Greninja, M|285\/285
|turn|19
|choice|*move 1|*
|choice|*|*move 3
|choice|move dracometeor|move icebeam
|
|move|p2a: Greninja|Ice Beam|p1a: Hydreigon
|-start|p2a: Greninja|typechange|Ice|[from] Protean
|-supereffective|p1a: Hydreigon
|-damage|p1a: Hydreigon|0 fnt
|faint|p1a: Hydreigon
|
|upkeep
|choice|*switch 6|*
|choice|switch 6|
|
|switch|p1a: Tapu Lele|Tapu Lele|193\/281
|-fieldstart|move: Psychic Terrain|[from] ability: Psychic Surge|[of] p1a: Tapu Lele
|turn|20
|choice|*move 1|*
|choice|*move 2|*
|choice|*|*move 3
|choice|move psyshock|move icebeam
|
|move|p2a: Greninja|Ice Beam|p1a: Tapu Lele
|-damage|p1a: Tapu Lele|81\/281
|move|p1a: Tapu Lele|Psyshock|p2a: Greninja
|-damage|p2a: Greninja|0 fnt
|faint|p2a: Greninja
|
|upkeep
|choice|*|*switch 5
|choice||switch 5
|
|switch|p2a: Tangrowth|Tangrowth, M|141\/404
|turn|21
|choice|*move 1|*
|choice|*move 2|*
|choice|*|*move 1
|choice|move psyshock|move gigadrain
|
|move|p1a: Tapu Lele|Psyshock|p2a: Tangrowth
|-damage|p2a: Tangrowth|0 fnt
|faint|p2a: Tangrowth
|
|win|cacoluis2005
cacoluis2005 ha ganado 5.5 PokeDolares.
|raw|Puntaje de cacoluis2005: 1276 &rarr; <strong>1294<\/strong><br \/>(+18 por ganar)
|raw|Puntaje de Araqu0: 1179 &rarr; <strong>1162<\/strong><br \/>(-17 por perder)
</script>
</div>
<div class="battle-log battle-log-inline"><div class="inner"><div class="battle-options"></div><div class="inner"><div class=""><small>Format:</small> <br><strong>OU</strong></div><div class="rated"><strong>Rated battle</strong></div><div class=""><small><em>Cláusula-Mod de Dormir:</em> solo puedes dormir a uno de tus oponentes a la vez.</small></div><div class=""><small><em>Cláusula de Especie:</em> Hasta un Pokémon de cada especie</small></div><div class=""><small><em>Cláusula de Golpe Fulminante:</em> los movimientos fulminantes (OHKO) estan prohibidos</small></div><div class=""><small><em>Cláusula de Veleta:</em> la habilidad Veleta está prohibida</small></div><div class=""><small><em>Cláusula de Movimientos Evasivos:</em> los movimientos de Evasión están prohibidos.</small></div><div class=""><small><em>Cláusula de Batallas Eternas:</em> forzar batallas eternas está prohibido</small></div><div class="chat battle-history"><strong>cacoluis2005's team:</strong> <em style="color:#445566;display:block;">Galvantula / Hydreigon / Tapu Lele / Registeel / Lopunny / Necrozma</em></div><div class="chat battle-history"><strong>Araqu0's team:</strong> <em style="color:#445566;display:block;">Tornadus-Therian / Heatran / Greninja / Zygarde / Mawile / Tangrowth</em></div><div class="chat message-error">Reloj de batalla ENCENDIDO. El jugador inactivo será descalificado (solicitado por cacoluis2005).</div><div class="spacer battle-history"><br></div><div class="battle-history">Battle started between cacoluis2005 and Araqu0!<br></div><div class="spacer battle-history"><br></div><div class="battle-history">Go! <strong>Galvantula</strong>!<br></div><div class="spacer battle-history"><br></div><div class="battle-history">Araqu0 sent out <strong>Heatran</strong>!<br></div><div class="spacer battle-history"><br></div><h2 class="battle-history">Turn 1</h2><div class="spacer battle-history"><br></div><div class="battle-history">Galvantula used <strong>Sticky Web</strong>!<br></div><div class="battle-history"><small>A sticky web spreads out on the ground around the opposing team!</small><br></div><div class="spacer battle-history"><br></div><div class="battle-history">The opposing Heatran used <strong>Lava Plume</strong>!<br></div><div class="battle-history"><small>It's super effective!</small><br></div><div class="battle-history"><small>Galvantula hung on using its Focus Sash!</small><br></div><div class="battle-history"><small>(Galvantula lost <abbr title="−280/281">99.6%</abbr> of its health!)</small><br></div><div class="battle-history"><small>Galvantula was burned!</small><br></div><div class="spacer battle-history"><br></div><div class="battle-history"><small>Galvantula was hurt by its burn!</small><br></div><div class="spacer battle-history"><br></div><div class="battle-history">Galvantula fainted!<br></div><div class="chat message-error">cacoluis2005 tiene 135 segundos restantes.</div><div class="chat message-error">cacoluis2005 tiene 120 segundos restantes.</div><div class="chat message-error">cacoluis2005 tiene 105 segundos restantes.</div><div class="chat message-error">cacoluis2005 tiene 90 segundos restantes.</div><div class="chat message-error">cacoluis2005 tiene 75 segundos restantes.</div><div class="spacer battle-history"><br></div><div class="battle-history">Go! <strong>Lopunny</strong>!<br></div><div class="spacer battle-history"><br></div><h2 class="battle-history">Turn 2</h2><div class="chat message-error">Araqu0 tiene 135 segundos restantes.</div><div class="spacer battle-history"><br></div><div class="battle-history">Araqu0 withdrew Heatran!<br></div><div class="battle-history">Araqu0 sent out <strong>Mawile</strong>!<br></div><div class="battle-history"><small>The opposing Mawile was caught in a sticky web!</small><br></div><div class="battle-history"><small>The opposing Mawile's Speed fell!</small><br></div><div class="battle-history"><small>[The opposing Mawile's Intimidate]</small><br></div><div class="battle-history"><small>Lopunny's Attack fell!</small><br></div><div class="spacer battle-history"><br></div><div class="battle-history"><small>Lopunny's Lopunnite is reacting to the Key Stone!</small><br>Lopunny has Mega Evolved into Mega Lopunny!<br></div><div class="spacer battle-history"><br></div><div class="battle-history">Lopunny used <strong>Power-Up Punch</strong>!<br></div><div class="battle-history"><small>(The opposing Mawile lost <abbr title="−58/251">23.1%</abbr> of its health!)</small><br></div><div class="battle-history"><small>Lopunny's Attack rose!</small><br></div><div class="spacer battle-history"><br></div><h2 class="battle-history">Turn 3</h2><div class="spacer battle-history"><br></div><div class="battle-history">Lopunny, come back!<br></div><div class="battle-history">Go! <strong>Registeel</strong>!<br></div><div class="spacer battle-history"><br></div><div class="battle-history"><small>The opposing Mawile's Mawilite is reacting to the Key Stone!</small><br>The opposing Mawile has Mega Evolved into Mega Mawile!<br></div><div class="spacer battle-history"><br></div><div class="battle-history">The opposing Mawile used <strong>Sucker Punch</strong>!<br></div><div class="battle-history"><small>But it failed!</small><br></div><div class="spacer battle-history"><br></div><h2 class="battle-history">Turn 4</h2><div class="spacer battle-history"><br></div><div class="battle-history">Araqu0 withdrew Mawile!<br></div><div class="battle-history">Araqu0 sent out Tornadus (<strong>Tornadus-Therian</strong>)!<br></div><div class="spacer battle-history"><br></div><div class="battle-history">Registeel used <strong>Stealth Rock</strong>!<br></div><div class="battle-history"><small>Pointed stones float in the air around the opposing team!</small><br></div><div class="spacer battle-history"><br></div><h2 class="battle-history">Turn 5</h2><div class="spacer battle-history"><br></div><div class="battle-history">The opposing Tornadus used <strong>Defog</strong>!<br></div><div class="battle-history"><small>[Registeel's Clear Body]</small><br><small>Registeel's stats were not lowered!</small><br></div><div class="battle-history"><small>The pointed stones disappeared from around the opposing team!</small><br></div><div class="battle-history"><small>The sticky web has disappeared from the ground around the opposing team!</small><br></div><div class="spacer battle-history"><br></div><div class="battle-history">Registeel used <strong>Iron Head</strong>!<br></div><div class="battle-history"><small>(The opposing Tornadus lost <abbr title="−91/362">25.1%</abbr> of its health!)</small><br></div><div class="battle-history"><small>Registeel was hurt by the Rocky Helmet!</small><br></div><div class="spacer battle-history"><br></div><h2 class="battle-history">Turn 6</h2><div class="spacer battle-history"><br></div><div class="battle-history">The opposing Tornadus used <strong>Knock Off</strong>!<br></div><div class="battle-history"><small>(Registeel lost <abbr title="−37/364">10.2%</abbr> of its health!)</small><br></div><div class="battle-history"><small>The opposing Tornadus knocked off Registeel's Normal Gem!</small><br></div><div class="spacer battle-history"><br></div><div class="battle-history">Registeel used <strong>Explosion</strong>!<br></div><div class="battle-history"><small>(The opposing Tornadus lost <abbr title="−188/362">51.9%</abbr> of its health!)</small><br></div><div class="spacer battle-history"><br></div><div class="battle-history">Registeel fainted!<br></div><div class="spacer battle-history"><br></div><div class="battle-history">Go! Lopunny (<strong>Lopunny-Mega</strong>)!<br></div><div class="spacer battle-history"><br></div><h2 class="battle-history">Turn 7</h2><div class="chat message-error">Araqu0 tiene 135 segundos restantes.</div><div class="spacer battle-history"><br></div><div class="battle-history">Lopunny used <strong>Power-Up Punch</strong>!<br></div><div class="battle-history"><small>It's not very effective...</small><br></div><div class="battle-history"><small>(The opposing Tornadus lost <abbr title="−42/362">11.6%</abbr> of its health!)</small><br></div><div class="battle-history"><small>Lopunny was hurt by the Rocky Helmet!</small><br></div><div class="battle-history"><small>Lopunny's Attack rose!</small><br></div><div class="spacer battle-history"><br></div><div class="battle-history">The opposing Tornadus used <strong>Hurricane</strong>!<br></div><div class="battle-history"><small>Lopunny avoided the attack!</small><br></div><div class="spacer battle-history"><br></div><h2 class="battle-history">Turn 8</h2><div class="spacer battle-history"><br></div><div class="battle-history">Lopunny used <strong>Ice Punch</strong>!<br></div><div class="battle-history"><small>It's super effective!</small><br></div><div class="battle-history"><small>(The opposing Tornadus lost <abbr title="−41/362">11.3%</abbr> of its health!)</small><br></div><div class="battle-history"><small>Lopunny was hurt by the Rocky Helmet!</small><br></div><div class="spacer battle-history"><br></div><div class="battle-history">The opposing Tornadus fainted!<br></div><div class="spacer battle-history"><br></div><div class="battle-history">Araqu0 sent out Mawile (<strong>Mawile-Mega</strong>)!<br></div><div class="spacer battle-history"><br></div><h2 class="battle-history">Turn 9</h2><div class="spacer battle-history"><br></div><div class="battle-history">The opposing Mawile used <strong>Sucker Punch</strong>!<br></div><div class="battle-history"><small>It's not very effective...</small><br></div><div class="battle-history"><small>(Lopunny lost <abbr title="−84/271">31.0%</abbr> of its health!)</small><br></div><div class="spacer battle-history"><br></div><div class="battle-history">Lopunny used <strong>High Jump Kick</strong>!<br></div><div class="battle-history"><small>(The opposing Mawile lost <abbr title="−193/251">76.9%</abbr> of its health!)</small><br></div><div class="spacer battle-history"><br></div><div class="battle-history">The opposing Mawile fainted!<br></div><div class="chat message-error">Araqu0 tiene 135 segundos restantes.</div><div class="spacer battle-history"><br></div><div class="battle-history">Araqu0 sent out <strong>Zygarde</strong>!<br></div><div class="battle-history"><small>[The opposing Zygarde's Aura Break]</small><br><small>The opposing Zygarde reversed all other Pokémon's auras!</small><br></div><div class="spacer battle-history"><br></div><h2 class="battle-history">Turn 10</h2><div class="spacer battle-history"><br></div><div class="battle-history">The opposing Zygarde used <strong>Extreme Speed</strong>!<br></div><div class="battle-history"><small>(Lopunny lost <abbr title="−97/271">35.8%</abbr> of its health!)</small><br></div><div class="spacer battle-history"><br></div><div class="battle-history">Lopunny fainted!<br></div><div class="spacer battle-history"><br></div><div class="battle-history">Go! <strong>Tapu Lele</strong>!<br></div><div class="battle-history"><small>[Tapu Lele's Psychic Surge]</small><br><small>The battlefield got weird!</small><br></div><div class="spacer battle-history"><br></div><h2 class="battle-history">Turn 11</h2><div class="spacer battle-history"><br></div><div class="battle-history">Araqu0 withdrew Zygarde!<br></div><div class="battle-history">Araqu0 sent out <strong>Tangrowth</strong>!<br></div><div class="spacer battle-history"><br></div><div class="battle-history">Tapu Lele used <strong>Moonblast</strong>!<br></div><div class="battle-history"><small>(The opposing Tangrowth lost <abbr title="−196/404">48.5%</abbr> of its health!)</small><br></div><div class="spacer battle-history"><br></div><h2 class="battle-history">Turn 12</h2><div class="spacer battle-history"><br></div><div class="battle-history">Tapu Lele used <strong>Moonblast</strong>!<br></div><div class="battle-history"><small>(The opposing Tangrowth lost <abbr title="−201/404">49.8%</abbr> of its health!)</small><br></div><div class="spacer battle-history"><br></div><div class="battle-history">The opposing Tangrowth used <strong>Knock Off</strong>!<br></div><div class="battle-history"><small>(Tapu Lele lost <abbr title="−88/281">31.3%</abbr> of its health!)</small><br></div><div class="battle-history"><small>The opposing Tangrowth knocked off Tapu Lele's Choice Specs!</small><br></div><div class="spacer battle-history"><br></div><h2 class="battle-history">Turn 13</h2><div class="spacer battle-history"><br></div><div class="battle-history">Araqu0 withdrew Tangrowth!<br></div><div class="battle-history">Araqu0 sent out <strong>Heatran</strong>!<br></div><div class="spacer battle-history"><br></div><div class="battle-history">Tapu Lele used <strong>Psyshock</strong>!<br></div><div class="battle-history"><small>It's not very effective...</small><br></div><div class="battle-history"><small>(The opposing Heatran lost <abbr title="−108/323">33.4%</abbr> of its health!)</small><br></div><div class="spacer battle-history"><br></div><h2 class="battle-history">Turn 14</h2><div class="spacer battle-history"><br></div><div class="battle-history">Tapu Lele, come back!<br></div><div class="battle-history">Go! <strong>Necrozma</strong>!<br></div><div class="spacer battle-history"><br></div><div class="battle-history">The opposing Heatran used <strong>Flash Cannon</strong>!<br></div><div class="battle-history"><small>(Necrozma lost <abbr title="−172/398">43.2%</abbr> of its health!)</small><br></div><div class="spacer battle-history"><br></div><h2 class="battle-history">Turn 15</h2><div class="spacer battle-history"><br></div><div class="battle-history"><small>The opposing Heatran surrounded itself with its Z-Power!</small><br></div><div class="spacer battle-history"><br></div><div class="battle-history">The opposing Heatran used <strong>Corkscrew Crash</strong>!<br></div><div class="battle-history"><small>A critical hit!</small><br></div><div class="battle-history"><small>(Necrozma lost <abbr title="−226/398">56.8%</abbr> of its health!)</small><br></div><div class="spacer battle-history"><br></div><div class="battle-history">Necrozma fainted!<br></div><div class="spacer battle-history"><br></div><div class="battle-history"><small>The weirdness disappeared from the battlefield!</small><br></div><div class="spacer battle-history"><br></div><div class="battle-history">Go! <strong>Hydreigon</strong>!<br></div><div class="spacer battle-history"><br></div><h2 class="battle-history">Turn 16</h2><div class="spacer battle-history"><br></div><div class="battle-history">Hydreigon used <strong>Dark Pulse</strong>!<br></div><div class="battle-history"><small>(The opposing Heatran lost <abbr title="−136/323">42.1%</abbr> of its health!)</small><br></div><div class="spacer battle-history"><br></div><div class="battle-history">The opposing Heatran used <strong>Flash Cannon</strong>!<br></div><div class="battle-history"><small>A critical hit!</small><br></div><div class="battle-history"><small>(Hydreigon lost <abbr title="−244/325">75.1%</abbr> of its health!)</small><br></div><div class="spacer battle-history"><br></div><h2 class="battle-history">Turn 17</h2><div class="spacer battle-history"><br></div><div class="battle-history">Hydreigon used <strong>Dark Pulse</strong>!<br></div><div class="battle-history"><small>(The opposing Heatran lost <abbr title="−79/323">24.5%</abbr> of its health!)</small><br></div><div class="spacer battle-history"><br></div><div class="battle-history">The opposing Heatran fainted!<br></div><div class="spacer battle-history"><br></div><div class="battle-history">Araqu0 sent out <strong>Zygarde</strong>!<br></div><div class="battle-history"><small>[The opposing Zygarde's Aura Break]</small><br><small>The opposing Zygarde reversed all other Pokémon's auras!</small><br></div><div class="spacer battle-history"><br></div><h2 class="battle-history">Turn 18</h2><div class="spacer battle-history"><br></div><div class="battle-history"><small>Hydreigon surrounded itself with its Z-Power!</small><br></div><div class="spacer battle-history"><br></div><div class="battle-history">Hydreigon used <strong>Devastating Drake</strong>!<br></div><div class="battle-history"><small>It's super effective!</small><br></div><div class="battle-history"><small>(The opposing Zygarde lost <abbr title="−358/358">100%</abbr> of its health!)</small><br></div><div class="spacer battle-history"><br></div><div class="battle-history">The opposing Zygarde fainted!<br></div><div class="spacer battle-history"><br></div><div class="battle-history">Araqu0 sent out <strong>Greninja</strong>!<br></div><div class="spacer battle-history"><br></div><h2 class="battle-history">Turn 19</h2><div class="spacer battle-history"><br></div><div class="battle-history">The opposing Greninja used <strong>Ice Beam</strong>!<br></div><div class="spacer battle-history"><br></div><div class="battle-history"><small>[The opposing Greninja's Protean]</small><br><small>The opposing Greninja transformed into the Ice type!</small><br></div><div class="battle-history"><small>It's super effective!</small><br></div><div class="battle-history"><small>(Hydreigon lost <abbr title="−81/325">24.9%</abbr> of its health!)</small><br></div><div class="spacer battle-history"><br></div><div class="battle-history">Hydreigon fainted!<br></div><div class="spacer battle-history"><br></div><div class="battle-history">Go! <strong>Tapu Lele</strong>!<br></div><div class="battle-history"><small>[Tapu Lele's Psychic Surge]</small><br><small>The battlefield got weird!</small><br></div><div class="spacer battle-history"><br></div><h2 class="battle-history">Turn 20</h2><div class="spacer battle-history"><br></div><div class="battle-history">The opposing Greninja used <strong>Ice Beam</strong>!<br></div><div class="battle-history"><small>(Tapu Lele lost <abbr title="−112/281">39.9%</abbr> of its health!)</small><br></div><div class="spacer battle-history"><br></div><div class="battle-history">Tapu Lele used <strong>Psyshock</strong>!<br></div><div class="battle-history"><small>(The opposing Greninja lost <abbr title="−285/285">100%</abbr> of its health!)</small><br></div><div class="spacer battle-history"><br></div><div class="battle-history">The opposing Greninja fainted!<br></div><div class="spacer battle-history"><br></div><div class="battle-history">Araqu0 sent out <strong>Tangrowth</strong>!<br></div><div class="spacer battle-history"><br></div><h2 class="battle-history">Turn 21</h2><div class="spacer battle-history"><br></div><div class="battle-history">Tapu Lele used <strong>Psyshock</strong>!<br></div><div class="battle-history"><small>(The opposing Tangrowth lost <abbr title="−141/404">34.9%</abbr> of its health!)</small><br></div><div class="spacer battle-history"><br></div><div class="battle-history">The opposing Tangrowth fainted!<br></div><div class="spacer battle-history"><br></div><div class="battle-history"><strong>cacoluis2005</strong> won the battle!<br></div><div class="chat">cacoluis2005 ha ganado 5.5 PokeDolares.</div><div class="chat">Puntaje de cacoluis2005: 1276 → <strong>1294</strong><br>(+18 por ganar)</div><div class="chat">Puntaje de Araqu0: 1179 → <strong>1162</strong><br>(-17 por perder)</div></div><div class="inner-preempt"></div></div></div>
</div>
<script>
let daily = Math.floor(Date.now()/1000/60/60/24);document.write('<script src="https://play.pokemonshowdown.com/js/replay-embed.js?version'+daily+'"></'+'script>');
</script>
