<!DOCTYPE html>
<meta charset="utf-8" />
<!-- version 1 -->
<title>OU replay: masters1991 vs. Shadow930</title>
<style>
html,body {font-family:Verdana, sans-serif;font-size:10pt;margin:0;padding:0;}body{padding:12px 0;} .battle-log {font-family:Verdana, sans-serif;font-size:10pt;} .battle-log-inline {border:1px solid #AAAAAA;background:#EEF2F5;color:black;max-width:640px;margin:0 auto 80px;padding-bottom:5px;} .battle-log .inner {padding:4px 8px 0px 8px;} .battle-log .inner-preempt {padding:0 8px 4px 8px;} .battle-log .inner-after {margin-top:0.5em;} .battle-log h2 {margin:0.5em -8px;padding:4px 8px;border:1px solid #AAAAAA;background:#E0E7EA;border-left:0;border-right:0;font-family:Verdana, sans-serif;font-size:13pt;} .battle-log .chat {vertical-align:middle;padding:3px 0 3px 0;font-size:8pt;} .battle-log .chat strong {color:#40576A;} .battle-log .chat em {padding:1px 4px 1px 3px;color:#000000;font-style:normal;} .chat.mine {background:rgba(0,0,0,0.05);margin-left:-8px;margin-right:-8px;padding-left:8px;padding-right:8px;} .spoiler {color:#BBBBBB;background:#BBBBBB;padding:0px 3px;} .spoiler:hover, .spoiler:active, .spoiler-shown {color:#000000;background:#E2E2E2;padding:0px 3px;} .spoiler a {color:#BBBBBB;} .spoiler:hover a, .spoiler:active a, .spoiler-shown a {color:#2288CC;} .chat code, .chat .spoiler:hover code, .chat .spoiler:active code, .chat .spoiler-shown code {border:1px solid #C0C0C0;background:#EEEEEE;color:black;padding:0 2px;} .chat .spoiler code {border:1px solid #CCCCCC;background:#CCCCCC;color:#CCCCCC;} .battle-log .rated {padding:3px 4px;} .battle-log .rated strong {color:white;background:#89A;padding:1px 4px;border-radius:4px;} .spacer {margin-top:0.5em;} .message-announce {background:#6688AA;color:white;padding:1px 4px 2px;} .message-announce a, .broadcast-green a, .broadcast-blue a, .broadcast-red a {color:#DDEEFF;} .broadcast-green {background-color:#559955;color:white;padding:2px 4px;} .broadcast-blue {background-color:#6688AA;color:white;padding:2px 4px;} .infobox {border:1px solid #6688AA;padding:2px 4px;} .infobox-limited {max-height:200px;overflow:auto;overflow-x:hidden;} .broadcast-red {background-color:#AA5544;color:white;padding:2px 4px;} .message-learn-canlearn {font-weight:bold;color:#228822;text-decoration:underline;} .message-learn-cannotlearn {font-weight:bold;color:#CC2222;text-decoration:underline;} .message-effect-weak {font-weight:bold;color:#CC2222;} .message-effect-resist {font-weight:bold;color:#6688AA;} .message-effect-immune {font-weight:bold;color:#666666;} .message-learn-list {margin-top:0;margin-bottom:0;} .message-throttle-notice, .message-error {color:#992222;} .message-overflow, .chat small.message-overflow {font-size:0pt;} .message-overflow::before {font-size:9pt;content:'...';} .subtle {color:#3A4A66;}
</style>
<div class="wrapper replay-wrapper" style="max-width:1180px;margin:0 auto">
<input type="hidden" name="replayid" value="destiny-ou-562126" />
<div class="battle"></div><div class="battle-log"></div><div class="replay-controls"></div><div class="replay-controls-2"></div>
<h1 style="font-weight:normal;text-align:center"><strong>OU</strong><br /><a href="http://pokemonshowdown.com/users/masters1991" class="subtle" target="_blank">masters1991</a> vs. <a href="http://pokemonshowdown.com/users/shadow930" class="subtle" target="_blank">Shadow930</a></h1>
<script type="text/plain" class="battle-log-data">|player|p1|masters1991|247
|teamsize|p1|6
|player|p2|Shadow930|266
|teamsize|p2|6
|teamsize|p1|6
|teamsize|p2|6
|gametype|singles
|gen|7
|tier|OU
|rated
|seed|6855,15049,32935,57599
|rule|Cláusula-Mod de Dormir: solo puedes dormir a uno de tus oponentes a la vez.
|rule|Cláusula de Especie: Hasta un Pokémon de cada especie
|rule|Cláusula de Golpe Fulminante: los movimientos fulminantes (OHKO) estan prohibidos
|rule|Cláusula de Veleta: la habilidad Veleta está prohibida
|rule|Cláusula de Movimientos Evasivos: los movimientos de Evasión están prohibidos.
|rule|Cláusula de Batallas Eternas: forzar batallas eternas está prohibido
|clearpoke
|poke|p1|Electivire, F|item
|poke|p1|Heatran, M|item
|poke|p1|Tapu Lele|item
|poke|p1|Gyarados, M|item
|poke|p1|Gliscor, F|item
|poke|p1|Venusaur, F|item
|poke|p2|Gardevoir, F|item
|poke|p2|Ferrothorn, M, shiny|item
|poke|p2|Kyurem-Black|item
|poke|p2|Keldeo-Resolute|item
|poke|p2|Chandelure, F, shiny|item
|poke|p2|Zapdos, shiny|item
|teampreview|undefined
|choice|*team 523416|*
|choice|*|*team 213456
|choice|team 5, 2, 3, 4, 1, 6|team 2, 1, 3, 4, 5, 6
|
|start
|switch|p1a: Gliscor|Gliscor, F|291\/291
|switch|p2a: Ferrothorn|Ferrothorn, M, shiny|352\/352
|turn|1
|choice|*|*move 4
|inactive|Reloj de batalla ENCENDIDO. El jugador inactivo será descalificado (solicitado por Shadow930).
|choice|*move 2|*
|choice|move swordsdance|move stealthrock
|
|move|p1a: Gliscor|Swords Dance|p1a: Gliscor
|-boost|p1a: Gliscor|atk|2
|move|p2a: Ferrothorn|Stealth Rock|p1a: Gliscor
|-sidestart|p1: masters1991|move: Stealth Rock
|
|-status|p1a: Gliscor|tox|[from] item: Toxic Orb
|upkeep
|turn|2
|choice|*|*move 2
|choice|*move 3|*
|choice|move knockoff|move leechseed
|
|move|p1a: Gliscor|Knock Off|p2a: Ferrothorn
|-damage|p2a: Ferrothorn|252\/352
|-damage|p1a: Gliscor|255\/291 tox|[from] ability: Iron Barbs|[of] p2a: Ferrothorn
|-enditem|p2a: Ferrothorn|Leftovers|[from] move: Knock Off|[of] p1a: Gliscor
|move|p2a: Ferrothorn|Leech Seed|p1a: Gliscor
|-start|p1a: Gliscor|move: Leech Seed
|
|-damage|p1a: Gliscor|219\/291 tox|[from] Leech Seed|[of] p2a: Ferrothorn
|-heal|p2a: Ferrothorn|288\/352|[silent]
|-heal|p1a: Gliscor|255\/291 tox|[from] ability: Poison Heal
|upkeep
|turn|3
|choice|*|*move 1
|choice|*switch 2|*
|choice|switch 2|move protect
|
|switch|p1a: Heatran|Heatran, M|323\/323
|-damage|p1a: Heatran|283\/323|[from] Stealth Rock
|move|p2a: Ferrothorn|Protect|p2a: Ferrothorn
|-fail|p2a: Ferrothorn
|
|-heal|p1a: Heatran|303\/323|[from] item: Leftovers
|upkeep
|turn|4
|choice|*|*switch 4
|choice|*move 2|*
|choice|move magmastorm|switch 4
|
|switch|p2a: Keldeo|Keldeo-Resolute|324\/324
|move|p1a: Heatran|Magma Storm|p2a: Keldeo
|-resisted|p2a: Keldeo
|-damage|p2a: Keldeo|241\/324
|-activate|p2a: Keldeo|move: Magma Storm|[of] p1a: Heatran
|
|-heal|p1a: Heatran|323\/323|[from] item: Leftovers
|-damage|p2a: Keldeo|201\/324|[from] move: Magma Storm|[partiallytrapped]
|upkeep
|turn|5
|choice|*|*move 1
|choice|*move 1|*
|choice|move stealthrock|move secretsword
|
|move|p2a: Keldeo|Secret Sword|p1a: Heatran
|-supereffective|p1a: Heatran
|-damage|p1a: Heatran|0 fnt
|-damage|p2a: Keldeo|169\/324|[from] item: Life Orb
|faint|p1a: Heatran
|
|upkeep
|choice|*switch 5|*
|choice|switch 5|
|
|switch|p1a: Electivire|Electivire, F|294\/294
|-damage|p1a: Electivire|258\/294|[from] Stealth Rock
|turn|6
|choice|*move 4|*
|choice|*|*switch 6
|choice|move thunderpunch|switch 6
|
|switch|p2a: Zapdos|Zapdos, shiny|383\/383
|move|p1a: Electivire|Thunder Punch|p2a: Zapdos
|-damage|p2a: Zapdos|263\/383
|-damage|p1a: Electivire|209\/294|[from] item: Rocky Helmet|[of] p2a: Zapdos
|
|upkeep
|turn|7
|choice|*|*move 2
|choice|*switch 3|*
|choice|switch 3|move heatwave
|
|switch|p1a: Tapu Lele|Tapu Lele|281\/281
|-damage|p1a: Tapu Lele|246\/281|[from] Stealth Rock
|-fieldstart|move: Psychic Terrain|[from] ability: Psychic Surge|[of] p1a: Tapu Lele
|move|p2a: Zapdos|Heat Wave|p1a: Tapu Lele
|-damage|p1a: Tapu Lele|165\/281
|
|upkeep
|turn|8
|choice|*|*move 1
|choice|*move 3|*
|choice|move psychic|move discharge
|
|move|p1a: Tapu Lele|Psychic|p2a: Zapdos
|-damage|p2a: Zapdos|38\/383
|move|p2a: Zapdos|Discharge|p1a: Tapu Lele
|-damage|p1a: Tapu Lele|59\/281
|
|upkeep
|turn|9
|choice|*move 3|*
|choice|*|*move 1
|choice|move psychic|move discharge
|
|move|p1a: Tapu Lele|Psychic|p2a: Zapdos
|-damage|p2a: Zapdos|0 fnt
|faint|p2a: Zapdos
|
|upkeep
|choice|*|*switch 4
|choice||switch 4
|
|switch|p2a: Ferrothorn|Ferrothorn, M, shiny|288\/352
|turn|10
|choice|*|*move 3
|choice|*move 3|*
|choice|move psychic|move gyroball
|
|move|p1a: Tapu Lele|Psychic|p2a: Ferrothorn
|-resisted|p2a: Ferrothorn
|-damage|p2a: Ferrothorn|210\/352
|move|p2a: Ferrothorn|Gyro Ball|p1a: Tapu Lele
|-supereffective|p1a: Tapu Lele
|-damage|p1a: Tapu Lele|0 fnt
|faint|p1a: Tapu Lele
|
|upkeep
|choice|*switch 3|*
|choice|switch 3|
|
|switch|p1a: Electivire|Electivire, F|209\/294
|-damage|p1a: Electivire|173\/294|[from] Stealth Rock
|turn|11
|choice|*move 3|*
|choice|*|*move 1
|choice|move firepunch|move protect
|
|move|p2a: Ferrothorn|Protect|p2a: Ferrothorn
|-singleturn|p2a: Ferrothorn|Protect
|move|p1a: Electivire|Fire Punch|p2a: Ferrothorn
|-activate|p2a: Ferrothorn|move: Protect
|
|-fieldend|move: Psychic Terrain
|upkeep
|turn|12
|choice|*move 3|*
|choice|*|*switch 5
|choice|move firepunch|switch 5
|
|switch|p2a: Chandelure|Chandelure, F, shiny|261\/261
|move|p1a: Electivire|Fire Punch|p2a: Chandelure
|-start|p2a: Chandelure|ability: Flash Fire
|
|upkeep
|turn|13
|choice|*|*move 2
|choice|*switch 4|*
|choice|switch 4|move heatwave
|
|switch|p1a: Gyarados|Gyarados, M|331\/331
|-damage|p1a: Gyarados|249\/331|[from] Stealth Rock
|-ability|p1a: Gyarados|Intimidate|boost
|-unboost|p2a: Chandelure|atk|1
|move|p2a: Chandelure|Heat Wave|p1a: Gyarados
|-resisted|p1a: Gyarados
|-damage|p1a: Gyarados|98\/331
|
|upkeep
|turn|14
|choice|*move 1|*
|choice|*|*move 4
|choice|move waterfall|move energyball
|
|move|p2a: Chandelure|Energy Ball|p1a: Gyarados
|-damage|p1a: Gyarados|0 fnt
|faint|p1a: Gyarados
|
|upkeep
|choice|*switch 2|*
|choice|switch 2|
|
|switch|p1a: Gliscor|Gliscor, F|255\/291 tox
|-damage|p1a: Gliscor|219\/291 tox|[from] Stealth Rock
|turn|15
|choice|*move 3|*
|choice|*|*move 2
|choice|move knockoff|move heatwave
|
|move|p2a: Chandelure|Heat Wave|p1a: Gliscor
|-damage|p1a: Gliscor|0 fnt
|faint|p1a: Gliscor
|
|upkeep
|inactive|masters1991 tiene 135 segundos restantes.
|choice|*switch 6|*
|choice|switch 6|
|
|switch|p1a: Venusaur|Venusaur, F|301\/301
|-damage|p1a: Venusaur|264\/301|[from] Stealth Rock
|turn|16
|choice|*move 1 mega|*
|choice|*|*move 3
|choice|move gigadrain mega|move psychic
|
|-mega|p1a: Venusaur|Venusaur|Venusaurite
|detailschange|p1a: Venusaur|Venusaur-Mega, F
|move|p2a: Chandelure|Psychic|p1a: Venusaur
|-supereffective|p1a: Venusaur
|-damage|p1a: Venusaur|32\/301
|move|p1a: Venusaur|Giga Drain|p2a: Chandelure
|-resisted|p2a: Chandelure
|-damage|p2a: Chandelure|219\/261
|-heal|p1a: Venusaur|53\/301|[from] drain|[of] p2a: Chandelure
|
|upkeep
|turn|17
|choice|*|*move 3
|choice|*move 3|*
|choice|move sludgebomb|move psychic
|
|move|p2a: Chandelure|Psychic|p1a: Venusaur
|-supereffective|p1a: Venusaur
|-damage|p1a: Venusaur|0 fnt
|faint|p1a: Venusaur
|
|upkeep
|choice|*switch 4|*
|choice|switch 4|
|
|switch|p1a: Electivire|Electivire, F|173\/294
|-damage|p1a: Electivire|137\/294|[from] Stealth Rock
|turn|18
|choice|*move 1|*
|choice|*|*move 1
|choice|move wildcharge|move shadowball
|
|move|p2a: Chandelure|Shadow Ball|p1a: Electivire
|-damage|p1a: Electivire|0 fnt
|faint|p1a: Electivire
|
|win|Shadow930
Shadow930 ha ganado 9.25 PokeDolares.
|raw|Puntaje de masters1991: 1054 &rarr; <strong>1042<\/strong><br \/>(-12 por perder)
|raw|Puntaje de Shadow930: 1000 &rarr; <strong>1052<\/strong><br \/>(+52 por ganar)
</script>
</div>
<div class="battle-log battle-log-inline"><div class="inner"><div class="battle-options"></div><div class="inner"><div class=""><small>Format:</small> <br><strong>OU</strong></div><div class="rated"><strong>Rated battle</strong></div><div class=""><small><em>Cláusula-Mod de Dormir:</em> solo puedes dormir a uno de tus oponentes a la vez.</small></div><div class=""><small><em>Cláusula de Especie:</em> Hasta un Pokémon de cada especie</small></div><div class=""><small><em>Cláusula de Golpe Fulminante:</em> los movimientos fulminantes (OHKO) estan prohibidos</small></div><div class=""><small><em>Cláusula de Veleta:</em> la habilidad Veleta está prohibida</small></div><div class=""><small><em>Cláusula de Movimientos Evasivos:</em> los movimientos de Evasión están prohibidos.</small></div><div class=""><small><em>Cláusula de Batallas Eternas:</em> forzar batallas eternas está prohibido</small></div><div class="chat battle-history"><strong>masters1991's team:</strong> <em style="color:#445566;display:block;">Electivire / Heatran / Tapu Lele / Gyarados / Gliscor / Venusaur</em></div><div class="chat battle-history"><strong>Shadow930's team:</strong> <em style="color:#445566;display:block;">Gardevoir / Ferrothorn / Kyurem-Black / Keldeo-Resolute / Chandelure / Zapdos</em></div><div class="spacer battle-history"><br></div><div class="battle-history">Battle started between masters1991 and Shadow930!<br></div><div class="spacer battle-history"><br></div><div class="battle-history">Go! <strong>Gliscor</strong>!<br></div><div class="spacer battle-history"><br></div><div class="battle-history">Shadow930 sent out <strong>Ferrothorn</strong>!<br></div><div class="spacer battle-history"><br></div><h2 class="battle-history">Turn 1</h2><div class="chat message-error">Reloj de batalla ENCENDIDO. El jugador inactivo será descalificado (solicitado por Shadow930).</div><div class="spacer battle-history"><br></div><div class="battle-history">Gliscor used <strong>Swords Dance</strong>!<br></div><div class="battle-history"><small>Gliscor's Attack rose sharply!</small><br></div><div class="spacer battle-history"><br></div><div class="battle-history">The opposing Ferrothorn used <strong>Stealth Rock</strong>!<br></div><div class="battle-history"><small>Pointed stones float in the air around your team!</small><br></div><div class="spacer battle-history"><br></div><div class="battle-history"><small>Gliscor was badly poisoned!</small><br></div><div class="spacer battle-history"><br></div><h2 class="battle-history">Turn 2</h2><div class="spacer battle-history"><br></div><div class="battle-history">Gliscor used <strong>Knock Off</strong>!<br></div><div class="battle-history"><small>(The opposing Ferrothorn lost <abbr title="−100/352">28.4%</abbr> of its health!)</small><br></div><div class="battle-history"><small>[The opposing Ferrothorn's Iron Barbs]</small><br><small>Gliscor was hurt!</small><br></div><div class="battle-history"><small>Gliscor knocked off the opposing Ferrothorn's Leftovers!</small><br></div><div class="spacer battle-history"><br></div><div class="battle-history">The opposing Ferrothorn used <strong>Leech Seed</strong>!<br></div><div class="battle-history"><small>Gliscor was seeded!</small><br></div><div class="spacer battle-history"><br></div><div class="battle-history"><small>Gliscor's health is sapped by Leech Seed!</small><br></div><div class="battle-history"><small>[Gliscor's Poison Heal]</small><br><small>Gliscor restored its HP.</small><br></div><div class="spacer battle-history"><br></div><h2 class="battle-history">Turn 3</h2><div class="spacer battle-history"><br></div><div class="battle-history">Gliscor, come back!<br></div><div class="battle-history">Go! <strong>Heatran</strong>!<br></div><div class="battle-history"><small>Pointed stones dug into Heatran!</small><br></div><div class="spacer battle-history"><br></div><div class="battle-history">The opposing Ferrothorn used <strong>Protect</strong>!<br></div><div class="battle-history"><small>But it failed!</small><br></div><div class="spacer battle-history"><br></div><div class="battle-history"><small>Heatran restored a little HP using its Leftovers!</small><br></div><div class="spacer battle-history"><br></div><h2 class="battle-history">Turn 4</h2><div class="spacer battle-history"><br></div><div class="battle-history">Shadow930 withdrew Ferrothorn!<br></div><div class="battle-history">Shadow930 sent out Keldeo (<strong>Keldeo-Resolute</strong>)!<br></div><div class="spacer battle-history"><br></div><div class="battle-history">Heatran used <strong>Magma Storm</strong>!<br></div><div class="battle-history"><small>It's not very effective...</small><br></div><div class="battle-history"><small>(The opposing Keldeo lost <abbr title="−83/324">25.6%</abbr> of its health!)</small><br></div><div class="battle-history"><small>The opposing Keldeo became trapped by swirling magma!</small><br></div><div class="spacer battle-history"><br></div><div class="battle-history"><small>Heatran restored a little HP using its Leftovers!</small><br></div><div class="battle-history"><small>The opposing Keldeo is hurt by Magma Storm!</small><br></div><div class="spacer battle-history"><br></div><h2 class="battle-history">Turn 5</h2><div class="spacer battle-history"><br></div><div class="battle-history">The opposing Keldeo used <strong>Secret Sword</strong>!<br></div><div class="battle-history"><small>It's super effective!</small><br></div><div class="battle-history"><small>(Heatran lost <abbr title="−323/323">100%</abbr> of its health!)</small><br></div><div class="battle-history"><small>The opposing Keldeo lost some of its HP!</small><br></div><div class="spacer battle-history"><br></div><div class="battle-history">Heatran fainted!<br></div><div class="spacer battle-history"><br></div><div class="battle-history">Go! <strong>Electivire</strong>!<br></div><div class="battle-history"><small>Pointed stones dug into Electivire!</small><br></div><div class="spacer battle-history"><br></div><h2 class="battle-history">Turn 6</h2><div class="spacer battle-history"><br></div><div class="battle-history">Shadow930 withdrew Keldeo!<br></div><div class="battle-history">Shadow930 sent out <strong>Zapdos</strong>!<br></div><div class="spacer battle-history"><br></div><div class="battle-history">Electivire used <strong>Thunder Punch</strong>!<br></div><div class="battle-history"><small>(The opposing Zapdos lost <abbr title="−120/383">31.3%</abbr> of its health!)</small><br></div><div class="battle-history"><small>Electivire was hurt by the Rocky Helmet!</small><br></div><div class="spacer battle-history"><br></div><h2 class="battle-history">Turn 7</h2><div class="spacer battle-history"><br></div><div class="battle-history">Electivire, come back!<br></div><div class="battle-history">Go! <strong>Tapu Lele</strong>!<br></div><div class="battle-history"><small>Pointed stones dug into Tapu Lele!</small><br></div><div class="battle-history"><small>[Tapu Lele's Psychic Surge]</small><br><small>The battlefield got weird!</small><br></div><div class="spacer battle-history"><br></div><div class="battle-history">The opposing Zapdos used <strong>Heat Wave</strong>!<br></div><div class="battle-history"><small>(Tapu Lele lost <abbr title="−81/281">28.8%</abbr> of its health!)</small><br></div><div class="spacer battle-history"><br></div><h2 class="battle-history">Turn 8</h2><div class="spacer battle-history"><br></div><div class="battle-history">Tapu Lele used <strong>Psychic</strong>!<br></div><div class="battle-history"><small>(The opposing Zapdos lost <abbr title="−225/383">58.7%</abbr> of its health!)</small><br></div><div class="spacer battle-history"><br></div><div class="battle-history">The opposing Zapdos used <strong>Discharge</strong>!<br></div><div class="battle-history"><small>(Tapu Lele lost <abbr title="−106/281">37.7%</abbr> of its health!)</small><br></div><div class="spacer battle-history"><br></div><h2 class="battle-history">Turn 9</h2><div class="spacer battle-history"><br></div><div class="battle-history">Tapu Lele used <strong>Psychic</strong>!<br></div><div class="battle-history"><small>(The opposing Zapdos lost <abbr title="−38/383">9.9%</abbr> of its health!)</small><br></div><div class="spacer battle-history"><br></div><div class="battle-history">The opposing Zapdos fainted!<br></div><div class="spacer battle-history"><br></div><div class="battle-history">Shadow930 sent out <strong>Ferrothorn</strong>!<br></div><div class="spacer battle-history"><br></div><h2 class="battle-history">Turn 10</h2><div class="spacer battle-history"><br></div><div class="battle-history">Tapu Lele used <strong>Psychic</strong>!<br></div><div class="battle-history"><small>It's not very effective...</small><br></div><div class="battle-history"><small>(The opposing Ferrothorn lost <abbr title="−78/352">22.2%</abbr> of its health!)</small><br></div><div class="spacer battle-history"><br></div><div class="battle-history">The opposing Ferrothorn used <strong>Gyro Ball</strong>!<br></div><div class="battle-history"><small>It's super effective!</small><br></div><div class="battle-history"><small>(Tapu Lele lost <abbr title="−59/281">21.0%</abbr> of its health!)</small><br></div><div class="spacer battle-history"><br></div><div class="battle-history">Tapu Lele fainted!<br></div><div class="spacer battle-history"><br></div><div class="battle-history">Go! <strong>Electivire</strong>!<br></div><div class="battle-history"><small>Pointed stones dug into Electivire!</small><br></div><div class="spacer battle-history"><br></div><h2 class="battle-history">Turn 11</h2><div class="spacer battle-history"><br></div><div class="battle-history">The opposing Ferrothorn used <strong>Protect</strong>!<br></div><div class="battle-history"><small>The opposing Ferrothorn protected itself!</small><br></div><div class="spacer battle-history"><br></div><div class="battle-history">Electivire used <strong>Fire Punch</strong>!<br></div><div class="battle-history"><small>The opposing Ferrothorn protected itself!</small><br></div><div class="spacer battle-history"><br></div><div class="battle-history"><small>The weirdness disappeared from the battlefield!</small><br></div><div class="spacer battle-history"><br></div><h2 class="battle-history">Turn 12</h2><div class="spacer battle-history"><br></div><div class="battle-history">Shadow930 withdrew Ferrothorn!<br></div><div class="battle-history">Shadow930 sent out <strong>Chandelure</strong>!<br></div><div class="spacer battle-history"><br></div><div class="battle-history">Electivire used <strong>Fire Punch</strong>!<br></div><div class="battle-history"><small>[The opposing Chandelure's Flash Fire]</small><br><small>The power of the opposing Chandelure's Fire-type moves rose!</small><br></div><div class="spacer battle-history"><br></div><h2 class="battle-history">Turn 13</h2><div class="spacer battle-history"><br></div><div class="battle-history">Electivire, come back!<br></div><div class="battle-history">Go! <strong>Gyarados</strong>!<br></div><div class="battle-history"><small>Pointed stones dug into Gyarados!</small><br></div><div class="battle-history"><small>[Gyarados's Intimidate]</small><br></div><div class="battle-history"><small>The opposing Chandelure's Attack fell!</small><br></div><div class="spacer battle-history"><br></div><div class="battle-history">The opposing Chandelure used <strong>Heat Wave</strong>!<br></div><div class="battle-history"><small>It's not very effective...</small><br></div><div class="battle-history"><small>(Gyarados lost <abbr title="−151/331">45.6%</abbr> of its health!)</small><br></div><div class="spacer battle-history"><br></div><h2 class="battle-history">Turn 14</h2><div class="spacer battle-history"><br></div><div class="battle-history">The opposing Chandelure used <strong>Energy Ball</strong>!<br></div><div class="battle-history"><small>(Gyarados lost <abbr title="−98/331">29.6%</abbr> of its health!)</small><br></div><div class="spacer battle-history"><br></div><div class="battle-history">Gyarados fainted!<br></div><div class="spacer battle-history"><br></div><div class="battle-history">Go! <strong>Gliscor</strong>!<br></div><div class="battle-history"><small>Pointed stones dug into Gliscor!</small><br></div><div class="spacer battle-history"><br></div><h2 class="battle-history">Turn 15</h2><div class="spacer battle-history"><br></div><div class="battle-history">The opposing Chandelure used <strong>Heat Wave</strong>!<br></div><div class="battle-history"><small>(Gliscor lost <abbr title="−219/291">75.3%</abbr> of its health!)</small><br></div><div class="spacer battle-history"><br></div><div class="battle-history">Gliscor fainted!<br></div><div class="chat message-error">masters1991 tiene 135 segundos restantes.</div><div class="spacer battle-history"><br></div><div class="battle-history">Go! <strong>Venusaur</strong>!<br></div><div class="battle-history"><small>Pointed stones dug into Venusaur!</small><br></div><div class="spacer battle-history"><br></div><h2 class="battle-history">Turn 16</h2><div class="spacer battle-history"><br></div><div class="battle-history"><small>Venusaur's Venusaurite is reacting to the Key Stone!</small><br>Venusaur has Mega Evolved into Mega Venusaur!<br></div><div class="spacer battle-history"><br></div><div class="battle-history">The opposing Chandelure used <strong>Psychic</strong>!<br></div><div class="battle-history"><small>It's super effective!</small><br></div><div class="battle-history"><small>(Venusaur lost <abbr title="−232/301">77.1%</abbr> of its health!)</small><br></div><div class="spacer battle-history"><br></div><div class="battle-history">Venusaur used <strong>Giga Drain</strong>!<br></div><div class="battle-history"><small>It's not very effective...</small><br></div><div class="battle-history"><small>(The opposing Chandelure lost <abbr title="−42/261">16.1%</abbr> of its health!)</small><br></div><div class="battle-history"><small>The opposing Chandelure had its energy drained!</small><br></div><div class="spacer battle-history"><br></div><h2 class="battle-history">Turn 17</h2><div class="spacer battle-history"><br></div><div class="battle-history">The opposing Chandelure used <strong>Psychic</strong>!<br></div><div class="battle-history"><small>It's super effective!</small><br></div><div class="battle-history"><small>(Venusaur lost <abbr title="−53/301">17.6%</abbr> of its health!)</small><br></div><div class="spacer battle-history"><br></div><div class="battle-history">Venusaur fainted!<br></div><div class="spacer battle-history"><br></div><div class="battle-history">Go! <strong>Electivire</strong>!<br></div><div class="battle-history"><small>Pointed stones dug into Electivire!</small><br></div><div class="spacer battle-history"><br></div><h2 class="battle-history">Turn 18</h2><div class="spacer battle-history"><br></div><div class="battle-history">The opposing Chandelure used <strong>Shadow Ball</strong>!<br></div><div class="battle-history"><small>(Electivire lost <abbr title="−137/294">46.6%</abbr> of its health!)</small><br></div><div class="spacer battle-history"><br></div><div class="battle-history">Electivire fainted!<br></div><div class="spacer battle-history"><br></div><div class="battle-history"><strong>Shadow930</strong> won the battle!<br></div><div class="chat">Shadow930 ha ganado 9.25 PokeDolares.</div><div class="chat">Puntaje de masters1991: 1054 → <strong>1042</strong><br>(-12 por perder)</div><div class="chat">Puntaje de Shadow930: 1000 → <strong>1052</strong><br>(+52 por ganar)</div></div><div class="inner-preempt"></div></div></div>
</div>
<script>
let daily = Math.floor(Date.now()/1000/60/60/24);document.write('<script src="https://play.pokemonshowdown.com/js/replay-embed.js?version'+daily+'"></'+'script>');
</script>
