<!DOCTYPE html>
<meta charset="utf-8" />
<!-- version 1 -->
<title>OU replay: GoenjiShuuya vs. WolfboriX</title>
<style>
html,body {font-family:Verdana, sans-serif;font-size:10pt;margin:0;padding:0;}body{padding:12px 0;} .battle-log {font-family:Verdana, sans-serif;font-size:10pt;} .battle-log-inline {border:1px solid #AAAAAA;background:#EEF2F5;color:black;max-width:640px;margin:0 auto 80px;padding-bottom:5px;} .battle-log .inner {padding:4px 8px 0px 8px;} .battle-log .inner-preempt {padding:0 8px 4px 8px;} .battle-log .inner-after {margin-top:0.5em;} .battle-log h2 {margin:0.5em -8px;padding:4px 8px;border:1px solid #AAAAAA;background:#E0E7EA;border-left:0;border-right:0;font-family:Verdana, sans-serif;font-size:13pt;} .battle-log .chat {vertical-align:middle;padding:3px 0 3px 0;font-size:8pt;} .battle-log .chat strong {color:#40576A;} .battle-log .chat em {padding:1px 4px 1px 3px;color:#000000;font-style:normal;} .chat.mine {background:rgba(0,0,0,0.05);margin-left:-8px;margin-right:-8px;padding-left:8px;padding-right:8px;} .spoiler {color:#BBBBBB;background:#BBBBBB;padding:0px 3px;} .spoiler:hover, .spoiler:active, .spoiler-shown {color:#000000;background:#E2E2E2;padding:0px 3px;} .spoiler a {color:#BBBBBB;} .spoiler:hover a, .spoiler:active a, .spoiler-shown a {color:#2288CC;} .chat code, .chat .spoiler:hover code, .chat .spoiler:active code, .chat .spoiler-shown code {border:1px solid #C0C0C0;background:#EEEEEE;color:black;padding:0 2px;} .chat .spoiler code {border:1px solid #CCCCCC;background:#CCCCCC;color:#CCCCCC;} .battle-log .rated {padding:3px 4px;} .battle-log .rated strong {color:white;background:#89A;padding:1px 4px;border-radius:4px;} .spacer {margin-top:0.5em;} .message-announce {background:#6688AA;color:white;padding:1px 4px 2px;} .message-announce a, .broadcast-green a, .broadcast-blue a, .broadcast-red a {color:#DDEEFF;} .broadcast-green {background-color:#559955;color:white;padding:2px 4px;} .broadcast-blue {background-color:#6688AA;color:white;padding:2px 4px;} .infobox {border:1px solid #6688AA;padding:2px 4px;} .infobox-limited {max-height:200px;overflow:auto;overflow-x:hidden;} .broadcast-red {background-color:#AA5544;color:white;padding:2px 4px;} .message-learn-canlearn {font-weight:bold;color:#228822;text-decoration:underline;} .message-learn-cannotlearn {font-weight:bold;color:#CC2222;text-decoration:underline;} .message-effect-weak {font-weight:bold;color:#CC2222;} .message-effect-resist {font-weight:bold;color:#6688AA;} .message-effect-immune {font-weight:bold;color:#666666;} .message-learn-list {margin-top:0;margin-bottom:0;} .message-throttle-notice, .message-error {color:#992222;} .message-overflow, .chat small.message-overflow {font-size:0pt;} .message-overflow::before {font-size:9pt;content:'...';} .subtle {color:#3A4A66;}
</style>
<div class="wrapper replay-wrapper" style="max-width:1180px;margin:0 auto">
<input type="hidden" name="replayid" value="destiny-ou-444926" />
<div class="battle"></div><div class="battle-log"></div><div class="replay-controls"></div><div class="replay-controls-2"></div>
<h1 style="font-weight:normal;text-align:center"><strong>OU</strong><br /><a href="http://pokemonshowdown.com/users/goenjishuuya" class="subtle" target="_blank">GoenjiShuuya</a> vs. <a href="http://pokemonshowdown.com/users/wolfborix" class="subtle" target="_blank">WolfboriX</a></h1>
<script type="text/plain" class="battle-log-data">|player|p1|GoenjiShuuya|goenjishuuya.gif?14095065
|teamsize|p1|6
|player|p2|WolfboriX|wolfborix.gif?d4972639
|teamsize|p2|6
|teamsize|p1|6
|teamsize|p2|6
|gametype|singles
|gen|7
|tier|OU
|seed|33133,25788,49408,4211
|rule|Cláusula-Mod de Dormir: solo puedes dormir a uno de tus oponentes a la vez.
|rule|Cláusula de Especie: Hasta un Pokémon de cada especie
|rule|Cláusula de Golpe Fulminante: los movimientos fulminantes (OHKO) estan prohibidos
|rule|Cláusula de Veleta: la habilidad Veleta está prohibida
|rule|Cláusula de Movimientos Evasivos: los movimientos de Evasión están prohibidos.
|rule|Cláusula de Batallas Eternas: forzar batallas eternas está prohibido
|clearpoke
|poke|p1|Venusaur, M|item
|poke|p1|Latias, F|item
|poke|p1|Landorus-Therian, M|item
|poke|p1|Kyurem-Black|item
|poke|p1|Tapu Koko|item
|poke|p1|Celesteela|item
|poke|p2|Greninja, M|item
|poke|p2|Victini|item
|poke|p2|Tapu Bulu|item
|poke|p2|Charizard, M|item
|poke|p2|Landorus-Therian, M|item
|poke|p2|Empoleon, M|item
|teampreview|undefined
|choice|*team 321456|*
|c| mi persona murio|jajajajaja
|c| mi persona murio|sigues usando mi team
|c|☆GoenjiShuuya|israel 943
|c|☆GoenjiShuuya|metete
|c| mi persona murio|el rei
|c|☆GoenjiShuuya|en llmada
|c|☆WolfboriX|discord isra
|c|☆GoenjiShuuya|si tu no estas maricno
|c|☆WolfboriX|shora voy
|c|☆GoenjiShuuya|me cago en dios
|c|☆GoenjiShuuya|que juegues
|c|☆GoenjiShuuya|pro de que vas tio
|choice|*|*team 321456
|choice|team 3, 2, 1, 4, 5, 6|team 3, 2, 1, 4, 5, 6
|
|start
|switch|p1a: Landorus|Landorus-Therian, M|381\/381
|switch|p2a: Tapu Bulu|Tapu Bulu|284\/284
|-fieldstart|move: Grassy Terrain|[from] ability: Grassy Surge|[of] p2a: Tapu Bulu
|-ability|p1a: Landorus|Intimidate|boost
|-unboost|p2a: Tapu Bulu|atk|1
|turn|1
|choice|*move 3|*
|choice|*move 3|*
|inactive|Reloj de batalla ENCENDIDO. El jugador inactivo será descalificado (solicitado por GoenjiShuuya).
|inactiveoff|El cronómetro ha sido APAGADO.
|inactive|Reloj de batalla ENCENDIDO. El jugador inactivo será descalificado (solicitado por GoenjiShuuya).
|inactiveoff|El cronómetro ha sido APAGADO.
|choice|*move 3|*
|inactive|Reloj de batalla ENCENDIDO. El jugador inactivo será descalificado (solicitado por GoenjiShuuya).
|inactiveoff|El cronómetro ha sido APAGADO.
|choice|*|*switch 5
|choice|move knockoff|switch 5
|
|switch|p2a: Landorus|Landorus-Therian, M|381\/381
|-ability|p2a: Landorus|Intimidate|boost
|-unboost|p1a: Landorus|atk|1
|move|p1a: Landorus|Knock Off|p2a: Landorus
|-damage|p2a: Landorus|325\/381
|-damage|p1a: Landorus|318\/381|[from] item: Rocky Helmet|[of] p2a: Landorus
|-enditem|p2a: Landorus|Rocky Helmet|[from] move: Knock Off|[of] p1a: Landorus
|
|-heal|p1a: Landorus|341\/381|[from] item: Leftovers
|upkeep
|turn|2
|choice|*|*move 3
|choice|*switch 6|*
|choice|switch 6|move hiddenpower
|
|switch|p1a: Celesteela|Celesteela|397\/397
|move|p2a: Landorus|Hidden Power|p1a: Celesteela
|-damage|p1a: Celesteela|356\/397
|
|-heal|p1a: Celesteela|380\/397|[from] item: Leftovers
|upkeep
|turn|3
|choice|*|*move 2
|choice|*move 1|*
|choice|move leechseed|move stealthrock
|
|move|p2a: Landorus|Stealth Rock|p1a: Celesteela
|-sidestart|p1: GoenjiShuuya|move: Stealth Rock
|move|p1a: Celesteela|Leech Seed|p2a: Landorus
|-start|p2a: Landorus|move: Leech Seed
|
|-heal|p1a: Celesteela|397\/397|[from] item: Leftovers
|-damage|p2a: Landorus|278\/381|[from] Leech Seed|[of] p1a: Celesteela
|upkeep
|turn|4
|choice|*move 2|*
|choice|*|*move 4
|choice|move heavyslam|move uturn
|
|move|p2a: Landorus|U-turn|p1a: Celesteela
|-resisted|p1a: Celesteela
|-damage|p1a: Celesteela|383\/397
|choice|*|*switch 2
|choice||switch 2
|
|switch|p2a: Victini|Victini|341\/341|[from]move: U-turn
|move|p1a: Celesteela|Heavy Slam|p2a: Victini
|-resisted|p2a: Victini
|-damage|p2a: Victini|269\/341
|
|-heal|p2a: Victini|290\/341|[from] Grassy Terrain
|-heal|p1a: Celesteela|397\/397|[from] item: Leftovers
|upkeep
|turn|5
|choice|*switch 6|*
|choice|*|*move 1 zmove
|choice|*switch 6|*
|choice|switch 6|move celebrate zmove
|
|switch|p1a: Landorus|Landorus-Therian, M|341\/381
|-damage|p1a: Landorus|294\/381|[from] Stealth Rock
|-ability|p1a: Landorus|Intimidate|boost
|-unboost|p2a: Victini|atk|1
|-zpower|p2a: Victini
|move|p2a: Victini|Z-Celebrate|p2a: Victini|[anim]Celebrate
|-boost|p2a: Victini|atk|1|[zeffect]
|-boost|p2a: Victini|def|1|[zeffect]
|-boost|p2a: Victini|spa|1|[zeffect]
|-boost|p2a: Victini|spd|1|[zeffect]
|-boost|p2a: Victini|spe|1|[zeffect]
|-activate|p2a: Victini|move: Celebrate
|-fail|p2a: Victini
|
|-heal|p2a: Victini|311\/341|[from] Grassy Terrain
|-heal|p1a: Landorus|317\/381|[from] item: Leftovers
|-fieldend|move: Grassy Terrain
|upkeep
|turn|6
|choice|*|*move 3
|choice|*move 2|*
|choice|move earthquake|move storedpower
|
|move|p2a: Victini|Stored Power|p1a: Landorus
|-damage|p1a: Landorus|44\/381
|move|p1a: Landorus|Earthquake|p2a: Victini
|-supereffective|p2a: Victini
|-damage|p2a: Victini|105\/341
|
|-heal|p1a: Landorus|67\/381|[from] item: Leftovers
|upkeep
|turn|7
|choice|*|*move 3
|choice|*move 2|*
|choice|move earthquake|move storedpower
|
|move|p2a: Victini|Stored Power|p1a: Landorus
|-damage|p1a: Landorus|0 fnt
|faint|p1a: Landorus
|
|upkeep
|choice|*switch 2|*
|choice|switch 2|
|
|switch|p1a: Latias|Latias, F|301\/301
|-damage|p1a: Latias|264\/301|[from] Stealth Rock
|turn|8
|choice|*move 2|*
|choice|*|*move 2
|choice|move psyshock|move searingshot
|
|move|p1a: Latias|Psyshock|p2a: Victini
|-resisted|p2a: Victini
|-damage|p2a: Victini|63\/341
|move|p2a: Victini|Searing Shot|p1a: Latias
|-resisted|p1a: Latias
|-damage|p1a: Latias|170\/301
|
|upkeep
|turn|9
|choice|*|*move 2
|choice|*move 2|*
|choice|move psyshock|move searingshot
|
|move|p1a: Latias|Psyshock|p2a: Victini
|-resisted|p2a: Victini
|-damage|p2a: Victini|18\/341
|move|p2a: Victini|Searing Shot|p1a: Latias
|-resisted|p1a: Latias
|-damage|p1a: Latias|85\/301
|
|upkeep
|turn|10
|c| Isra fue mi alumno|madre mia
|choice|*move 2|*
|c| Isra fue mi alumno|el goenji
|choice|*|*move 2
|choice|move psyshock|move searingshot
|
|move|p1a: Latias|Psyshock|p2a: Victini
|-resisted|p2a: Victini
|-damage|p2a: Victini|0 fnt
|faint|p2a: Victini
|
|upkeep
|c|☆GoenjiShuuya|calla tonto
|c|☆GoenjiShuuya|que ha sido un miss
|choice|*|*switch 3
|choice||switch 3
|
|switch|p2a: Greninja|Greninja, M|285\/285
|turn|11
|choice|*switch 3|*
|choice|*|*move 1
|choice|switch 3|move workup
|
|switch|p1a: Venusaur|Venusaur, M|364\/364
|-damage|p1a: Venusaur|319\/364|[from] Stealth Rock
|move|p2a: Greninja|Work Up|p2a: Greninja
|-start|p2a: Greninja|typechange|Normal|[from] Protean
|-boost|p2a: Greninja|atk|1
|-boost|p2a: Greninja|spa|1
|
|upkeep
|turn|12
|choice|*|*move 3
|choice|*move 2 mega|*
|choice|move earthquake mega|move gunkshot
|
|-mega|p1a: Venusaur|Venusaur|Venusaurite
|detailschange|p1a: Venusaur|Venusaur-Mega, M
|move|p2a: Greninja|Gunk Shot|p1a: Venusaur
|-start|p2a: Greninja|typechange|Poison|[from] Protean
|-damage|p1a: Venusaur|105\/364
|-damage|p2a: Greninja|257\/285|[from] item: Life Orb
|move|p1a: Venusaur|Earthquake|p2a: Greninja
|-supereffective|p2a: Greninja
|-damage|p2a: Greninja|21\/285
|
|upkeep
|turn|13
|choice|*|*move 3
|choice|*switch 6|*
|choice|switch 6|move gunkshot
|
|switch|p1a: Celesteela|Celesteela|397\/397
|-damage|p1a: Celesteela|348\/397|[from] Stealth Rock
|move|p2a: Greninja|Gunk Shot|p1a: Celesteela
|-immune|p1a: Celesteela|[msg]
|
|-heal|p1a: Celesteela|372\/397|[from] item: Leftovers
|upkeep
|turn|14
|choice|*|*move 2
|choice|*move 2|*
|choice|move heavyslam|move hydropump
|
|move|p2a: Greninja|Hydro Pump|p1a: Celesteela
|-start|p2a: Greninja|typechange|Water|[from] Protean
|-damage|p1a: Celesteela|103\/397
|-damage|p2a: Greninja|0 fnt|[from] item: Life Orb
|faint|p2a: Greninja
|move|p1a: Celesteela|Heavy Slam|p2: Greninja|[notarget]
|-notarget
|
|-heal|p1a: Celesteela|127\/397|[from] item: Leftovers
|upkeep
|choice|*|*switch 5
|choice||switch 5
|
|switch|p2a: Tapu Bulu|Tapu Bulu|284\/284
|-fieldstart|move: Grassy Terrain|[from] ability: Grassy Surge|[of] p2a: Tapu Bulu
|turn|15
|choice|*move 2|*
|choice|*|*move 2
|choice|move heavyslam|move superpower
|
|move|p2a: Tapu Bulu|Superpower|p1a: Celesteela
|-damage|p1a: Celesteela|2\/397
|-unboost|p2a: Tapu Bulu|atk|1
|-unboost|p2a: Tapu Bulu|def|1
|move|p1a: Celesteela|Heavy Slam|p2a: Tapu Bulu
|-supereffective|p2a: Tapu Bulu
|-damage|p2a: Tapu Bulu|0 fnt
|faint|p2a: Tapu Bulu
|-ability|p1a: Celesteela|Beast Boost|boost
|-boost|p1a: Celesteela|def|1
|
|-heal|p1a: Celesteela|26\/397|[from] item: Leftovers
|upkeep
|c| Isra fue mi alumno|que easy
|choice|*|*switch 4
|choice||switch 4
|
|switch|p2a: Charizard|Charizard, M|359\/359
|turn|16
|choice|*|*move 1 mega
|choice|*|*move 2 mega
|choice|*move 1|*
|choice|move leechseed|move dragonclaw mega
|
|-mega|p2a: Charizard|Charizard|Charizardite X
|detailschange|p2a: Charizard|Charizard-Mega-X, M
|move|p2a: Charizard|Dragon Claw|p1a: Celesteela
|-resisted|p1a: Celesteela
|-damage|p1a: Celesteela|0 fnt
|faint|p1a: Celesteela
|
|upkeep
|choice|*switch 3|*
|choice|switch 3|
|
|switch|p1a: Latias|Latias, F|85\/301
|-damage|p1a: Latias|48\/301|[from] Stealth Rock
|turn|17
|choice|*|*switch 6
|choice|*move 3|*
|choice|move trick|switch 6
|
|switch|p2a: Empoleon|Empoleon, M|372\/372
|move|p1a: Latias|Trick|p2a: Empoleon
|-activate|p1a: Latias|move: Trick|[of] p2a: Empoleon
|-item|p2a: Empoleon|Choice Scarf|[from] move: Trick
|-item|p1a: Latias|Leftovers|[from] move: Trick
|
|-heal|p1a: Latias|66\/301|[from] item: Leftovers
|upkeep
|turn|18
|choice|*|*move 2
|choice|*switch 4|*
|choice|switch 4|move knockoff
|
|switch|p1a: Kyurem|Kyurem-Black|391\/391
|-damage|p1a: Kyurem|294\/391|[from] Stealth Rock
|-ability|p1a: Kyurem|Teravolt
|move|p2a: Empoleon|Knock Off|p1a: Kyurem
|-damage|p1a: Kyurem|227\/391
|-enditem|p1a: Kyurem|Life Orb|[from] move: Knock Off|[of] p2a: Empoleon
|
|-heal|p1a: Kyurem|251\/391|[from] Grassy Terrain
|upkeep
|turn|19
|choice|*move 2|*
|choice|*|*move 2
|choice|move icebeam|move knockoff
|
|move|p1a: Kyurem|Ice Beam|p2a: Empoleon
|-resisted|p2a: Empoleon
|-damage|p2a: Empoleon|347\/372
|move|p2a: Empoleon|Knock Off|p1a: Kyurem
|-damage|p1a: Kyurem|204\/391
|
|-heal|p1a: Kyurem|228\/391|[from] Grassy Terrain
|-heal|p2a: Empoleon|370\/372|[from] Grassy Terrain
|-fieldend|move: Grassy Terrain
|upkeep
|turn|20
|choice|*move 1|*
|choice|*|*switch 2
|choice|move fusionbolt|switch 2
|
|switch|p2a: Landorus|Landorus-Therian, M|278\/381
|-ability|p2a: Landorus|Intimidate|boost
|-unboost|p1a: Kyurem|atk|1
|move|p1a: Kyurem|Fusion Bolt|p2a: Landorus
|-immune|p2a: Landorus|[msg]
|
|upkeep
|turn|21
|choice|*move 2|*
|choice|*|*move 1
|choice|move icebeam|move earthquake
|
|move|p1a: Kyurem|Ice Beam|p2a: Landorus
|-supereffective|p2a: Landorus
|-damage|p2a: Landorus|0 fnt
|faint|p2a: Landorus
|
|upkeep
|choice|*|*switch 6
|choice||switch 6
|
|switch|p2a: Charizard|Charizard-Mega-X, M|359\/359
|turn|22
|choice|*move 2|*
|choice|*|*move 1
|choice|move icebeam|move dragondance
|
|move|p1a: Kyurem|Ice Beam|p2a: Charizard
|-damage|p2a: Charizard|176\/359
|move|p2a: Charizard|Dragon Dance|p2a: Charizard
|-boost|p2a: Charizard|atk|1
|-boost|p2a: Charizard|spe|1
|
|upkeep
|turn|23
|choice|*|*move 2
|choice|*move 2|*
|choice|move icebeam|move dragonclaw
|
|move|p2a: Charizard|Dragon Claw|p1a: Kyurem
|-supereffective|p1a: Kyurem
|-damage|p1a: Kyurem|0 fnt
|faint|p1a: Kyurem
|
|upkeep
|choice|*switch 6|*
|choice|switch 6|
|
|switch|p1a: Venusaur|Venusaur-Mega, M|105\/364
|-damage|p1a: Venusaur|60\/364|[from] Stealth Rock
|turn|24
|choice|*move 2|*
|choice|*|*move 2
|choice|*move 2|*
|choice|move earthquake|move dragonclaw
|
|move|p2a: Charizard|Dragon Claw|p1a: Venusaur
|-damage|p1a: Venusaur|0 fnt
|faint|p1a: Venusaur
|
|upkeep
|choice|*switch 5|*
|choice|switch 5|
|
|switch|p1a: Tapu Koko|Tapu Koko|281\/281
|-damage|p1a: Tapu Koko|246\/281|[from] Stealth Rock
|-fieldstart|move: Electric Terrain|[from] ability: Electric Surge|[of] p1a: Tapu Koko
|turn|25
|choice|*|*move 3
|choice|*move 1 zmove|*
|choice|move wildcharge zmove|move earthquake
|
|move|p2a: Charizard|Earthquake|p1a: Tapu Koko
|-supereffective|p1a: Tapu Koko
|-damage|p1a: Tapu Koko|0 fnt
|faint|p1a: Tapu Koko
|
|upkeep
|choice|*switch 4|*
|choice|switch 4|
|
|switch|p1a: Latias|Latias, F|66\/301
|-damage|p1a: Latias|29\/301|[from] Stealth Rock
|turn|26
|choice|*|*move 4
|choice|*move 1|*
|choice|move dracometeor|move roost
|
|move|p2a: Charizard|Roost|p2a: Charizard
|-heal|p2a: Charizard|356\/359
|move|p1a: Latias|Draco Meteor|p2a: Charizard
|-supereffective|p2a: Charizard
|-damage|p2a: Charizard|0 fnt
|-unboost|p1a: Latias|spa|2
|faint|p2a: Charizard
|
|-heal|p1a: Latias|47\/301|[from] item: Leftovers
|upkeep
|choice|*|*switch 2
|choice||switch 2
|
|switch|p2a: Empoleon|Empoleon, M|370\/372
|turn|27
|choice|*|*move 2
|c| Isra fue mi alumno|que haces?
|c| Isra fue mi alumno|xD
|choice|*move 4|*
|choice|move defog|move knockoff
|
|move|p1a: Latias|Defog|p2a: Empoleon
|-unboost|p2a: Empoleon|evasion|1
|-ability|p2a: Empoleon|Defiant|boost
|-boost|p2a: Empoleon|atk|2
|-sideend|p1: GoenjiShuuya|Stealth Rock|[from] move: Defog|[of] p1a: Latias
|move|p2a: Empoleon|Knock Off|p1a: Latias
|-supereffective|p1a: Latias
|-damage|p1a: Latias|0 fnt
|-enditem|p1a: Latias|Leftovers|[from] move: Knock Off|[of] p2a: Empoleon
|faint|p1a: Latias
|
|win|WolfboriX
</script>
</div>
<div class="battle-log battle-log-inline"><div class="inner"><div class="battle-options"></div><div class="inner"><div class=""><small>Format:</small> <br><strong>OU</strong></div><div class=""><small><em>Cláusula-Mod de Dormir:</em> solo puedes dormir a uno de tus oponentes a la vez.</small></div><div class=""><small><em>Cláusula de Especie:</em> Hasta un Pokémon de cada especie</small></div><div class=""><small><em>Cláusula de Golpe Fulminante:</em> los movimientos fulminantes (OHKO) estan prohibidos</small></div><div class=""><small><em>Cláusula de Veleta:</em> la habilidad Veleta está prohibida</small></div><div class=""><small><em>Cláusula de Movimientos Evasivos:</em> los movimientos de Evasión están prohibidos.</small></div><div class=""><small><em>Cláusula de Batallas Eternas:</em> forzar batallas eternas está prohibido</small></div><div class="chat battle-history"><strong>GoenjiShuuya's team:</strong> <em style="color:#445566;display:block;">Venusaur / Latias / Landorus-Therian / Kyurem-Black / Tapu Koko / Celesteela</em></div><div class="chat battle-history"><strong>WolfboriX's team:</strong> <em style="color:#445566;display:block;">Greninja / Victini / Tapu Bulu / Charizard / Landorus-Therian / Empoleon</em></div><div class="chat chatmessage-mipersonamurio"><strong style="color:hsl(316,53%,47.29341622733849%)"><small> </small><span class="username" data-name="mi persona murio">mi persona murio</span>:</strong> <em>jajajajaja</em></div><div class="chat chatmessage-mipersonamurio"><strong style="color:hsl(316,53%,47.29341622733849%)"><small> </small><span class="username" data-name="mi persona murio">mi persona murio</span>:</strong> <em>sigues usando mi team</em></div><div class="chat chatmessage-goenjishuuya"><strong style="color:hsl(215,72%,49.37339883520001%)"><small>☆</small><span class="username" data-name="GoenjiShuuya">GoenjiShuuya</span>:</strong> <em>israel 943</em></div><div class="chat chatmessage-goenjishuuya"><strong style="color:hsl(215,72%,49.37339883520001%)"><small>☆</small><span class="username" data-name="GoenjiShuuya">GoenjiShuuya</span>:</strong> <em>metete</em></div><div class="chat chatmessage-mipersonamurio"><strong style="color:hsl(316,53%,47.29341622733849%)"><small> </small><span class="username" data-name="mi persona murio">mi persona murio</span>:</strong> <em>el rei</em></div><div class="chat chatmessage-goenjishuuya"><strong style="color:hsl(215,72%,49.37339883520001%)"><small>☆</small><span class="username" data-name="GoenjiShuuya">GoenjiShuuya</span>:</strong> <em>en llmada</em></div><div class="chat chatmessage-wolfborix"><strong style="color:hsl(208,70%,44.57593984243215%)"><small>☆</small><span class="username" data-name="WolfboriX">WolfboriX</span>:</strong> <em>discord isra</em></div><div class="chat chatmessage-goenjishuuya"><strong style="color:hsl(215,72%,49.37339883520001%)"><small>☆</small><span class="username" data-name="GoenjiShuuya">GoenjiShuuya</span>:</strong> <em>si tu no estas maricno</em></div><div class="chat chatmessage-wolfborix"><strong style="color:hsl(208,70%,44.57593984243215%)"><small>☆</small><span class="username" data-name="WolfboriX">WolfboriX</span>:</strong> <em>shora voy</em></div><div class="chat chatmessage-goenjishuuya"><strong style="color:hsl(215,72%,49.37339883520001%)"><small>☆</small><span class="username" data-name="GoenjiShuuya">GoenjiShuuya</span>:</strong> <em>me cago en dios</em></div><div class="chat chatmessage-goenjishuuya"><strong style="color:hsl(215,72%,49.37339883520001%)"><small>☆</small><span class="username" data-name="GoenjiShuuya">GoenjiShuuya</span>:</strong> <em>que juegues</em></div><div class="chat chatmessage-goenjishuuya"><strong style="color:hsl(215,72%,49.37339883520001%)"><small>☆</small><span class="username" data-name="GoenjiShuuya">GoenjiShuuya</span>:</strong> <em>pro de que vas tio</em></div><div class="spacer battle-history"><br></div><div class="battle-history">Battle started between GoenjiShuuya and WolfboriX!<br></div><div class="spacer battle-history"><br></div><div class="battle-history">Go! Landorus (<strong>Landorus-Therian</strong>)!<br></div><div class="spacer battle-history"><br></div><div class="battle-history">WolfboriX sent out <strong>Tapu Bulu</strong>!<br></div><div class="battle-history"><small>[The opposing Tapu Bulu's Grassy Surge]</small><br><small>Grass grew to cover the battlefield!</small><br></div><div class="battle-history"><small>[Landorus's Intimidate]</small><br></div><div class="battle-history"><small>The opposing Tapu Bulu's Attack fell!</small><br></div><div class="spacer battle-history"><br></div><h2 class="battle-history">Turn 1</h2><div class="chat message-error">Reloj de batalla ENCENDIDO. El jugador inactivo será descalificado (solicitado por GoenjiShuuya).</div><div class="chat message-error">El cronómetro ha sido APAGADO.</div><div class="chat message-error">Reloj de batalla ENCENDIDO. El jugador inactivo será descalificado (solicitado por GoenjiShuuya).</div><div class="chat message-error">El cronómetro ha sido APAGADO.</div><div class="chat message-error">Reloj de batalla ENCENDIDO. El jugador inactivo será descalificado (solicitado por GoenjiShuuya).</div><div class="chat message-error">El cronómetro ha sido APAGADO.</div><div class="spacer battle-history"><br></div><div class="battle-history">WolfboriX withdrew Tapu Bulu!<br></div><div class="battle-history">WolfboriX sent out Landorus (<strong>Landorus-Therian</strong>)!<br></div><div class="battle-history"><small>[The opposing Landorus's Intimidate]</small><br></div><div class="battle-history"><small>Landorus's Attack fell!</small><br></div><div class="spacer battle-history"><br></div><div class="battle-history">Landorus used <strong>Knock Off</strong>!<br></div><div class="battle-history"><small>(The opposing Landorus lost <abbr title="−56/381">14.7%</abbr> of its health!)</small><br></div><div class="battle-history"><small>Landorus was hurt by the Rocky Helmet!</small><br></div><div class="battle-history"><small>Landorus knocked off the opposing Landorus's Rocky Helmet!</small><br></div><div class="spacer battle-history"><br></div><div class="battle-history"><small>Landorus restored a little HP using its Leftovers!</small><br></div><div class="spacer battle-history"><br></div><h2 class="battle-history">Turn 2</h2><div class="spacer battle-history"><br></div><div class="battle-history">Landorus, come back!<br></div><div class="battle-history">Go! <strong>Celesteela</strong>!<br></div><div class="spacer battle-history"><br></div><div class="battle-history">The opposing Landorus used <strong>Hidden Power</strong>!<br></div><div class="battle-history"><small>(Celesteela lost <abbr title="−41/397">10.3%</abbr> of its health!)</small><br></div><div class="spacer battle-history"><br></div><div class="battle-history"><small>Celesteela restored a little HP using its Leftovers!</small><br></div><div class="spacer battle-history"><br></div><h2 class="battle-history">Turn 3</h2><div class="spacer battle-history"><br></div><div class="battle-history">The opposing Landorus used <strong>Stealth Rock</strong>!<br></div><div class="battle-history"><small>Pointed stones float in the air around your team!</small><br></div><div class="spacer battle-history"><br></div><div class="battle-history">Celesteela used <strong>Leech Seed</strong>!<br></div><div class="battle-history"><small>The opposing Landorus was seeded!</small><br></div><div class="spacer battle-history"><br></div><div class="battle-history"><small>Celesteela restored a little HP using its Leftovers!</small><br></div><div class="battle-history"><small>The opposing Landorus's health is sapped by Leech Seed!</small><br></div><div class="spacer battle-history"><br></div><h2 class="battle-history">Turn 4</h2><div class="spacer battle-history"><br></div><div class="battle-history">The opposing Landorus used <strong>U-turn</strong>!<br></div><div class="battle-history"><small>It's not very effective...</small><br></div><div class="battle-history"><small>(Celesteela lost <abbr title="−14/397">3.5%</abbr> of its health!)</small><br></div><div class="spacer battle-history"><br></div><div class="battle-history">The opposing Landorus went back to WolfboriX!<br></div><div class="battle-history">WolfboriX sent out <strong>Victini</strong>!<br></div><div class="spacer battle-history"><br></div><div class="battle-history">Celesteela used <strong>Heavy Slam</strong>!<br></div><div class="battle-history"><small>It's not very effective...</small><br></div><div class="battle-history"><small>(The opposing Victini lost <abbr title="−72/341">21.1%</abbr> of its health!)</small><br></div><div class="spacer battle-history"><br></div><div class="battle-history"><small>The opposing Victini restored HP using its Grassy Terrain!</small><br></div><div class="battle-history"><small>Celesteela restored a little HP using its Leftovers!</small><br></div><div class="spacer battle-history"><br></div><h2 class="battle-history">Turn 5</h2><div class="spacer battle-history"><br></div><div class="battle-history">Celesteela, come back!<br></div><div class="battle-history">Go! Landorus (<strong>Landorus-Therian</strong>)!<br></div><div class="battle-history"><small>Pointed stones dug into Landorus!</small><br></div><div class="battle-history"><small>[Landorus's Intimidate]</small><br></div><div class="battle-history"><small>The opposing Victini's Attack fell!</small><br></div><div class="battle-history"><small>The opposing Victini surrounded itself with its Z-Power!</small><br></div><div class="spacer battle-history"><br></div><div class="battle-history">The opposing Victini used <strong>Z-Celebrate</strong>!<br></div><div class="battle-history"><small>The opposing Victini boosted its Attack using its Z-Power!</small><br></div><div class="battle-history"><small>The opposing Victini boosted its Defense using its Z-Power!</small><br></div><div class="battle-history"><small>The opposing Victini boosted its Special Attack using its Z-Power!</small><br></div><div class="battle-history"><small>The opposing Victini boosted its Special Defense using its Z-Power!</small><br></div><div class="battle-history"><small>The opposing Victini boosted its Speed using its Z-Power!</small><br></div><div class="battle-history"><small>Congratulations, WolfboriX!</small><br></div><div class="battle-history"><small>But it failed!</small><br></div><div class="spacer battle-history"><br></div><div class="battle-history"><small>The opposing Victini restored HP using its Grassy Terrain!</small><br></div><div class="battle-history"><small>Landorus restored a little HP using its Leftovers!</small><br></div><div class="battle-history"><small>The grass disappeared from the battlefield.</small><br></div><div class="spacer battle-history"><br></div><h2 class="battle-history">Turn 6</h2><div class="spacer battle-history"><br></div><div class="battle-history">The opposing Victini used <strong>Stored Power</strong>!<br></div><div class="battle-history"><small>(Landorus lost <abbr title="−273/381">71.7%</abbr> of its health!)</small><br></div><div class="spacer battle-history"><br></div><div class="battle-history">Landorus used <strong>Earthquake</strong>!<br></div><div class="battle-history"><small>It's super effective!</small><br></div><div class="battle-history"><small>(The opposing Victini lost <abbr title="−206/341">60.4%</abbr> of its health!)</small><br></div><div class="spacer battle-history"><br></div><div class="battle-history"><small>Landorus restored a little HP using its Leftovers!</small><br></div><div class="spacer battle-history"><br></div><h2 class="battle-history">Turn 7</h2><div class="spacer battle-history"><br></div><div class="battle-history">The opposing Victini used <strong>Stored Power</strong>!<br></div><div class="battle-history"><small>(Landorus lost <abbr title="−67/381">17.6%</abbr> of its health!)</small><br></div><div class="spacer battle-history"><br></div><div class="battle-history">Landorus fainted!<br></div><div class="spacer battle-history"><br></div><div class="battle-history">Go! <strong>Latias</strong>!<br></div><div class="battle-history"><small>Pointed stones dug into Latias!</small><br></div><div class="spacer battle-history"><br></div><h2 class="battle-history">Turn 8</h2><div class="spacer battle-history"><br></div><div class="battle-history">Latias used <strong>Psyshock</strong>!<br></div><div class="battle-history"><small>It's not very effective...</small><br></div><div class="battle-history"><small>(The opposing Victini lost <abbr title="−42/341">12.3%</abbr> of its health!)</small><br></div><div class="spacer battle-history"><br></div><div class="battle-history">The opposing Victini used <strong>Searing Shot</strong>!<br></div><div class="battle-history"><small>It's not very effective...</small><br></div><div class="battle-history"><small>(Latias lost <abbr title="−94/301">31.2%</abbr> of its health!)</small><br></div><div class="spacer battle-history"><br></div><h2 class="battle-history">Turn 9</h2><div class="spacer battle-history"><br></div><div class="battle-history">Latias used <strong>Psyshock</strong>!<br></div><div class="battle-history"><small>It's not very effective...</small><br></div><div class="battle-history"><small>(The opposing Victini lost <abbr title="−45/341">13.2%</abbr> of its health!)</small><br></div><div class="spacer battle-history"><br></div><div class="battle-history">The opposing Victini used <strong>Searing Shot</strong>!<br></div><div class="battle-history"><small>It's not very effective...</small><br></div><div class="battle-history"><small>(Latias lost <abbr title="−85/301">28.2%</abbr> of its health!)</small><br></div><div class="spacer battle-history"><br></div><h2 class="battle-history">Turn 10</h2><div class="chat chatmessage-israfuemialumno"><strong style="color:hsl(175,45%,39.333333333333336%)"><small> </small><span class="username" data-name="Isra fue mi alumno">Isra fue mi alumno</span>:</strong> <em>madre mia</em></div><div class="chat chatmessage-israfuemialumno"><strong style="color:hsl(175,45%,39.333333333333336%)"><small> </small><span class="username" data-name="Isra fue mi alumno">Isra fue mi alumno</span>:</strong> <em>el goenji</em></div><div class="spacer battle-history"><br></div><div class="battle-history">Latias used <strong>Psyshock</strong>!<br></div><div class="battle-history"><small>It's not very effective...</small><br></div><div class="battle-history"><small>(The opposing Victini lost <abbr title="−18/341">5.3%</abbr> of its health!)</small><br></div><div class="spacer battle-history"><br></div><div class="battle-history">The opposing Victini fainted!<br></div><div class="chat chatmessage-goenjishuuya"><strong style="color:hsl(215,72%,49.37339883520001%)"><small>☆</small><span class="username" data-name="GoenjiShuuya">GoenjiShuuya</span>:</strong> <em>calla tonto</em></div><div class="chat chatmessage-goenjishuuya"><strong style="color:hsl(215,72%,49.37339883520001%)"><small>☆</small><span class="username" data-name="GoenjiShuuya">GoenjiShuuya</span>:</strong> <em>que ha sido un miss</em></div><div class="spacer battle-history"><br></div><div class="battle-history">WolfboriX sent out <strong>Greninja</strong>!<br></div><div class="spacer battle-history"><br></div><h2 class="battle-history">Turn 11</h2><div class="spacer battle-history"><br></div><div class="battle-history">Latias, come back!<br></div><div class="battle-history">Go! <strong>Venusaur</strong>!<br></div><div class="battle-history"><small>Pointed stones dug into Venusaur!</small><br></div><div class="spacer battle-history"><br></div><div class="battle-history">The opposing Greninja used <strong>Work Up</strong>!<br></div><div class="spacer battle-history"><br></div><div class="battle-history"><small>[The opposing Greninja's Protean]</small><br><small>The opposing Greninja transformed into the Normal type!</small><br></div><div class="battle-history"><small>The opposing Greninja's Attack rose!</small><br></div><div class="battle-history"><small>The opposing Greninja's Special Attack rose!</small><br></div><div class="spacer battle-history"><br></div><h2 class="battle-history">Turn 12</h2><div class="spacer battle-history"><br></div><div class="battle-history"><small>Venusaur's Venusaurite is reacting to the Key Stone!</small><br>Venusaur has Mega Evolved into Mega Venusaur!<br></div><div class="spacer battle-history"><br></div><div class="battle-history">The opposing Greninja used <strong>Gunk Shot</strong>!<br></div><div class="spacer battle-history"><br></div><div class="battle-history"><small>[The opposing Greninja's Protean]</small><br><small>The opposing Greninja transformed into the Poison type!</small><br></div><div class="battle-history"><small>(Venusaur lost <abbr title="−214/364">58.8%</abbr> of its health!)</small><br></div><div class="battle-history"><small>The opposing Greninja lost some of its HP!</small><br></div><div class="spacer battle-history"><br></div><div class="battle-history">Venusaur used <strong>Earthquake</strong>!<br></div><div class="battle-history"><small>It's super effective!</small><br></div><div class="battle-history"><small>(The opposing Greninja lost <abbr title="−236/285">82.8%</abbr> of its health!)</small><br></div><div class="spacer battle-history"><br></div><h2 class="battle-history">Turn 13</h2><div class="spacer battle-history"><br></div><div class="battle-history">Venusaur, come back!<br></div><div class="battle-history">Go! <strong>Celesteela</strong>!<br></div><div class="battle-history"><small>Pointed stones dug into Celesteela!</small><br></div><div class="spacer battle-history"><br></div><div class="battle-history">The opposing Greninja used <strong>Gunk Shot</strong>!<br></div><div class="battle-history"><small>It doesn't affect Celesteela...</small><br></div><div class="spacer battle-history"><br></div><div class="battle-history"><small>Celesteela restored a little HP using its Leftovers!</small><br></div><div class="spacer battle-history"><br></div><h2 class="battle-history">Turn 14</h2><div class="spacer battle-history"><br></div><div class="battle-history">The opposing Greninja used <strong>Hydro Pump</strong>!<br></div><div class="spacer battle-history"><br></div><div class="battle-history"><small>[The opposing Greninja's Protean]</small><br><small>The opposing Greninja transformed into the Water type!</small><br></div><div class="battle-history"><small>(Celesteela lost <abbr title="−269/397">67.8%</abbr> of its health!)</small><br></div><div class="battle-history"><small>The opposing Greninja lost some of its HP!</small><br></div><div class="spacer battle-history"><br></div><div class="battle-history">The opposing Greninja fainted!<br></div><div class="battle-history">Celesteela used <strong>Heavy Slam</strong>!<br></div><div class="battle-history"><small>But there was no target...</small><br></div><div class="spacer battle-history"><br></div><div class="battle-history"><small>Celesteela restored a little HP using its Leftovers!</small><br></div><div class="spacer battle-history"><br></div><div class="battle-history">WolfboriX sent out <strong>Tapu Bulu</strong>!<br></div><div class="battle-history"><small>[The opposing Tapu Bulu's Grassy Surge]</small><br><small>Grass grew to cover the battlefield!</small><br></div><div class="spacer battle-history"><br></div><h2 class="battle-history">Turn 15</h2><div class="spacer battle-history"><br></div><div class="battle-history">The opposing Tapu Bulu used <strong>Superpower</strong>!<br></div><div class="battle-history"><small>(Celesteela lost <abbr title="−125/397">31.5%</abbr> of its health!)</small><br></div><div class="battle-history"><small>The opposing Tapu Bulu's Attack fell!</small><br></div><div class="battle-history"><small>The opposing Tapu Bulu's Defense fell!</small><br></div><div class="spacer battle-history"><br></div><div class="battle-history">Celesteela used <strong>Heavy Slam</strong>!<br></div><div class="battle-history"><small>It's super effective!</small><br></div><div class="battle-history"><small>(The opposing Tapu Bulu lost <abbr title="−284/284">100%</abbr> of its health!)</small><br></div><div class="spacer battle-history"><br></div><div class="battle-history">The opposing Tapu Bulu fainted!<br></div><div class="battle-history"><small>[Celesteela's Beast Boost]</small><br></div><div class="battle-history"><small>Celesteela's Defense rose!</small><br></div><div class="spacer battle-history"><br></div><div class="battle-history"><small>Celesteela restored a little HP using its Leftovers!</small><br></div><div class="chat chatmessage-israfuemialumno"><strong style="color:hsl(175,45%,39.333333333333336%)"><small> </small><span class="username" data-name="Isra fue mi alumno">Isra fue mi alumno</span>:</strong> <em>que easy</em></div><div class="spacer battle-history"><br></div><div class="battle-history">WolfboriX sent out <strong>Charizard</strong>!<br></div><div class="spacer battle-history"><br></div><h2 class="battle-history">Turn 16</h2><div class="spacer battle-history"><br></div><div class="battle-history"><small>The opposing Charizard's Charizardite X is reacting to the Key Stone!</small><br>The opposing Charizard has Mega Evolved into Mega Charizard!<br></div><div class="spacer battle-history"><br></div><div class="battle-history">The opposing Charizard used <strong>Dragon Claw</strong>!<br></div><div class="battle-history"><small>It's not very effective...</small><br></div><div class="battle-history"><small>(Celesteela lost <abbr title="−26/397">6.5%</abbr> of its health!)</small><br></div><div class="spacer battle-history"><br></div><div class="battle-history">Celesteela fainted!<br></div><div class="spacer battle-history"><br></div><div class="battle-history">Go! <strong>Latias</strong>!<br></div><div class="battle-history"><small>Pointed stones dug into Latias!</small><br></div><div class="spacer battle-history"><br></div><h2 class="battle-history">Turn 17</h2><div class="spacer battle-history"><br></div><div class="battle-history">WolfboriX withdrew Charizard!<br></div><div class="battle-history">WolfboriX sent out <strong>Empoleon</strong>!<br></div><div class="spacer battle-history"><br></div><div class="battle-history">Latias used <strong>Trick</strong>!<br></div><div class="battle-history"><small>Latias switched items with its target!</small><br></div><div class="battle-history"><small>The opposing Empoleon obtained one Choice Scarf.</small><br></div><div class="battle-history"><small>Latias obtained one Leftovers.</small><br></div><div class="spacer battle-history"><br></div><div class="battle-history"><small>Latias restored a little HP using its Leftovers!</small><br></div><div class="spacer battle-history"><br></div><h2 class="battle-history">Turn 18</h2><div class="spacer battle-history"><br></div><div class="battle-history">Latias, come back!<br></div><div class="battle-history">Go! Kyurem (<strong>Kyurem-Black</strong>)!<br></div><div class="battle-history"><small>Pointed stones dug into Kyurem!</small><br></div><div class="battle-history"><small>[Kyurem's Teravolt]</small><br><small>Kyurem is radiating a bursting aura!</small><br></div><div class="spacer battle-history"><br></div><div class="battle-history">The opposing Empoleon used <strong>Knock Off</strong>!<br></div><div class="battle-history"><small>(Kyurem lost <abbr title="−67/391">17.1%</abbr> of its health!)</small><br></div><div class="battle-history"><small>The opposing Empoleon knocked off Kyurem's Life Orb!</small><br></div><div class="spacer battle-history"><br></div><div class="battle-history"><small>Kyurem restored HP using its Grassy Terrain!</small><br></div><div class="spacer battle-history"><br></div><h2 class="battle-history">Turn 19</h2><div class="spacer battle-history"><br></div><div class="battle-history">Kyurem used <strong>Ice Beam</strong>!<br></div><div class="battle-history"><small>It's not very effective...</small><br></div><div class="battle-history"><small>(The opposing Empoleon lost <abbr title="−25/372">6.7%</abbr> of its health!)</small><br></div><div class="spacer battle-history"><br></div><div class="battle-history">The opposing Empoleon used <strong>Knock Off</strong>!<br></div><div class="battle-history"><small>(Kyurem lost <abbr title="−47/391">12.0%</abbr> of its health!)</small><br></div><div class="spacer battle-history"><br></div><div class="battle-history"><small>Kyurem restored HP using its Grassy Terrain!</small><br></div><div class="battle-history"><small>The opposing Empoleon restored HP using its Grassy Terrain!</small><br></div><div class="battle-history"><small>The grass disappeared from the battlefield.</small><br></div><div class="spacer battle-history"><br></div><h2 class="battle-history">Turn 20</h2><div class="spacer battle-history"><br></div><div class="battle-history">WolfboriX withdrew Empoleon!<br></div><div class="battle-history">WolfboriX sent out Landorus (<strong>Landorus-Therian</strong>)!<br></div><div class="battle-history"><small>[The opposing Landorus's Intimidate]</small><br></div><div class="battle-history"><small>Kyurem's Attack fell!</small><br></div><div class="spacer battle-history"><br></div><div class="battle-history">Kyurem used <strong>Fusion Bolt</strong>!<br></div><div class="battle-history"><small>It doesn't affect the opposing Landorus...</small><br></div><div class="spacer battle-history"><br></div><h2 class="battle-history">Turn 21</h2><div class="spacer battle-history"><br></div><div class="battle-history">Kyurem used <strong>Ice Beam</strong>!<br></div><div class="battle-history"><small>It's super effective!</small><br></div><div class="battle-history"><small>(The opposing Landorus lost <abbr title="−278/381">73.0%</abbr> of its health!)</small><br></div><div class="spacer battle-history"><br></div><div class="battle-history">The opposing Landorus fainted!<br></div><div class="spacer battle-history"><br></div><div class="battle-history">WolfboriX sent out Charizard (<strong>Charizard-Mega-X</strong>)!<br></div><div class="spacer battle-history"><br></div><h2 class="battle-history">Turn 22</h2><div class="spacer battle-history"><br></div><div class="battle-history">Kyurem used <strong>Ice Beam</strong>!<br></div><div class="battle-history"><small>(The opposing Charizard lost <abbr title="−183/359">51.0%</abbr> of its health!)</small><br></div><div class="spacer battle-history"><br></div><div class="battle-history">The opposing Charizard used <strong>Dragon Dance</strong>!<br></div><div class="battle-history"><small>The opposing Charizard's Attack rose!</small><br></div><div class="battle-history"><small>The opposing Charizard's Speed rose!</small><br></div><div class="spacer battle-history"><br></div><h2 class="battle-history">Turn 23</h2><div class="spacer battle-history"><br></div><div class="battle-history">The opposing Charizard used <strong>Dragon Claw</strong>!<br></div><div class="battle-history"><small>It's super effective!</small><br></div><div class="battle-history"><small>(Kyurem lost <abbr title="−228/391">58.3%</abbr> of its health!)</small><br></div><div class="spacer battle-history"><br></div><div class="battle-history">Kyurem fainted!<br></div><div class="spacer battle-history"><br></div><div class="battle-history">Go! Venusaur (<strong>Venusaur-Mega</strong>)!<br></div><div class="battle-history"><small>Pointed stones dug into Venusaur!</small><br></div><div class="spacer battle-history"><br></div><h2 class="battle-history">Turn 24</h2><div class="spacer battle-history"><br></div><div class="battle-history">The opposing Charizard used <strong>Dragon Claw</strong>!<br></div><div class="battle-history"><small>(Venusaur lost <abbr title="−60/364">16.5%</abbr> of its health!)</small><br></div><div class="spacer battle-history"><br></div><div class="battle-history">Venusaur fainted!<br></div><div class="spacer battle-history"><br></div><div class="battle-history">Go! <strong>Tapu Koko</strong>!<br></div><div class="battle-history"><small>Pointed stones dug into Tapu Koko!</small><br></div><div class="battle-history"><small>[Tapu Koko's Electric Surge]</small><br><small>An electric current runs across the battlefield!</small><br></div><div class="spacer battle-history"><br></div><h2 class="battle-history">Turn 25</h2><div class="spacer battle-history"><br></div><div class="battle-history">The opposing Charizard used <strong>Earthquake</strong>!<br></div><div class="battle-history"><small>It's super effective!</small><br></div><div class="battle-history"><small>(Tapu Koko lost <abbr title="−246/281">87.5%</abbr> of its health!)</small><br></div><div class="spacer battle-history"><br></div><div class="battle-history">Tapu Koko fainted!<br></div><div class="spacer battle-history"><br></div><div class="battle-history">Go! <strong>Latias</strong>!<br></div><div class="battle-history"><small>Pointed stones dug into Latias!</small><br></div><div class="spacer battle-history"><br></div><h2 class="battle-history">Turn 26</h2><div class="spacer battle-history"><br></div><div class="battle-history">The opposing Charizard used <strong>Roost</strong>!<br></div><div class="battle-history"><small>The opposing Charizard restored its HP.</small><br></div><div class="spacer battle-history"><br></div><div class="battle-history">Latias used <strong>Draco Meteor</strong>!<br></div><div class="battle-history"><small>It's super effective!</small><br></div><div class="battle-history"><small>(The opposing Charizard lost <abbr title="−356/359">99.2%</abbr> of its health!)</small><br></div><div class="battle-history"><small>Latias's Special Attack fell harshly!</small><br></div><div class="spacer battle-history"><br></div><div class="battle-history">The opposing Charizard fainted!<br></div><div class="spacer battle-history"><br></div><div class="battle-history"><small>Latias restored a little HP using its Leftovers!</small><br></div><div class="spacer battle-history"><br></div><div class="battle-history">WolfboriX sent out <strong>Empoleon</strong>!<br></div><div class="spacer battle-history"><br></div><h2 class="battle-history">Turn 27</h2><div class="chat chatmessage-israfuemialumno"><strong style="color:hsl(175,45%,39.333333333333336%)"><small> </small><span class="username" data-name="Isra fue mi alumno">Isra fue mi alumno</span>:</strong> <em>que haces?</em></div><div class="chat chatmessage-israfuemialumno"><strong style="color:hsl(175,45%,39.333333333333336%)"><small> </small><span class="username" data-name="Isra fue mi alumno">Isra fue mi alumno</span>:</strong> <em>xD</em></div><div class="spacer battle-history"><br></div><div class="battle-history">Latias used <strong>Defog</strong>!<br></div><div class="battle-history"><small>The opposing Empoleon's evasiveness fell!</small><br></div><div class="battle-history"><small>[The opposing Empoleon's Defiant]</small><br></div><div class="battle-history"><small>The opposing Empoleon's Attack rose sharply!</small><br></div><div class="battle-history"><small>The pointed stones disappeared from around your team!</small><br></div><div class="spacer battle-history"><br></div><div class="battle-history">The opposing Empoleon used <strong>Knock Off</strong>!<br></div><div class="battle-history"><small>It's super effective!</small><br></div><div class="battle-history"><small>(Latias lost <abbr title="−47/301">15.6%</abbr> of its health!)</small><br></div><div class="battle-history"><small>The opposing Empoleon knocked off Latias's Leftovers!</small><br></div><div class="spacer battle-history"><br></div><div class="battle-history">Latias fainted!<br></div><div class="spacer battle-history"><br></div><div class="battle-history"><strong>WolfboriX</strong> won the battle!<br></div></div><div class="inner-preempt"></div></div></div>
</div>
<script>
let daily = Math.floor(Date.now()/1000/60/60/24);document.write('<script src="https://play.pokemonshowdown.com/js/replay-embed.js?version'+daily+'"></'+'script>');
</script>
