<!DOCTYPE html>
<meta charset="utf-8" />
<!-- version 1 -->
<title>OU replay: Miguelogf vs. Hermosa❤</title>
<style>
html,body {font-family:Verdana, sans-serif;font-size:10pt;margin:0;padding:0;}body{padding:12px 0;} .battle-log {font-family:Verdana, sans-serif;font-size:10pt;} .battle-log-inline {border:1px solid #AAAAAA;background:#EEF2F5;color:black;max-width:640px;margin:0 auto 80px;padding-bottom:5px;} .battle-log .inner {padding:4px 8px 0px 8px;} .battle-log .inner-preempt {padding:0 8px 4px 8px;} .battle-log .inner-after {margin-top:0.5em;} .battle-log h2 {margin:0.5em -8px;padding:4px 8px;border:1px solid #AAAAAA;background:#E0E7EA;border-left:0;border-right:0;font-family:Verdana, sans-serif;font-size:13pt;} .battle-log .chat {vertical-align:middle;padding:3px 0 3px 0;font-size:8pt;} .battle-log .chat strong {color:#40576A;} .battle-log .chat em {padding:1px 4px 1px 3px;color:#000000;font-style:normal;} .chat.mine {background:rgba(0,0,0,0.05);margin-left:-8px;margin-right:-8px;padding-left:8px;padding-right:8px;} .spoiler {color:#BBBBBB;background:#BBBBBB;padding:0px 3px;} .spoiler:hover, .spoiler:active, .spoiler-shown {color:#000000;background:#E2E2E2;padding:0px 3px;} .spoiler a {color:#BBBBBB;} .spoiler:hover a, .spoiler:active a, .spoiler-shown a {color:#2288CC;} .chat code, .chat .spoiler:hover code, .chat .spoiler:active code, .chat .spoiler-shown code {border:1px solid #C0C0C0;background:#EEEEEE;color:black;padding:0 2px;} .chat .spoiler code {border:1px solid #CCCCCC;background:#CCCCCC;color:#CCCCCC;} .battle-log .rated {padding:3px 4px;} .battle-log .rated strong {color:white;background:#89A;padding:1px 4px;border-radius:4px;} .spacer {margin-top:0.5em;} .message-announce {background:#6688AA;color:white;padding:1px 4px 2px;} .message-announce a, .broadcast-green a, .broadcast-blue a, .broadcast-red a {color:#DDEEFF;} .broadcast-green {background-color:#559955;color:white;padding:2px 4px;} .broadcast-blue {background-color:#6688AA;color:white;padding:2px 4px;} .infobox {border:1px solid #6688AA;padding:2px 4px;} .infobox-limited {max-height:200px;overflow:auto;overflow-x:hidden;} .broadcast-red {background-color:#AA5544;color:white;padding:2px 4px;} .message-learn-canlearn {font-weight:bold;color:#228822;text-decoration:underline;} .message-learn-cannotlearn {font-weight:bold;color:#CC2222;text-decoration:underline;} .message-effect-weak {font-weight:bold;color:#CC2222;} .message-effect-resist {font-weight:bold;color:#6688AA;} .message-effect-immune {font-weight:bold;color:#666666;} .message-learn-list {margin-top:0;margin-bottom:0;} .message-throttle-notice, .message-error {color:#992222;} .message-overflow, .chat small.message-overflow {font-size:0pt;} .message-overflow::before {font-size:9pt;content:'...';} .subtle {color:#3A4A66;}
</style>
<div class="wrapper replay-wrapper" style="max-width:1180px;margin:0 auto">
<input type="hidden" name="replayid" value="destiny-ou-571954" />
<div class="battle"></div><div class="battle-log"></div><div class="replay-controls"></div><div class="replay-controls-2"></div>
<h1 style="font-weight:normal;text-align:center"><strong>OU</strong><br /><a href="http://pokemonshowdown.com/users/miguelogf" class="subtle" target="_blank">Miguelogf</a> vs. <a href="http://pokemonshowdown.com/users/hermosa" class="subtle" target="_blank">Hermosa❤</a></h1>
<script type="text/plain" class="battle-log-data">|player|p1|Miguelogf|1031
|teamsize|p1|6
|player|p2|Hermosa❤|hermosa-19.gif?a3076be7
|teamsize|p2|6
|teamsize|p1|6
|teamsize|p2|6
|gametype|singles
|gen|7
|tier|OU
|rated
|seed|26622,10870,2330,42351
|rule|Cláusula-Mod de Dormir: solo puedes dormir a uno de tus oponentes a la vez.
|rule|Cláusula de Especie: Hasta un Pokémon de cada especie
|rule|Cláusula de Golpe Fulminante: los movimientos fulminantes (OHKO) estan prohibidos
|rule|Cláusula de Veleta: la habilidad Veleta está prohibida
|rule|Cláusula de Movimientos Evasivos: los movimientos de Evasión están prohibidos.
|rule|Cláusula de Batallas Eternas: forzar batallas eternas está prohibido
|clearpoke
|poke|p1|Landorus-Therian, M|item
|poke|p1|Heatran, M, shiny|item
|poke|p1|Kyurem-Black|item
|poke|p1|Greninja, M|item
|poke|p1|Magearna|item
|poke|p1|Tapu Lele|item
|poke|p2|Gyarados, M|item
|poke|p2|Tapu Koko|item
|poke|p2|Magearna|item
|poke|p2|Zygarde|item
|poke|p2|Espeon, M|item
|poke|p2|Landorus-Therian, M|item
|teampreview|undefined
|choice|*|*team 213456
|choice|*team 523416|*
|choice|team 5, 2, 3, 4, 1, 6|team 2, 1, 3, 4, 5, 6
|
|start
|switch|p1a: Magearna|Magearna|364\/364
|switch|p2a: Tapu Koko|Tapu Koko|339\/339
|-fieldstart|move: Electric Terrain|[from] ability: Electric Surge|[of] p2a: Tapu Koko
|turn|1
|choice|*|*move 4
|choice|*move 2|*
|choice|move flashcannon|move taunt
|
|move|p2a: Tapu Koko|Taunt|p1a: Magearna
|-start|p1a: Magearna|move: Taunt
|move|p1a: Magearna|Flash Cannon|p2a: Tapu Koko
|-damage|p2a: Tapu Koko|159\/339
|
|upkeep
|turn|2
|choice|*move 2|*
|choice|*|*move 3
|choice|move flashcannon|move uturn
|
|move|p2a: Tapu Koko|U-turn|p1a: Magearna
|-resisted|p1a: Magearna
|-damage|p1a: Magearna|351\/364
|choice|*|*switch 2
|choice||switch 2
|
|switch|p2a: Gyarados|Gyarados, M|379\/379|[from]move: U-turn
|-ability|p2a: Gyarados|Intimidate|boost
|-unboost|p1a: Magearna|atk|1
|move|p1a: Magearna|Flash Cannon|p2a: Gyarados
|-resisted|p2a: Gyarados
|-damage|p2a: Gyarados|312\/379
|
|upkeep
|turn|3
|choice|*move 4|*
|choice|*|*switch 6
|choice|move voltswitch|switch 6
|
|switch|p2a: Landorus|Landorus-Therian, M|319\/319
|-ability|p2a: Landorus|Intimidate|boost
|-unboost|p1a: Magearna|atk|1
|move|p1a: Magearna|Volt Switch|p2a: Landorus
|-immune|p2a: Landorus|[msg]
|
|-end|p1a: Magearna|move: Taunt
|upkeep
|turn|4
|choice|*|*move 1
|choice|*switch 3|*
|choice|switch 3|move earthquake
|
|switch|p1a: Kyurem|Kyurem-Black|392\/392
|-ability|p1a: Kyurem|Teravolt
|move|p2a: Landorus|Earthquake|p1a: Kyurem
|-damage|p1a: Kyurem|196\/392
|
|upkeep
|turn|5
|choice|*move 2|*
|choice|*|*move 1
|choice|move freezeshock|move earthquake
|
|move|p1a: Kyurem|Freeze Shock|p2a: Landorus|[still]
|-prepare|p1a: Kyurem|Freeze Shock|p2a: Landorus
|move|p2a: Landorus|Earthquake|p1a: Kyurem
|-damage|p1a: Kyurem|15\/392
|
|-fieldend|move: Electric Terrain
|upkeep
|turn|6
|choice|*move 1|*
|choice|*|*switch 3
|choice|move freezeshock|switch 3
|
|switch|p2a: Magearna|Magearna|301\/301
|move|p1a: Kyurem|Freeze Shock|p2a: Magearna|[from]lockedmove|[miss]
|-miss|p1a: Kyurem|p2a: Magearna
|
|upkeep
|turn|7
|choice|*|*move 4
|choice|*switch 6|*
|choice|switch 6|move shiftgear
|
|switch|p1a: Tapu Lele|Tapu Lele|281\/281
|-fieldstart|move: Psychic Terrain|[from] ability: Psychic Surge|[of] p1a: Tapu Lele
|move|p2a: Magearna|Shift Gear|p2a: Magearna
|-boost|p2a: Magearna|spe|2
|-boost|p2a: Magearna|atk|1
|
|upkeep
|turn|8
|choice|*move 3|*
|choice|*|*move 2 zmove
|choice|move toxic|move thunderbolt zmove
|
|-zpower|p2a: Magearna
|move|p2a: Magearna|Gigavolt Havoc|p1a: Tapu Lele|[zeffect]
|-damage|p1a: Tapu Lele|112\/281
|move|p1a: Tapu Lele|Toxic|p2a: Magearna
|-immune|p2a: Magearna|[msg]
|
|upkeep
|turn|9
|choice|*|*move 1
|choice|*switch 2|*
|choice|switch 2|move icebeam
|
|switch|p1a: Heatran|Heatran, M, shiny|386\/386
|-item|p1a: Heatran|Air Balloon
|move|p2a: Magearna|Ice Beam|p1a: Heatran
|-resisted|p1a: Heatran
|-damage|p1a: Heatran|359\/386
|-enditem|p1a: Heatran|Air Balloon
|
|upkeep
|turn|10
|choice|*move 1|*
|choice|*|*switch 4
|choice|move lavaplume|switch 4
|
|switch|p2a: Zygarde|Zygarde|397\/397
|-ability|p2a: Zygarde|Aura Break
|move|p1a: Heatran|Lava Plume|p2a: Zygarde
|-resisted|p2a: Zygarde
|-damage|p2a: Zygarde|322\/397
|
|upkeep
|turn|11
|choice|*|*move 3
|choice|*move 2|*
|choice|move flashcannon|move substitute
|
|move|p2a: Zygarde|Substitute|p2a: Zygarde
|-start|p2a: Zygarde|Substitute
|-damage|p2a: Zygarde|223\/397
|move|p1a: Heatran|Flash Cannon|p2a: Zygarde
|-end|p2a: Zygarde|Substitute
|
|-fieldend|move: Psychic Terrain
|upkeep
|turn|12
|choice|*move 2|*
|choice|*|*move 1
|choice|move flashcannon|move thousandarrows
|
|move|p2a: Zygarde|Thousand Arrows|p1a: Heatran
|-supereffective|p1a: Heatran
|-damage|p1a: Heatran|0 fnt
|faint|p1a: Heatran
|
|upkeep
|choice|*switch 6|*
|choice|switch 6|
|
|switch|p1a: Kyurem|Kyurem-Black|15\/392
|-ability|p1a: Kyurem|Teravolt
|turn|13
|choice|*move 1|*
|choice|*|*switch 4
|choice|move outrage|switch 4
|
|switch|p2a: Magearna|Magearna|301\/301
|move|p1a: Kyurem|Outrage|p2a: Magearna
|-immune|p2a: Magearna|[msg]
|
|upkeep
|turn|14
|choice|*|*move 4
|choice|*switch 5|*
|choice|switch 5|move shiftgear
|
|switch|p1a: Landorus|Landorus-Therian, M|319\/319
|-ability|p1a: Landorus|Intimidate|boost
|-unboost|p2a: Magearna|atk|1
|move|p2a: Magearna|Shift Gear|p2a: Magearna
|-boost|p2a: Magearna|spe|2
|-boost|p2a: Magearna|atk|1
|
|upkeep
|turn|15
|choice|*move 1|*
|choice|*|*move 1
|choice|move earthquake|move icebeam
|
|move|p2a: Magearna|Ice Beam|p1a: Landorus
|-supereffective|p1a: Landorus
|-damage|p1a: Landorus|0 fnt
|faint|p1a: Landorus
|-ability|p2a: Magearna|Soul-Heart|boost
|-boost|p2a: Magearna|spa|1
|
|upkeep
|choice|*switch 3|*
|choice|switch 3|
|
|switch|p1a: Magearna|Magearna|351\/364
|turn|16
|choice|*|*move 3
|choice|*move 3|*
|choice|move aurasphere|move focusblast
|
|move|p2a: Magearna|Focus Blast|p1a: Magearna
|-damage|p1a: Magearna|235\/364
|move|p1a: Magearna|Aura Sphere|p2a: Magearna
|-damage|p2a: Magearna|215\/301
|
|upkeep
|turn|17
|choice|*move 3|*
|choice|*|*move 3
|choice|move aurasphere|move focusblast
|
|move|p2a: Magearna|Focus Blast|p1a: Magearna|[miss]
|-miss|p2a: Magearna|p1a: Magearna
|move|p1a: Magearna|Aura Sphere|p2a: Magearna
|-damage|p2a: Magearna|130\/301
|
|upkeep
|turn|18
|choice|*move 3|*
|choice|*|*switch 3
|choice|move aurasphere|switch 3
|
|switch|p2a: Landorus|Landorus-Therian, M|319\/319
|-ability|p2a: Landorus|Intimidate|boost
|-unboost|p1a: Magearna|atk|1
|move|p1a: Magearna|Aura Sphere|p2a: Landorus
|-resisted|p2a: Landorus
|-damage|p2a: Landorus|261\/319
|
|upkeep
|turn|19
|choice|*|*move 1
|choice|*switch 4|*
|choice|switch 4|move earthquake
|
|switch|p1a: Greninja|Greninja, M|286\/286
|move|p2a: Landorus|Earthquake|p1a: Greninja
|-damage|p1a: Greninja|19\/286
|
|upkeep
|turn|20
|choice|*move 1|*
|choice|*|*switch 6
|choice|move watershuriken|switch 6
|
|switch|p2a: Gyarados|Gyarados, M|312\/379
|-ability|p2a: Gyarados|Intimidate|boost
|-unboost|p1a: Greninja|atk|1
|move|p1a: Greninja|Water Shuriken|p2a: Gyarados
|-resisted|p2a: Gyarados
|-damage|p2a: Gyarados|300\/379
|-resisted|p2a: Gyarados
|-crit|p2a: Gyarados
|-damage|p2a: Gyarados|281\/379
|-resisted|p2a: Gyarados
|-damage|p2a: Gyarados|269\/379
|-hitcount|p2a: Gyarados|3
|
|upkeep
|turn|21
|choice|*|*move 4
|choice|*move 3|*
|choice|move icebeam|move dragondance
|
|move|p1a: Greninja|Ice Beam|p2a: Gyarados
|-damage|p2a: Gyarados|178\/379
|-status|p2a: Gyarados|frz
|cant|p2a: Gyarados|frz
|
|upkeep
|turn|22
|choice|*move 3|*
|choice|*|*move 2
|choice|move icebeam|move crunch
|
|move|p1a: Greninja|Ice Beam|p2a: Gyarados
|-damage|p2a: Gyarados|92\/379 frz
|cant|p2a: Gyarados|frz
|
|upkeep
|turn|23
|choice|*|*move 2
|choice|*move 3|*
|choice|move icebeam|move crunch
|
|move|p1a: Greninja|Ice Beam|p2a: Gyarados
|-damage|p2a: Gyarados|0 fnt
|faint|p2a: Gyarados
|-activate|p1a: Greninja|ability: Battle Bond
|detailschange|p1a: Greninja|Greninja-Ash, M
|
|upkeep
|choice|*|*switch 2
|choice||switch 2
|
|switch|p2a: Tapu Koko|Tapu Koko|159\/339
|-fieldstart|move: Electric Terrain|[from] ability: Electric Surge|[of] p2a: Tapu Koko
|turn|24
|choice|*|*move 3
|choice|*move 4|*
|choice|move gunkshot|move uturn
|
|move|p1a: Greninja|Gunk Shot|p2a: Tapu Koko
|-supereffective|p2a: Tapu Koko
|-damage|p2a: Tapu Koko|0 fnt
|faint|p2a: Tapu Koko
|
|upkeep
|choice|*|*switch 3
|choice||switch 3
|
|switch|p2a: Magearna|Magearna|130\/301
|turn|25
|choice|*move 3|*
|choice|*|*move 2
|choice|move icebeam|move thunderbolt
|
|move|p1a: Greninja|Ice Beam|p2a: Magearna
|-resisted|p2a: Magearna
|-damage|p2a: Magearna|80\/301
|move|p2a: Magearna|Thunderbolt|p1a: Greninja
|-supereffective|p1a: Greninja
|-damage|p1a: Greninja|0 fnt
|faint|p1a: Greninja
|-ability|p2a: Magearna|Soul-Heart|boost
|-boost|p2a: Magearna|spa|1
|
|upkeep
|choice|*switch 4|*
|choice|switch 4|
|
|switch|p1a: Magearna|Magearna|235\/364
|turn|26
|choice|*move 3|*
|choice|*|*move 2
|choice|move aurasphere|move thunderbolt
|
|move|p2a: Magearna|Thunderbolt|p1a: Magearna
|-damage|p1a: Magearna|100\/364
|move|p1a: Magearna|Aura Sphere|p2a: Magearna
|-damage|p2a: Magearna|0 fnt
|faint|p2a: Magearna
|-ability|p1a: Magearna|Soul-Heart|boost
|-boost|p1a: Magearna|spa|1
|
|upkeep
|choice|*|*switch 4
|choice||switch 4
|
|switch|p2a: Zygarde|Zygarde|223\/397
|-ability|p2a: Zygarde|Aura Break
|turn|27
|choice|*|*move 2
|choice|*move 1|*
|choice|move fleurcannon|move dragondance
|
|move|p2a: Zygarde|Dragon Dance|p2a: Zygarde
|-boost|p2a: Zygarde|atk|1
|-boost|p2a: Zygarde|spe|1
|move|p1a: Magearna|Fleur Cannon|p2a: Zygarde
|-supereffective|p2a: Zygarde
|-damage|p2a: Zygarde|0 fnt
|-unboost|p1a: Magearna|spa|2
|faint|p2a: Zygarde
|-ability|p1a: Magearna|Soul-Heart|boost
|-boost|p1a: Magearna|spa|1
|
|upkeep
|choice|*|*switch 6
|choice||switch 6
|
|switch|p2a: Landorus|Landorus-Therian, M|261\/319
|-ability|p2a: Landorus|Intimidate|boost
|-unboost|p1a: Magearna|atk|1
|turn|28
|choice|*|*move 1
|choice|*move 1|*
|choice|move fleurcannon|move earthquake
|
|move|p2a: Landorus|Earthquake|p1a: Magearna
|-supereffective|p1a: Magearna
|-damage|p1a: Magearna|0 fnt
|faint|p1a: Magearna
|
|-fieldend|move: Electric Terrain
|upkeep
|choice|*switch 2|*
|choice|switch 2|
|
|switch|p1a: Tapu Lele|Tapu Lele|112\/281
|-fieldstart|move: Psychic Terrain|[from] ability: Psychic Surge|[of] p1a: Tapu Lele
|turn|29
|choice|*move 3|*
|choice|*|*move 1
|choice|move toxic|move earthquake
|
|move|p2a: Landorus|Earthquake|p1a: Tapu Lele
|-damage|p1a: Tapu Lele|0 fnt
|faint|p1a: Tapu Lele
|
|upkeep
|choice|*switch 5|*
|choice|switch 5|
|
|switch|p1a: Kyurem|Kyurem-Black|15\/392
|-ability|p1a: Kyurem|Teravolt
|turn|30
|choice|*move 1|*
|player|p2|
|player|p2|Hermosa❤|hermosa-19.gif?a3076be7
|choice|*|*move 1
|choice|move outrage|move earthquake
|
|move|p1a: Kyurem|Outrage|p2a: Landorus
|-damage|p2a: Landorus|0 fnt
|faint|p2a: Landorus
|
|upkeep
|choice|*|*switch 5
|choice||switch 5
|
|switch|p2a: Espeon|Espeon, M|329\/329
|turn|31
|choice|*|*move 2
|choice|*move 1|*
|choice|move outrage|move dazzlinggleam
|
|move|p1a: Kyurem|Outrage|p2a: Espeon|[from]lockedmove
|-crit|p2a: Espeon
|-damage|p2a: Espeon|0 fnt
|faint|p2a: Espeon
|
|win|Miguelogf
Miguelogf ha ganado 6.75 PokeDolares.
|raw|Puntaje de Miguelogf: 1077 &rarr; <strong>1135<\/strong><br \/>(+58 por ganar)
|raw|Puntaje de Hermosa❤: 1294 &rarr; <strong>1255<\/strong><br \/>(-39 por perder)
</script>
</div>
<div class="battle-log battle-log-inline"><div class="inner"><div class="battle-options"></div><div class="inner"><div class=""><small>Format:</small> <br><strong>OU</strong></div><div class="rated"><strong>Rated battle</strong></div><div class=""><small><em>Cláusula-Mod de Dormir:</em> solo puedes dormir a uno de tus oponentes a la vez.</small></div><div class=""><small><em>Cláusula de Especie:</em> Hasta un Pokémon de cada especie</small></div><div class=""><small><em>Cláusula de Golpe Fulminante:</em> los movimientos fulminantes (OHKO) estan prohibidos</small></div><div class=""><small><em>Cláusula de Veleta:</em> la habilidad Veleta está prohibida</small></div><div class=""><small><em>Cláusula de Movimientos Evasivos:</em> los movimientos de Evasión están prohibidos.</small></div><div class=""><small><em>Cláusula de Batallas Eternas:</em> forzar batallas eternas está prohibido</small></div><div class="chat battle-history"><strong>Miguelogf's team:</strong> <em style="color:#445566;display:block;">Landorus-Therian / Heatran / Kyurem-Black / Greninja / Magearna / Tapu Lele</em></div><div class="chat battle-history"><strong>Hermosa❤'s team:</strong> <em style="color:#445566;display:block;">Gyarados / Tapu Koko / Magearna / Zygarde / Espeon / Landorus-Therian</em></div><div class="spacer battle-history"><br></div><div class="battle-history">Battle started between Miguelogf and Hermosa❤!<br></div><div class="spacer battle-history"><br></div><div class="battle-history">Go! <strong>Magearna</strong>!<br></div><div class="spacer battle-history"><br></div><div class="battle-history">Hermosa❤ sent out <strong>Tapu Koko</strong>!<br></div><div class="battle-history"><small>[The opposing Tapu Koko's Electric Surge]</small><br><small>An electric current runs across the battlefield!</small><br></div><div class="spacer battle-history"><br></div><h2 class="battle-history">Turn 1</h2><div class="spacer battle-history"><br></div><div class="battle-history">The opposing Tapu Koko used <strong>Taunt</strong>!<br></div><div class="battle-history"><small>Magearna fell for the taunt!</small><br></div><div class="spacer battle-history"><br></div><div class="battle-history">Magearna used <strong>Flash Cannon</strong>!<br></div><div class="battle-history"><small>(The opposing Tapu Koko lost <abbr title="−180/339">53.1%</abbr> of its health!)</small><br></div><div class="spacer battle-history"><br></div><h2 class="battle-history">Turn 2</h2><div class="spacer battle-history"><br></div><div class="battle-history">The opposing Tapu Koko used <strong>U-turn</strong>!<br></div><div class="battle-history"><small>It's not very effective...</small><br></div><div class="battle-history"><small>(Magearna lost <abbr title="−13/364">3.6%</abbr> of its health!)</small><br></div><div class="spacer battle-history"><br></div><div class="battle-history">The opposing Tapu Koko went back to Hermosa❤!<br></div><div class="battle-history">Hermosa❤ sent out <strong>Gyarados</strong>!<br></div><div class="battle-history"><small>[The opposing Gyarados's Intimidate]</small><br></div><div class="battle-history"><small>Magearna's Attack fell!</small><br></div><div class="spacer battle-history"><br></div><div class="battle-history">Magearna used <strong>Flash Cannon</strong>!<br></div><div class="battle-history"><small>It's not very effective...</small><br></div><div class="battle-history"><small>(The opposing Gyarados lost <abbr title="−67/379">17.7%</abbr> of its health!)</small><br></div><div class="spacer battle-history"><br></div><h2 class="battle-history">Turn 3</h2><div class="spacer battle-history"><br></div><div class="battle-history">Hermosa❤ withdrew Gyarados!<br></div><div class="battle-history">Hermosa❤ sent out Landorus (<strong>Landorus-Therian</strong>)!<br></div><div class="battle-history"><small>[The opposing Landorus's Intimidate]</small><br></div><div class="battle-history"><small>Magearna's Attack fell!</small><br></div><div class="spacer battle-history"><br></div><div class="battle-history">Magearna used <strong>Volt Switch</strong>!<br></div><div class="battle-history"><small>It doesn't affect the opposing Landorus...</small><br></div><div class="spacer battle-history"><br></div><div class="battle-history"><small>Magearna's taunt wore off!</small><br></div><div class="spacer battle-history"><br></div><h2 class="battle-history">Turn 4</h2><div class="spacer battle-history"><br></div><div class="battle-history">Magearna went back to Miguelogf!<br></div><div class="battle-history">Go! Kyurem (<strong>Kyurem-Black</strong>)!<br></div><div class="battle-history"><small>[Kyurem's Teravolt]</small><br><small>Kyurem is radiating a bursting aura!</small><br></div><div class="spacer battle-history"><br></div><div class="battle-history">The opposing Landorus used <strong>Earthquake</strong>!<br></div><div class="battle-history"><small>(Kyurem lost <abbr title="−196/392">50%</abbr> of its health!)</small><br></div><div class="spacer battle-history"><br></div><h2 class="battle-history">Turn 5</h2><div class="spacer battle-history"><br></div><div class="battle-history">Kyurem used <strong>Freeze Shock</strong>!<br></div><div class="battle-history"><small>Kyurem became cloaked in a freezing light!</small><br></div><div class="spacer battle-history"><br></div><div class="battle-history">The opposing Landorus used <strong>Earthquake</strong>!<br></div><div class="battle-history"><small>(Kyurem lost <abbr title="−181/392">46.2%</abbr> of its health!)</small><br></div><div class="spacer battle-history"><br></div><div class="battle-history"><small>The electricity disappeared from the battlefield.</small><br></div><div class="spacer battle-history"><br></div><h2 class="battle-history">Turn 6</h2><div class="spacer battle-history"><br></div><div class="battle-history">Hermosa❤ withdrew Landorus!<br></div><div class="battle-history">Hermosa❤ sent out <strong>Magearna</strong>!<br></div><div class="spacer battle-history"><br></div><div class="battle-history">Kyurem used <strong>Freeze Shock</strong>!<br></div><div class="battle-history"><small>The opposing Magearna avoided the attack!</small><br></div><div class="spacer battle-history"><br></div><h2 class="battle-history">Turn 7</h2><div class="spacer battle-history"><br></div><div class="battle-history">Kyurem, come back!<br></div><div class="battle-history">Go! <strong>Tapu Lele</strong>!<br></div><div class="battle-history"><small>[Tapu Lele's Psychic Surge]</small><br><small>The battlefield got weird!</small><br></div><div class="spacer battle-history"><br></div><div class="battle-history">The opposing Magearna used <strong>Shift Gear</strong>!<br></div><div class="battle-history"><small>The opposing Magearna's Speed rose sharply!</small><br></div><div class="battle-history"><small>The opposing Magearna's Attack rose!</small><br></div><div class="spacer battle-history"><br></div><h2 class="battle-history">Turn 8</h2><div class="spacer battle-history"><br></div><div class="battle-history"><small>The opposing Magearna surrounded itself with its Z-Power!</small><br></div><div class="spacer battle-history"><br></div><div class="battle-history">The opposing Magearna used <strong>Gigavolt Havoc</strong>!<br></div><div class="battle-history"><small>(Tapu Lele lost <abbr title="−169/281">60.1%</abbr> of its health!)</small><br></div><div class="spacer battle-history"><br></div><div class="battle-history">Tapu Lele used <strong>Toxic</strong>!<br></div><div class="battle-history"><small>It doesn't affect the opposing Magearna...</small><br></div><div class="spacer battle-history"><br></div><h2 class="battle-history">Turn 9</h2><div class="spacer battle-history"><br></div><div class="battle-history">Tapu Lele, come back!<br></div><div class="battle-history">Go! <strong>Heatran</strong>!<br></div><div class="battle-history"><small>Heatran floats in the air with its Air Balloon!</small><br></div><div class="spacer battle-history"><br></div><div class="battle-history">The opposing Magearna used <strong>Ice Beam</strong>!<br></div><div class="battle-history"><small>It's not very effective...</small><br></div><div class="battle-history"><small>(Heatran lost <abbr title="−27/386">7.0%</abbr> of its health!)</small><br></div><div class="battle-history"><small>Heatran's Air Balloon popped!</small><br></div><div class="spacer battle-history"><br></div><h2 class="battle-history">Turn 10</h2><div class="spacer battle-history"><br></div><div class="battle-history">Hermosa❤ withdrew Magearna!<br></div><div class="battle-history">Hermosa❤ sent out <strong>Zygarde</strong>!<br></div><div class="battle-history"><small>[The opposing Zygarde's Aura Break]</small><br><small>The opposing Zygarde reversed all other Pokémon's auras!</small><br></div><div class="spacer battle-history"><br></div><div class="battle-history">Heatran used <strong>Lava Plume</strong>!<br></div><div class="battle-history"><small>It's not very effective...</small><br></div><div class="battle-history"><small>(The opposing Zygarde lost <abbr title="−75/397">18.9%</abbr> of its health!)</small><br></div><div class="spacer battle-history"><br></div><h2 class="battle-history">Turn 11</h2><div class="spacer battle-history"><br></div><div class="battle-history">The opposing Zygarde used <strong>Substitute</strong>!<br></div><div class="battle-history"><small>The opposing Zygarde put in a substitute!</small><br></div><div class="battle-history"><small>(The opposing Zygarde lost <abbr title="−99/397">24.9%</abbr> of its health!)</small><br></div><div class="spacer battle-history"><br></div><div class="battle-history">Heatran used <strong>Flash Cannon</strong>!<br></div><div class="battle-history"><small>The opposing Zygarde's substitute faded!</small><br></div><div class="spacer battle-history"><br></div><div class="battle-history"><small>The weirdness disappeared from the battlefield!</small><br></div><div class="spacer battle-history"><br></div><h2 class="battle-history">Turn 12</h2><div class="spacer battle-history"><br></div><div class="battle-history">The opposing Zygarde used <strong>Thousand Arrows</strong>!<br></div><div class="battle-history"><small>It's super effective!</small><br></div><div class="battle-history"><small>(Heatran lost <abbr title="−359/386">93.0%</abbr> of its health!)</small><br></div><div class="spacer battle-history"><br></div><div class="battle-history">Heatran fainted!<br></div><div class="spacer battle-history"><br></div><div class="battle-history">Go! Kyurem (<strong>Kyurem-Black</strong>)!<br></div><div class="battle-history"><small>[Kyurem's Teravolt]</small><br><small>Kyurem is radiating a bursting aura!</small><br></div><div class="spacer battle-history"><br></div><h2 class="battle-history">Turn 13</h2><div class="spacer battle-history"><br></div><div class="battle-history">Hermosa❤ withdrew Zygarde!<br></div><div class="battle-history">Hermosa❤ sent out <strong>Magearna</strong>!<br></div><div class="spacer battle-history"><br></div><div class="battle-history">Kyurem used <strong>Outrage</strong>!<br></div><div class="battle-history"><small>It doesn't affect the opposing Magearna...</small><br></div><div class="spacer battle-history"><br></div><h2 class="battle-history">Turn 14</h2><div class="spacer battle-history"><br></div><div class="battle-history">Kyurem, come back!<br></div><div class="battle-history">Go! Landorus (<strong>Landorus-Therian</strong>)!<br></div><div class="battle-history"><small>[Landorus's Intimidate]</small><br></div><div class="battle-history"><small>The opposing Magearna's Attack fell!</small><br></div><div class="spacer battle-history"><br></div><div class="battle-history">The opposing Magearna used <strong>Shift Gear</strong>!<br></div><div class="battle-history"><small>The opposing Magearna's Speed rose sharply!</small><br></div><div class="battle-history"><small>The opposing Magearna's Attack rose!</small><br></div><div class="spacer battle-history"><br></div><h2 class="battle-history">Turn 15</h2><div class="spacer battle-history"><br></div><div class="battle-history">The opposing Magearna used <strong>Ice Beam</strong>!<br></div><div class="battle-history"><small>It's super effective!</small><br></div><div class="battle-history"><small>(Landorus lost <abbr title="−319/319">100%</abbr> of its health!)</small><br></div><div class="spacer battle-history"><br></div><div class="battle-history">Landorus fainted!<br></div><div class="battle-history"><small>[The opposing Magearna's Soul-Heart]</small><br></div><div class="battle-history"><small>The opposing Magearna's Special Attack rose!</small><br></div><div class="spacer battle-history"><br></div><div class="battle-history">Go! <strong>Magearna</strong>!<br></div><div class="spacer battle-history"><br></div><h2 class="battle-history">Turn 16</h2><div class="spacer battle-history"><br></div><div class="battle-history">The opposing Magearna used <strong>Focus Blast</strong>!<br></div><div class="battle-history"><small>(Magearna lost <abbr title="−116/364">31.9%</abbr> of its health!)</small><br></div><div class="spacer battle-history"><br></div><div class="battle-history">Magearna used <strong>Aura Sphere</strong>!<br></div><div class="battle-history"><small>(The opposing Magearna lost <abbr title="−86/301">28.6%</abbr> of its health!)</small><br></div><div class="spacer battle-history"><br></div><h2 class="battle-history">Turn 17</h2><div class="spacer battle-history"><br></div><div class="battle-history">The opposing Magearna used <strong>Focus Blast</strong>!<br></div><div class="battle-history"><small>Magearna avoided the attack!</small><br></div><div class="spacer battle-history"><br></div><div class="battle-history">Magearna used <strong>Aura Sphere</strong>!<br></div><div class="battle-history"><small>(The opposing Magearna lost <abbr title="−85/301">28.2%</abbr> of its health!)</small><br></div><div class="spacer battle-history"><br></div><h2 class="battle-history">Turn 18</h2><div class="spacer battle-history"><br></div><div class="battle-history">Hermosa❤ withdrew Magearna!<br></div><div class="battle-history">Hermosa❤ sent out Landorus (<strong>Landorus-Therian</strong>)!<br></div><div class="battle-history"><small>[The opposing Landorus's Intimidate]</small><br></div><div class="battle-history"><small>Magearna's Attack fell!</small><br></div><div class="spacer battle-history"><br></div><div class="battle-history">Magearna used <strong>Aura Sphere</strong>!<br></div><div class="battle-history"><small>It's not very effective...</small><br></div><div class="battle-history"><small>(The opposing Landorus lost <abbr title="−58/319">18.2%</abbr> of its health!)</small><br></div><div class="spacer battle-history"><br></div><h2 class="battle-history">Turn 19</h2><div class="spacer battle-history"><br></div><div class="battle-history">Magearna, come back!<br></div><div class="battle-history">Go! <strong>Greninja</strong>!<br></div><div class="spacer battle-history"><br></div><div class="battle-history">The opposing Landorus used <strong>Earthquake</strong>!<br></div><div class="battle-history"><small>(Greninja lost <abbr title="−267/286">93.4%</abbr> of its health!)</small><br></div><div class="spacer battle-history"><br></div><h2 class="battle-history">Turn 20</h2><div class="spacer battle-history"><br></div><div class="battle-history">Hermosa❤ withdrew Landorus!<br></div><div class="battle-history">Hermosa❤ sent out <strong>Gyarados</strong>!<br></div><div class="battle-history"><small>[The opposing Gyarados's Intimidate]</small><br></div><div class="battle-history"><small>Greninja's Attack fell!</small><br></div><div class="spacer battle-history"><br></div><div class="battle-history">Greninja used <strong>Water Shuriken</strong>!<br></div><div class="battle-history"><small>It's not very effective...</small><br></div><div class="battle-history"><small>(The opposing Gyarados lost <abbr title="−12/379">3.2%</abbr> of its health!)</small><br></div><div class="battle-history"><small>It's not very effective...</small><br></div><div class="battle-history"><small>A critical hit!</small><br></div><div class="battle-history"><small>(The opposing Gyarados lost <abbr title="−19/379">5.0%</abbr> of its health!)</small><br></div><div class="battle-history"><small>It's not very effective...</small><br></div><div class="battle-history"><small>(The opposing Gyarados lost <abbr title="−12/379">3.2%</abbr> of its health!)</small><br></div><div class="battle-history"><small>Hit 3 times!</small><br></div><div class="spacer battle-history"><br></div><h2 class="battle-history">Turn 21</h2><div class="spacer battle-history"><br></div><div class="battle-history">Greninja used <strong>Ice Beam</strong>!<br></div><div class="battle-history"><small>(The opposing Gyarados lost <abbr title="−91/379">24.0%</abbr> of its health!)</small><br></div><div class="battle-history"><small>The opposing Gyarados was frozen solid!</small><br></div><div class="spacer battle-history"><br></div><div class="battle-history">The opposing Gyarados is frozen solid!<br></div><div class="spacer battle-history"><br></div><h2 class="battle-history">Turn 22</h2><div class="spacer battle-history"><br></div><div class="battle-history">Greninja used <strong>Ice Beam</strong>!<br></div><div class="battle-history"><small>(The opposing Gyarados lost <abbr title="−86/379">22.7%</abbr> of its health!)</small><br></div><div class="spacer battle-history"><br></div><div class="battle-history">The opposing Gyarados is frozen solid!<br></div><div class="spacer battle-history"><br></div><h2 class="battle-history">Turn 23</h2><div class="spacer battle-history"><br></div><div class="battle-history">Greninja used <strong>Ice Beam</strong>!<br></div><div class="battle-history"><small>(The opposing Gyarados lost <abbr title="−92/379">24.3%</abbr> of its health!)</small><br></div><div class="spacer battle-history"><br></div><div class="battle-history">The opposing Gyarados fainted!<br></div><div class="battle-history"><small>[Greninja's Battle Bond]</small><br><small>Greninja became fully charged due to its bond with its Trainer!</small><br></div><div class="battle-history">Greninja became Ash-Greninja!<br></div><div class="spacer battle-history"><br></div><div class="battle-history">Hermosa❤ sent out <strong>Tapu Koko</strong>!<br></div><div class="battle-history"><small>[The opposing Tapu Koko's Electric Surge]</small><br><small>An electric current runs across the battlefield!</small><br></div><div class="spacer battle-history"><br></div><h2 class="battle-history">Turn 24</h2><div class="spacer battle-history"><br></div><div class="battle-history">Greninja used <strong>Gunk Shot</strong>!<br></div><div class="battle-history"><small>It's super effective!</small><br></div><div class="battle-history"><small>(The opposing Tapu Koko lost <abbr title="−159/339">46.9%</abbr> of its health!)</small><br></div><div class="spacer battle-history"><br></div><div class="battle-history">The opposing Tapu Koko fainted!<br></div><div class="spacer battle-history"><br></div><div class="battle-history">Hermosa❤ sent out <strong>Magearna</strong>!<br></div><div class="spacer battle-history"><br></div><h2 class="battle-history">Turn 25</h2><div class="spacer battle-history"><br></div><div class="battle-history">Greninja used <strong>Ice Beam</strong>!<br></div><div class="battle-history"><small>It's not very effective...</small><br></div><div class="battle-history"><small>(The opposing Magearna lost <abbr title="−50/301">16.6%</abbr> of its health!)</small><br></div><div class="spacer battle-history"><br></div><div class="battle-history">The opposing Magearna used <strong>Thunderbolt</strong>!<br></div><div class="battle-history"><small>It's super effective!</small><br></div><div class="battle-history"><small>(Greninja lost <abbr title="−19/286">6.6%</abbr> of its health!)</small><br></div><div class="spacer battle-history"><br></div><div class="battle-history">Greninja fainted!<br></div><div class="battle-history"><small>[The opposing Magearna's Soul-Heart]</small><br></div><div class="battle-history"><small>The opposing Magearna's Special Attack rose!</small><br></div><div class="spacer battle-history"><br></div><div class="battle-history">Go! <strong>Magearna</strong>!<br></div><div class="spacer battle-history"><br></div><h2 class="battle-history">Turn 26</h2><div class="spacer battle-history"><br></div><div class="battle-history">The opposing Magearna used <strong>Thunderbolt</strong>!<br></div><div class="battle-history"><small>(Magearna lost <abbr title="−135/364">37.1%</abbr> of its health!)</small><br></div><div class="spacer battle-history"><br></div><div class="battle-history">Magearna used <strong>Aura Sphere</strong>!<br></div><div class="battle-history"><small>(The opposing Magearna lost <abbr title="−80/301">26.6%</abbr> of its health!)</small><br></div><div class="spacer battle-history"><br></div><div class="battle-history">The opposing Magearna fainted!<br></div><div class="battle-history"><small>[Magearna's Soul-Heart]</small><br></div><div class="battle-history"><small>Magearna's Special Attack rose!</small><br></div><div class="spacer battle-history"><br></div><div class="battle-history">Hermosa❤ sent out <strong>Zygarde</strong>!<br></div><div class="battle-history"><small>[The opposing Zygarde's Aura Break]</small><br><small>The opposing Zygarde reversed all other Pokémon's auras!</small><br></div><div class="spacer battle-history"><br></div><h2 class="battle-history">Turn 27</h2><div class="spacer battle-history"><br></div><div class="battle-history">The opposing Zygarde used <strong>Dragon Dance</strong>!<br></div><div class="battle-history"><small>The opposing Zygarde's Attack rose!</small><br></div><div class="battle-history"><small>The opposing Zygarde's Speed rose!</small><br></div><div class="spacer battle-history"><br></div><div class="battle-history">Magearna used <strong>Fleur Cannon</strong>!<br></div><div class="battle-history"><small>It's super effective!</small><br></div><div class="battle-history"><small>(The opposing Zygarde lost <abbr title="−223/397">56.2%</abbr> of its health!)</small><br></div><div class="battle-history"><small>Magearna's Special Attack fell harshly!</small><br></div><div class="spacer battle-history"><br></div><div class="battle-history">The opposing Zygarde fainted!<br></div><div class="battle-history"><small>[Magearna's Soul-Heart]</small><br></div><div class="battle-history"><small>Magearna's Special Attack rose!</small><br></div><div class="spacer battle-history"><br></div><div class="battle-history">Hermosa❤ sent out Landorus (<strong>Landorus-Therian</strong>)!<br></div><div class="battle-history"><small>[The opposing Landorus's Intimidate]</small><br></div><div class="battle-history"><small>Magearna's Attack fell!</small><br></div><div class="spacer battle-history"><br></div><h2 class="battle-history">Turn 28</h2><div class="spacer battle-history"><br></div><div class="battle-history">The opposing Landorus used <strong>Earthquake</strong>!<br></div><div class="battle-history"><small>It's super effective!</small><br></div><div class="battle-history"><small>(Magearna lost <abbr title="−100/364">27.5%</abbr> of its health!)</small><br></div><div class="spacer battle-history"><br></div><div class="battle-history">Magearna fainted!<br></div><div class="spacer battle-history"><br></div><div class="battle-history"><small>The electricity disappeared from the battlefield.</small><br></div><div class="spacer battle-history"><br></div><div class="battle-history">Go! <strong>Tapu Lele</strong>!<br></div><div class="battle-history"><small>[Tapu Lele's Psychic Surge]</small><br><small>The battlefield got weird!</small><br></div><div class="spacer battle-history"><br></div><h2 class="battle-history">Turn 29</h2><div class="spacer battle-history"><br></div><div class="battle-history">The opposing Landorus used <strong>Earthquake</strong>!<br></div><div class="battle-history"><small>(Tapu Lele lost <abbr title="−112/281">39.9%</abbr> of its health!)</small><br></div><div class="spacer battle-history"><br></div><div class="battle-history">Tapu Lele fainted!<br></div><div class="spacer battle-history"><br></div><div class="battle-history">Go! Kyurem (<strong>Kyurem-Black</strong>)!<br></div><div class="battle-history"><small>[Kyurem's Teravolt]</small><br><small>Kyurem is radiating a bursting aura!</small><br></div><div class="spacer battle-history"><br></div><h2 class="battle-history">Turn 30</h2><div class="spacer battle-history"><br></div><div class="battle-history">Kyurem used <strong>Outrage</strong>!<br></div><div class="battle-history"><small>(The opposing Landorus lost <abbr title="−261/319">81.8%</abbr> of its health!)</small><br></div><div class="spacer battle-history"><br></div><div class="battle-history">The opposing Landorus fainted!<br></div><div class="spacer battle-history"><br></div><div class="battle-history">Hermosa❤ sent out <strong>Espeon</strong>!<br></div><div class="spacer battle-history"><br></div><h2 class="battle-history">Turn 31</h2><div class="spacer battle-history"><br></div><div class="battle-history">Kyurem used <strong>Outrage</strong>!<br></div><div class="battle-history"><small>A critical hit!</small><br></div><div class="battle-history"><small>(The opposing Espeon lost <abbr title="−329/329">100%</abbr> of its health!)</small><br></div><div class="spacer battle-history"><br></div><div class="battle-history">The opposing Espeon fainted!<br></div><div class="spacer battle-history"><br></div><div class="battle-history"><strong>Miguelogf</strong> won the battle!<br></div><div class="chat">Miguelogf ha ganado 6.75 PokeDolares.</div><div class="chat">Puntaje de Miguelogf: 1077 → <strong>1135</strong><br>(+58 por ganar)</div><div class="chat">Puntaje de Hermosa❤: 1294 → <strong>1255</strong><br>(-39 por perder)</div></div><div class="inner-preempt"></div></div></div>
</div>
<script>
let daily = Math.floor(Date.now()/1000/60/60/24);document.write('<script src="https://play.pokemonshowdown.com/js/replay-embed.js?version'+daily+'"></'+'script>');
</script>
