<!DOCTYPE html>
<meta charset="utf-8" />
<!-- version 1 -->
<title>OU replay: Flamita vs. Choml!</title>
<style>
html,body {font-family:Verdana, sans-serif;font-size:10pt;margin:0;padding:0;}body{padding:12px 0;} .battle-log {font-family:Verdana, sans-serif;font-size:10pt;} .battle-log-inline {border:1px solid #AAAAAA;background:#EEF2F5;color:black;max-width:640px;margin:0 auto 80px;padding-bottom:5px;} .battle-log .inner {padding:4px 8px 0px 8px;} .battle-log .inner-preempt {padding:0 8px 4px 8px;} .battle-log .inner-after {margin-top:0.5em;} .battle-log h2 {margin:0.5em -8px;padding:4px 8px;border:1px solid #AAAAAA;background:#E0E7EA;border-left:0;border-right:0;font-family:Verdana, sans-serif;font-size:13pt;} .battle-log .chat {vertical-align:middle;padding:3px 0 3px 0;font-size:8pt;} .battle-log .chat strong {color:#40576A;} .battle-log .chat em {padding:1px 4px 1px 3px;color:#000000;font-style:normal;} .chat.mine {background:rgba(0,0,0,0.05);margin-left:-8px;margin-right:-8px;padding-left:8px;padding-right:8px;} .spoiler {color:#BBBBBB;background:#BBBBBB;padding:0px 3px;} .spoiler:hover, .spoiler:active, .spoiler-shown {color:#000000;background:#E2E2E2;padding:0px 3px;} .spoiler a {color:#BBBBBB;} .spoiler:hover a, .spoiler:active a, .spoiler-shown a {color:#2288CC;} .chat code, .chat .spoiler:hover code, .chat .spoiler:active code, .chat .spoiler-shown code {border:1px solid #C0C0C0;background:#EEEEEE;color:black;padding:0 2px;} .chat .spoiler code {border:1px solid #CCCCCC;background:#CCCCCC;color:#CCCCCC;} .battle-log .rated {padding:3px 4px;} .battle-log .rated strong {color:white;background:#89A;padding:1px 4px;border-radius:4px;} .spacer {margin-top:0.5em;} .message-announce {background:#6688AA;color:white;padding:1px 4px 2px;} .message-announce a, .broadcast-green a, .broadcast-blue a, .broadcast-red a {color:#DDEEFF;} .broadcast-green {background-color:#559955;color:white;padding:2px 4px;} .broadcast-blue {background-color:#6688AA;color:white;padding:2px 4px;} .infobox {border:1px solid #6688AA;padding:2px 4px;} .infobox-limited {max-height:200px;overflow:auto;overflow-x:hidden;} .broadcast-red {background-color:#AA5544;color:white;padding:2px 4px;} .message-learn-canlearn {font-weight:bold;color:#228822;text-decoration:underline;} .message-learn-cannotlearn {font-weight:bold;color:#CC2222;text-decoration:underline;} .message-effect-weak {font-weight:bold;color:#CC2222;} .message-effect-resist {font-weight:bold;color:#6688AA;} .message-effect-immune {font-weight:bold;color:#666666;} .message-learn-list {margin-top:0;margin-bottom:0;} .message-throttle-notice, .message-error {color:#992222;} .message-overflow, .chat small.message-overflow {font-size:0pt;} .message-overflow::before {font-size:9pt;content:'...';} .subtle {color:#3A4A66;}
</style>
<div class="wrapper replay-wrapper" style="max-width:1180px;margin:0 auto">
<input type="hidden" name="replayid" value="destiny-ou-507719" />
<div class="battle"></div><div class="battle-log"></div><div class="replay-controls"></div><div class="replay-controls-2"></div>
<h1 style="font-weight:normal;text-align:center"><strong>OU</strong><br /><a href="http://pokemonshowdown.com/users/flamita" class="subtle" target="_blank">Flamita</a> vs. <a href="http://pokemonshowdown.com/users/choml" class="subtle" target="_blank">Choml!</a></h1>
<script type="text/plain" class="battle-log-data">|unlink|||tour
|player|p1|Flamita|flamita-43.gif?af00ca4e
|teamsize|p1|6
|player|p2|Choml!|7
|teamsize|p2|6
|teamsize|p1|6
|teamsize|p2|6
|gametype|singles
|gen|7
|tier|OU
|seed|48109,27381,14124,6501
|rule|Cláusula-Mod de Dormir: solo puedes dormir a uno de tus oponentes a la vez.
|rule|Cláusula de Especie: Hasta un Pokémon de cada especie
|rule|Cláusula de Golpe Fulminante: los movimientos fulminantes (OHKO) estan prohibidos
|rule|Cláusula de Veleta: la habilidad Veleta está prohibida
|rule|Cláusula de Movimientos Evasivos: los movimientos de Evasión están prohibidos.
|rule|Cláusula de Batallas Eternas: forzar batallas eternas está prohibido
|clearpoke
|poke|p1|Zygarde|item
|poke|p1|Serperior, F|item
|poke|p1|Excadrill, F|item
|poke|p1|Victini|item
|poke|p1|Clefable, M|item
|poke|p1|Gyarados, M|item
|poke|p2|Greninja, M|item
|poke|p2|Amoonguss, F|item
|poke|p2|Latios, M|item
|poke|p2|Clefable, M|item
|poke|p2|Magnezone|item
|poke|p2|Kartana|item
|teampreview|undefined
|choice|*team 321456|*
|choice|*|*team 423156
|choice|team 3, 2, 1, 4, 5, 6|team 4, 2, 3, 1, 5, 6
|
|start
|switch|p1a: Excadrill|Excadrill, F|361\/361
|switch|p2a: Clefable|Clefable, M|394\/394
|-ability|p1a: Excadrill|Mold Breaker
|turn|1
|choice|*move 1|*
|choice|*|*switch 6
|choice|move stealthrock|switch 6
|
|switch|p2a: Kartana|Kartana|259\/259
|move|p1a: Excadrill|Stealth Rock|p2a: Kartana
|-sidestart|p2: Choml!|move: Stealth Rock
|
|upkeep
|turn|2
|choice|*move 3|*
|choice|*|*move 2
|choice|move rocktomb|move leafblade
|
|move|p2a: Kartana|Leaf Blade|p1a: Excadrill
|-damage|p1a: Excadrill|64\/361
|move|p1a: Excadrill|Rock Tomb|p2a: Kartana
|-resisted|p2a: Kartana
|-damage|p2a: Kartana|230\/259
|-unboost|p2a: Kartana|spe|1
|
|upkeep
|turn|3
|choice|*move 2|*
|choice|*|*move 2
|choice|move earthquake|move leafblade
|
|move|p2a: Kartana|Leaf Blade|p1a: Excadrill
|-crit|p1a: Excadrill
|-damage|p1a: Excadrill|0 fnt
|faint|p1a: Excadrill
|-ability|p2a: Kartana|Beast Boost|boost
|-boost|p2a: Kartana|atk|1
|
|upkeep
|choice|*switch 2|*
|choice|switch 2|
|
|switch|p1a: Serperior|Serperior, F|305\/305
|turn|4
|choice|*move 3|*
|choice|*|*switch 2
|choice|move substitute|switch 2
|
|switch|p2a: Amoonguss|Amoonguss, F|431\/431
|-damage|p2a: Amoonguss|378\/431|[from] Stealth Rock
|move|p1a: Serperior|Substitute|p1a: Serperior
|-start|p1a: Serperior|Substitute
|-damage|p1a: Serperior|229\/305
|
|-heal|p1a: Serperior|248\/305|[from] item: Leftovers
|-heal|p2a: Amoonguss|404\/431|[from] item: Black Sludge
|upkeep
|turn|5
|choice|*|*move 4
|choice|*move 2|*
|choice|move glare|move hiddenpower
|
|move|p1a: Serperior|Glare|p2a: Amoonguss
|-status|p2a: Amoonguss|par
|move|p2a: Amoonguss|Hidden Power|p1a: Serperior
|-supereffective|p1a: Serperior
|-end|p1a: Serperior|Substitute
|
|-heal|p1a: Serperior|267\/305|[from] item: Leftovers
|-heal|p2a: Amoonguss|430\/431 par|[from] item: Black Sludge
|upkeep
|turn|6
|choice|*|*move 4
|choice|*move 3|*
|choice|move substitute|move hiddenpower
|
|move|p1a: Serperior|Substitute|p1a: Serperior
|-start|p1a: Serperior|Substitute
|-damage|p1a: Serperior|191\/305
|move|p2a: Amoonguss|Hidden Power|p1a: Serperior
|-supereffective|p1a: Serperior
|-end|p1a: Serperior|Substitute
|
|-heal|p1a: Serperior|210\/305|[from] item: Leftovers
|-heal|p2a: Amoonguss|431\/431 par|[from] item: Black Sludge
|upkeep
|turn|7
|choice|*switch 5|*
|choice|*|*move 4
|choice|switch 5|move hiddenpower
|
|switch|p1a: Clefable|Clefable, M|393\/393
|move|p2a: Amoonguss|Hidden Power|p1a: Clefable
|-damage|p1a: Clefable|350\/393
|
|-heal|p1a: Clefable|374\/393|[from] item: Leftovers
|upkeep
|turn|8
|choice|*move 4|*
|choice|*|*move 1
|choice|move encore|move spore
|
|move|p1a: Clefable|Encore|p2a: Amoonguss
|-start|p2a: Amoonguss|Encore
|move|p2a: Amoonguss|Hidden Power|p1a: Clefable
|-damage|p1a: Clefable|333\/393
|
|-heal|p1a: Clefable|357\/393|[from] item: Leftovers
|upkeep
|turn|9
|choice|*switch 4|*
|choice|*|*switch 6
|choice|switch 4|switch 6
|
|switch|p1a: Victini|Victini|341\/341
|switch|p2a: Clefable|Clefable, M|394\/394
|
|upkeep
|turn|10
|choice|*|*move 3
|choice|*move 4|*
|choice|move trick|move stealthrock
|
|move|p1a: Victini|Trick|p2a: Clefable
|-activate|p1a: Victini|move: Trick|[of] p2a: Clefable
|-item|p2a: Clefable|Choice Scarf|[from] move: Trick
|-item|p1a: Victini|Leftovers|[from] move: Trick
|move|p2a: Clefable|Stealth Rock|p1a: Victini
|-sidestart|p1: Flamita|move: Stealth Rock
|
|upkeep
|turn|11
|choice|*move 3|*
|choice|*|*switch 3
|choice|move uturn|switch 3
|
|switch|p2a: Latios|Latios, M|301\/301
|-damage|p2a: Latios|264\/301|[from] Stealth Rock
|move|p1a: Victini|U-turn|p2a: Latios
|-supereffective|p2a: Latios
|-damage|p2a: Latios|86\/301
|choice|*switch 5|*
|choice|switch 5|
|
|switch|p1a: Serperior|Serperior, F|210\/305|[from]move: U-turn
|-damage|p1a: Serperior|172\/305|[from] Stealth Rock
|
|-heal|p1a: Serperior|191\/305|[from] item: Leftovers
|upkeep
|turn|12
|choice|*move 1|*
|choice|*|*move 4 mega
|choice|move leafstorm|move recover mega
|
|-mega|p2a: Latios|Latios|Latiosite
|detailschange|p2a: Latios|Latios-Mega, M
|move|p1a: Serperior|Leaf Storm|p2a: Latios
|-resisted|p2a: Latios
|-crit|p2a: Latios
|-damage|p2a: Latios|0 fnt
|-boost|p1a: Serperior|spa|2
|faint|p2a: Latios
|
|-heal|p1a: Serperior|210\/305|[from] item: Leftovers
|upkeep
|choice|*|*switch 4
|choice||switch 4
|
|switch|p2a: Greninja|Greninja, M|285\/285
|-damage|p2a: Greninja|250\/285|[from] Stealth Rock
|turn|13
|choice|*move 1|*
|choice|*|*move 4
|choice|move leafstorm|move gunkshot
|
|move|p2a: Greninja|Gunk Shot|p1a: Serperior
|-supereffective|p1a: Serperior
|-damage|p1a: Serperior|0 fnt
|faint|p1a: Serperior
|-activate|p2a: Greninja|ability: Battle Bond
|detailschange|p2a: Greninja|Greninja-Ash, M
|
|upkeep
|choice|*switch 3|*
|choice|switch 3|
|
|switch|p1a: Zygarde|Zygarde|357\/357
|-damage|p1a: Zygarde|335\/357|[from] Stealth Rock
|-ability|p1a: Zygarde|Aura Break
|turn|14
|choice|*move 1|*
|choice|*|*switch 3
|choice|move dragondance|switch 3
|
|switch|p2a: Clefable|Clefable, M|394\/394
|move|p1a: Zygarde|Dragon Dance|p1a: Zygarde
|-boost|p1a: Zygarde|atk|1
|-boost|p1a: Zygarde|spe|1
|
|upkeep
|turn|15
|choice|*|*move 2
|choice|*move 2|*
|choice|move thousandarrows|move moonblast
|
|move|p1a: Zygarde|Thousand Arrows|p2a: Clefable
|-damage|p2a: Clefable|153\/394
|move|p2a: Clefable|Moonblast|p1a: Zygarde
|-supereffective|p1a: Zygarde
|-damage|p1a: Zygarde|105\/357
|-unboost|p1a: Zygarde|spa|1
|
|upkeep
|turn|16
|choice|*move 2|*
|choice|*|*move 2
|choice|move thousandarrows|move moonblast
|
|move|p1a: Zygarde|Thousand Arrows|p2a: Clefable
|-damage|p2a: Clefable|0 fnt
|faint|p2a: Clefable
|
|upkeep
|choice|*|*switch 2
|choice||switch 2
|
|switch|p2a: Kartana|Kartana|230\/259
|-damage|p2a: Kartana|214\/259|[from] Stealth Rock
|turn|17
|choice|*move 2|*
|choice|*|*move 2
|choice|move thousandarrows|move leafblade
|
|move|p2a: Kartana|Leaf Blade|p1a: Zygarde
|-damage|p1a: Zygarde|0 fnt
|faint|p1a: Zygarde
|-ability|p2a: Kartana|Beast Boost|boost
|-boost|p2a: Kartana|atk|1
|
|upkeep
|choice|*switch 5|*
|choice|switch 5|
|
|switch|p1a: Victini|Victini|341\/341
|-damage|p1a: Victini|256\/341|[from] Stealth Rock
|turn|18
|choice|*|*switch 6
|choice|*move 1|*
|choice|move vcreate|switch 6
|
|switch|p2a: Amoonguss|Amoonguss, F|431\/431 par
|-damage|p2a: Amoonguss|378\/431 par|[from] Stealth Rock
|move|p1a: Victini|V-create|p2a: Amoonguss
|-supereffective|p2a: Amoonguss
|-damage|p2a: Amoonguss|0 fnt
|-unboost|p1a: Victini|spe|1
|-unboost|p1a: Victini|def|1
|-unboost|p1a: Victini|spd|1
|faint|p2a: Amoonguss
|
|-heal|p1a: Victini|277\/341|[from] item: Leftovers
|upkeep
|choice|*|*switch 3
|choice||switch 3
|
|switch|p2a: Greninja|Greninja-Ash, M|250\/285
|-damage|p2a: Greninja|215\/285|[from] Stealth Rock
|turn|19
|choice|*|*move 2
|choice|*switch 4|*
|choice|switch 4|move waterfall
|
|switch|p1a: Clefable|Clefable, M|357\/393
|move|p2a: Greninja|Waterfall|p1a: Clefable
|-damage|p1a: Clefable|123\/393
|
|-heal|p1a: Clefable|147\/393|[from] item: Leftovers
|upkeep
|turn|20
|choice|*|*move 2
|choice|*move 3|*
|choice|move softboiled|move waterfall
|
|move|p2a: Greninja|Waterfall|p1a: Clefable
|-damage|p1a: Clefable|0 fnt
|faint|p1a: Clefable
|
|upkeep
|c|☆Choml!|jejox
|choice|*switch 6|*
|choice|switch 6|
|
|switch|p1a: Gyarados|Gyarados, M|331\/331
|-damage|p1a: Gyarados|249\/331|[from] Stealth Rock
|turn|21
|choice|*|*switch 6
|choice|*move 1|*
|choice|move dragondance|switch 6
|
|switch|p2a: Kartana|Kartana|214\/259
|-damage|p2a: Kartana|198\/259|[from] Stealth Rock
|move|p1a: Gyarados|Dragon Dance|p1a: Gyarados
|-boost|p1a: Gyarados|atk|1
|-boost|p1a: Gyarados|spe|1
|
|upkeep
|turn|22
|choice|*|*move 2
|choice|*move 1|*
|choice|move dragondance|move leafblade
|
|move|p2a: Kartana|Leaf Blade|p1a: Gyarados
|-damage|p1a: Gyarados|6\/331
|move|p1a: Gyarados|Dragon Dance|p1a: Gyarados
|-boost|p1a: Gyarados|atk|1
|-boost|p1a: Gyarados|spe|1
|
|upkeep
|turn|23
|choice|*|*move 2
|choice|*move 2 zmove|*
|choice|move bounce zmove|move leafblade
|
|-zpower|p1a: Gyarados
|move|p1a: Gyarados|Supersonic Skystrike|p2a: Kartana|[zeffect]
|-damage|p2a: Kartana|0 fnt
|faint|p2a: Kartana
|-ability|p1a: Gyarados|Moxie|boost
|-boost|p1a: Gyarados|atk|1
|
|upkeep
|c|☆Choml!|verga
|c|☆Choml!|k sed
|c|☆Choml!|rip gren band
|choice|*|*switch 6
|choice||switch 6
|
|switch|p2a: Greninja|Greninja-Ash, M|215\/285
|-damage|p2a: Greninja|180\/285|[from] Stealth Rock
|turn|24
|choice|*|*move 3
|choice|*move 2|*
|choice|move bounce|move nightslash
|
|move|p1a: Gyarados|Bounce|p2a: Greninja|[still]
|-prepare|p1a: Gyarados|Bounce|p2a: Greninja
|move|p2a: Greninja|Night Slash|p1a: Gyarados|[miss]
|-miss|p2a: Greninja|p1a: Gyarados
|
|upkeep
|turn|25
|choice|*move 1|*
|choice|*|*switch 5
|choice|move bounce|switch 5
|
|switch|p2a: Magnezone|Magnezone|281\/281
|-damage|p2a: Magnezone|264\/281|[from] Stealth Rock
|move|p1a: Gyarados|Bounce|p2a: Magnezone|[from]lockedmove
|-resisted|p2a: Magnezone
|-damage|p2a: Magnezone|187\/281
|
|upkeep
|turn|26
|choice|*move 3|*
|choice|*|*move 3
|choice|move waterfall|move flashcannon
|
|move|p1a: Gyarados|Waterfall|p2a: Magnezone
|-damage|p2a: Magnezone|0 fnt
|faint|p2a: Magnezone
|-ability|p1a: Gyarados|Moxie|boost
|-boost|p1a: Gyarados|atk|1
|
|upkeep
|choice|*|*switch 5
|choice||switch 5
|
|switch|p2a: Greninja|Greninja-Ash, M|180\/285
|-damage|p2a: Greninja|145\/285|[from] Stealth Rock
|turn|27
|choice|*|*move 3
|choice|*move 2|*
|choice|move bounce|move nightslash
|
|move|p1a: Gyarados|Bounce|p2a: Greninja|[still]
|-prepare|p1a: Gyarados|Bounce|p2a: Greninja
|move|p2a: Greninja|Night Slash|p1a: Gyarados|[miss]
|-miss|p2a: Greninja|p1a: Gyarados
|
|upkeep
|turn|28
|choice|*|*move 3
|choice|*move 1|*
|choice|move bounce|move nightslash
|
|move|p1a: Gyarados|Bounce|p2a: Greninja|[from]lockedmove|[miss]
|-miss|p1a: Gyarados|p2a: Greninja
|move|p2a: Greninja|Night Slash|p1a: Gyarados
|-damage|p1a: Gyarados|0 fnt
|faint|p1a: Gyarados
|
|upkeep
|choice|*switch 4|*
|choice|switch 4|
|
|switch|p1a: Victini|Victini|277\/341
|-damage|p1a: Victini|192\/341|[from] Stealth Rock
|turn|29
|c|☆Choml!|por pendejo
|c|☆Choml!|XD
|choice|*move 1|*
|choice|*|*move 3
|choice|move vcreate|move nightslash
|
|move|p2a: Greninja|Night Slash|p1a: Victini
|-supereffective|p1a: Victini
|-damage|p1a: Victini|0 fnt
|faint|p1a: Victini
|
|win|Choml!
</script>
</div>
<div class="battle-log battle-log-inline"><div class="inner"><div class="battle-options"></div><div class="inner"><div class=""><small>Format:</small> <br><strong>OU</strong></div><div class=""><small><em>Cláusula-Mod de Dormir:</em> solo puedes dormir a uno de tus oponentes a la vez.</small></div><div class=""><small><em>Cláusula de Especie:</em> Hasta un Pokémon de cada especie</small></div><div class=""><small><em>Cláusula de Golpe Fulminante:</em> los movimientos fulminantes (OHKO) estan prohibidos</small></div><div class=""><small><em>Cláusula de Veleta:</em> la habilidad Veleta está prohibida</small></div><div class=""><small><em>Cláusula de Movimientos Evasivos:</em> los movimientos de Evasión están prohibidos.</small></div><div class=""><small><em>Cláusula de Batallas Eternas:</em> forzar batallas eternas está prohibido</small></div><div class="chat battle-history"><strong>Flamita's team:</strong> <em style="color:#445566;display:block;">Zygarde / Serperior / Excadrill / Victini / Clefable / Gyarados</em></div><div class="chat battle-history"><strong>Choml!'s team:</strong> <em style="color:#445566;display:block;">Greninja / Amoonguss / Latios / Clefable / Magnezone / Kartana</em></div><div class="spacer battle-history"><br></div><div class="battle-history">Battle started between Flamita and Choml!!<br></div><div class="spacer battle-history"><br></div><div class="battle-history">Go! <strong>Excadrill</strong>!<br></div><div class="spacer battle-history"><br></div><div class="battle-history">Choml! sent out <strong>Clefable</strong>!<br></div><div class="battle-history"><small>[Excadrill's Mold Breaker]</small><br><small>Excadrill breaks the mold!</small><br></div><div class="spacer battle-history"><br></div><h2 class="battle-history">Turn 1</h2><div class="spacer battle-history"><br></div><div class="battle-history">Choml! withdrew Clefable!<br></div><div class="battle-history">Choml! sent out <strong>Kartana</strong>!<br></div><div class="spacer battle-history"><br></div><div class="battle-history">Excadrill used <strong>Stealth Rock</strong>!<br></div><div class="battle-history"><small>Pointed stones float in the air around the opposing team!</small><br></div><div class="spacer battle-history"><br></div><h2 class="battle-history">Turn 2</h2><div class="spacer battle-history"><br></div><div class="battle-history">The opposing Kartana used <strong>Leaf Blade</strong>!<br></div><div class="battle-history"><small>(Excadrill lost <abbr title="−297/361">82.3%</abbr> of its health!)</small><br></div><div class="spacer battle-history"><br></div><div class="battle-history">Excadrill used <strong>Rock Tomb</strong>!<br></div><div class="battle-history"><small>It's not very effective...</small><br></div><div class="battle-history"><small>(The opposing Kartana lost <abbr title="−29/259">11.2%</abbr> of its health!)</small><br></div><div class="battle-history"><small>The opposing Kartana's Speed fell!</small><br></div><div class="spacer battle-history"><br></div><h2 class="battle-history">Turn 3</h2><div class="spacer battle-history"><br></div><div class="battle-history">The opposing Kartana used <strong>Leaf Blade</strong>!<br></div><div class="battle-history"><small>A critical hit!</small><br></div><div class="battle-history"><small>(Excadrill lost <abbr title="−64/361">17.7%</abbr> of its health!)</small><br></div><div class="spacer battle-history"><br></div><div class="battle-history">Excadrill fainted!<br></div><div class="battle-history"><small>[The opposing Kartana's Beast Boost]</small><br></div><div class="battle-history"><small>The opposing Kartana's Attack rose!</small><br></div><div class="spacer battle-history"><br></div><div class="battle-history">Go! <strong>Serperior</strong>!<br></div><div class="spacer battle-history"><br></div><h2 class="battle-history">Turn 4</h2><div class="spacer battle-history"><br></div><div class="battle-history">Choml! withdrew Kartana!<br></div><div class="battle-history">Choml! sent out <strong>Amoonguss</strong>!<br></div><div class="battle-history"><small>Pointed stones dug into the opposing Amoonguss!</small><br></div><div class="spacer battle-history"><br></div><div class="battle-history">Serperior used <strong>Substitute</strong>!<br></div><div class="battle-history"><small>Serperior put in a substitute!</small><br></div><div class="battle-history"><small>(Serperior lost <abbr title="−76/305">24.9%</abbr> of its health!)</small><br></div><div class="spacer battle-history"><br></div><div class="battle-history"><small>Serperior restored a little HP using its Leftovers!</small><br></div><div class="battle-history"><small>The opposing Amoonguss restored a little HP using its Black Sludge!</small><br></div><div class="spacer battle-history"><br></div><h2 class="battle-history">Turn 5</h2><div class="spacer battle-history"><br></div><div class="battle-history">Serperior used <strong>Glare</strong>!<br></div><div class="battle-history"><small>The opposing Amoonguss is paralyzed! It may be unable to move!</small><br></div><div class="spacer battle-history"><br></div><div class="battle-history">The opposing Amoonguss used <strong>Hidden Power</strong>!<br></div><div class="battle-history"><small>It's super effective!</small><br></div><div class="battle-history"><small>Serperior's substitute faded!</small><br></div><div class="spacer battle-history"><br></div><div class="battle-history"><small>Serperior restored a little HP using its Leftovers!</small><br></div><div class="battle-history"><small>The opposing Amoonguss restored a little HP using its Black Sludge!</small><br></div><div class="spacer battle-history"><br></div><h2 class="battle-history">Turn 6</h2><div class="spacer battle-history"><br></div><div class="battle-history">Serperior used <strong>Substitute</strong>!<br></div><div class="battle-history"><small>Serperior put in a substitute!</small><br></div><div class="battle-history"><small>(Serperior lost <abbr title="−76/305">24.9%</abbr> of its health!)</small><br></div><div class="spacer battle-history"><br></div><div class="battle-history">The opposing Amoonguss used <strong>Hidden Power</strong>!<br></div><div class="battle-history"><small>It's super effective!</small><br></div><div class="battle-history"><small>Serperior's substitute faded!</small><br></div><div class="spacer battle-history"><br></div><div class="battle-history"><small>Serperior restored a little HP using its Leftovers!</small><br></div><div class="battle-history"><small>The opposing Amoonguss restored a little HP using its Black Sludge!</small><br></div><div class="spacer battle-history"><br></div><h2 class="battle-history">Turn 7</h2><div class="spacer battle-history"><br></div><div class="battle-history">Serperior, come back!<br></div><div class="battle-history">Go! <strong>Clefable</strong>!<br></div><div class="spacer battle-history"><br></div><div class="battle-history">The opposing Amoonguss used <strong>Hidden Power</strong>!<br></div><div class="battle-history"><small>(Clefable lost <abbr title="−43/393">10.9%</abbr> of its health!)</small><br></div><div class="spacer battle-history"><br></div><div class="battle-history"><small>Clefable restored a little HP using its Leftovers!</small><br></div><div class="spacer battle-history"><br></div><h2 class="battle-history">Turn 8</h2><div class="spacer battle-history"><br></div><div class="battle-history">Clefable used <strong>Encore</strong>!<br></div><div class="battle-history"><small>The opposing Amoonguss received an encore!</small><br></div><div class="spacer battle-history"><br></div><div class="battle-history">The opposing Amoonguss used <strong>Hidden Power</strong>!<br></div><div class="battle-history"><small>(Clefable lost <abbr title="−41/393">10.4%</abbr> of its health!)</small><br></div><div class="spacer battle-history"><br></div><div class="battle-history"><small>Clefable restored a little HP using its Leftovers!</small><br></div><div class="spacer battle-history"><br></div><h2 class="battle-history">Turn 9</h2><div class="spacer battle-history"><br></div><div class="battle-history">Clefable, come back!<br></div><div class="battle-history">Go! <strong>Victini</strong>!<br></div><div class="spacer battle-history"><br></div><div class="battle-history">Choml! withdrew Amoonguss!<br></div><div class="battle-history">Choml! sent out <strong>Clefable</strong>!<br></div><div class="spacer battle-history"><br></div><h2 class="battle-history">Turn 10</h2><div class="spacer battle-history"><br></div><div class="battle-history">Victini used <strong>Trick</strong>!<br></div><div class="battle-history"><small>Victini switched items with its target!</small><br></div><div class="battle-history"><small>The opposing Clefable obtained one Choice Scarf.</small><br></div><div class="battle-history"><small>Victini obtained one Leftovers.</small><br></div><div class="spacer battle-history"><br></div><div class="battle-history">The opposing Clefable used <strong>Stealth Rock</strong>!<br></div><div class="battle-history"><small>Pointed stones float in the air around your team!</small><br></div><div class="spacer battle-history"><br></div><h2 class="battle-history">Turn 11</h2><div class="spacer battle-history"><br></div><div class="battle-history">Choml! withdrew Clefable!<br></div><div class="battle-history">Choml! sent out <strong>Latios</strong>!<br></div><div class="battle-history"><small>Pointed stones dug into the opposing Latios!</small><br></div><div class="spacer battle-history"><br></div><div class="battle-history">Victini used <strong>U-turn</strong>!<br></div><div class="battle-history"><small>It's super effective!</small><br></div><div class="battle-history"><small>(The opposing Latios lost <abbr title="−178/301">59.1%</abbr> of its health!)</small><br></div><div class="spacer battle-history"><br></div><div class="battle-history">Victini went back to Flamita!<br></div><div class="battle-history">Go! <strong>Serperior</strong>!<br></div><div class="battle-history"><small>Pointed stones dug into Serperior!</small><br></div><div class="spacer battle-history"><br></div><div class="battle-history"><small>Serperior restored a little HP using its Leftovers!</small><br></div><div class="spacer battle-history"><br></div><h2 class="battle-history">Turn 12</h2><div class="spacer battle-history"><br></div><div class="battle-history"><small>The opposing Latios's Latiosite is reacting to the Key Stone!</small><br>The opposing Latios has Mega Evolved into Mega Latios!<br></div><div class="spacer battle-history"><br></div><div class="battle-history">Serperior used <strong>Leaf Storm</strong>!<br></div><div class="battle-history"><small>It's not very effective...</small><br></div><div class="battle-history"><small>A critical hit!</small><br></div><div class="battle-history"><small>(The opposing Latios lost <abbr title="−86/301">28.6%</abbr> of its health!)</small><br></div><div class="battle-history"><small>Serperior's Special Attack rose sharply!</small><br></div><div class="spacer battle-history"><br></div><div class="battle-history">The opposing Latios fainted!<br></div><div class="spacer battle-history"><br></div><div class="battle-history"><small>Serperior restored a little HP using its Leftovers!</small><br></div><div class="spacer battle-history"><br></div><div class="battle-history">Choml! sent out <strong>Greninja</strong>!<br></div><div class="battle-history"><small>Pointed stones dug into the opposing Greninja!</small><br></div><div class="spacer battle-history"><br></div><h2 class="battle-history">Turn 13</h2><div class="spacer battle-history"><br></div><div class="battle-history">The opposing Greninja used <strong>Gunk Shot</strong>!<br></div><div class="battle-history"><small>It's super effective!</small><br></div><div class="battle-history"><small>(Serperior lost <abbr title="−210/305">68.9%</abbr> of its health!)</small><br></div><div class="spacer battle-history"><br></div><div class="battle-history">Serperior fainted!<br></div><div class="battle-history"><small>[The opposing Greninja's Battle Bond]</small><br><small>The opposing Greninja became fully charged due to its bond with its Trainer!</small><br></div><div class="battle-history">The opposing Greninja became Ash-Greninja!<br></div><div class="spacer battle-history"><br></div><div class="battle-history">Go! <strong>Zygarde</strong>!<br></div><div class="battle-history"><small>Pointed stones dug into Zygarde!</small><br></div><div class="battle-history"><small>[Zygarde's Aura Break]</small><br><small>Zygarde reversed all other Pokémon's auras!</small><br></div><div class="spacer battle-history"><br></div><h2 class="battle-history">Turn 14</h2><div class="spacer battle-history"><br></div><div class="battle-history">Choml! withdrew Greninja!<br></div><div class="battle-history">Choml! sent out <strong>Clefable</strong>!<br></div><div class="spacer battle-history"><br></div><div class="battle-history">Zygarde used <strong>Dragon Dance</strong>!<br></div><div class="battle-history"><small>Zygarde's Attack rose!</small><br></div><div class="battle-history"><small>Zygarde's Speed rose!</small><br></div><div class="spacer battle-history"><br></div><h2 class="battle-history">Turn 15</h2><div class="spacer battle-history"><br></div><div class="battle-history">Zygarde used <strong>Thousand Arrows</strong>!<br></div><div class="battle-history"><small>(The opposing Clefable lost <abbr title="−241/394">61.2%</abbr> of its health!)</small><br></div><div class="spacer battle-history"><br></div><div class="battle-history">The opposing Clefable used <strong>Moonblast</strong>!<br></div><div class="battle-history"><small>It's super effective!</small><br></div><div class="battle-history"><small>(Zygarde lost <abbr title="−230/357">64.4%</abbr> of its health!)</small><br></div><div class="battle-history"><small>Zygarde's Special Attack fell!</small><br></div><div class="spacer battle-history"><br></div><h2 class="battle-history">Turn 16</h2><div class="spacer battle-history"><br></div><div class="battle-history">Zygarde used <strong>Thousand Arrows</strong>!<br></div><div class="battle-history"><small>(The opposing Clefable lost <abbr title="−153/394">38.8%</abbr> of its health!)</small><br></div><div class="spacer battle-history"><br></div><div class="battle-history">The opposing Clefable fainted!<br></div><div class="spacer battle-history"><br></div><div class="battle-history">Choml! sent out <strong>Kartana</strong>!<br></div><div class="battle-history"><small>Pointed stones dug into the opposing Kartana!</small><br></div><div class="spacer battle-history"><br></div><h2 class="battle-history">Turn 17</h2><div class="spacer battle-history"><br></div><div class="battle-history">The opposing Kartana used <strong>Leaf Blade</strong>!<br></div><div class="battle-history"><small>(Zygarde lost <abbr title="−105/357">29.4%</abbr> of its health!)</small><br></div><div class="spacer battle-history"><br></div><div class="battle-history">Zygarde fainted!<br></div><div class="battle-history"><small>[The opposing Kartana's Beast Boost]</small><br></div><div class="battle-history"><small>The opposing Kartana's Attack rose!</small><br></div><div class="spacer battle-history"><br></div><div class="battle-history">Go! <strong>Victini</strong>!<br></div><div class="battle-history"><small>Pointed stones dug into Victini!</small><br></div><div class="spacer battle-history"><br></div><h2 class="battle-history">Turn 18</h2><div class="spacer battle-history"><br></div><div class="battle-history">Choml! withdrew Kartana!<br></div><div class="battle-history">Choml! sent out <strong>Amoonguss</strong>!<br></div><div class="battle-history"><small>Pointed stones dug into the opposing Amoonguss!</small><br></div><div class="spacer battle-history"><br></div><div class="battle-history">Victini used <strong>V-create</strong>!<br></div><div class="battle-history"><small>It's super effective!</small><br></div><div class="battle-history"><small>(The opposing Amoonguss lost <abbr title="−378/431">87.7%</abbr> of its health!)</small><br></div><div class="battle-history"><small>Victini's Speed fell!</small><br></div><div class="battle-history"><small>Victini's Defense fell!</small><br></div><div class="battle-history"><small>Victini's Special Defense fell!</small><br></div><div class="spacer battle-history"><br></div><div class="battle-history">The opposing Amoonguss fainted!<br></div><div class="spacer battle-history"><br></div><div class="battle-history"><small>Victini restored a little HP using its Leftovers!</small><br></div><div class="spacer battle-history"><br></div><div class="battle-history">Choml! sent out Greninja (<strong>Greninja-Ash</strong>)!<br></div><div class="battle-history"><small>Pointed stones dug into the opposing Greninja!</small><br></div><div class="spacer battle-history"><br></div><h2 class="battle-history">Turn 19</h2><div class="spacer battle-history"><br></div><div class="battle-history">Victini, come back!<br></div><div class="battle-history">Go! <strong>Clefable</strong>!<br></div><div class="spacer battle-history"><br></div><div class="battle-history">The opposing Greninja used <strong>Waterfall</strong>!<br></div><div class="battle-history"><small>(Clefable lost <abbr title="−234/393">59.5%</abbr> of its health!)</small><br></div><div class="spacer battle-history"><br></div><div class="battle-history"><small>Clefable restored a little HP using its Leftovers!</small><br></div><div class="spacer battle-history"><br></div><h2 class="battle-history">Turn 20</h2><div class="spacer battle-history"><br></div><div class="battle-history">The opposing Greninja used <strong>Waterfall</strong>!<br></div><div class="battle-history"><small>(Clefable lost <abbr title="−147/393">37.4%</abbr> of its health!)</small><br></div><div class="spacer battle-history"><br></div><div class="battle-history">Clefable fainted!<br></div><div class="chat chatmessage-choml"><strong style="color:hsl(32,89%,33.91424806136928%)"><small>☆</small><span class="username" data-name="Choml!">Choml!</span>:</strong> <em>jejox</em></div><div class="spacer battle-history"><br></div><div class="battle-history">Go! <strong>Gyarados</strong>!<br></div><div class="battle-history"><small>Pointed stones dug into Gyarados!</small><br></div><div class="spacer battle-history"><br></div><h2 class="battle-history">Turn 21</h2><div class="spacer battle-history"><br></div><div class="battle-history">Choml! withdrew Greninja!<br></div><div class="battle-history">Choml! sent out <strong>Kartana</strong>!<br></div><div class="battle-history"><small>Pointed stones dug into the opposing Kartana!</small><br></div><div class="spacer battle-history"><br></div><div class="battle-history">Gyarados used <strong>Dragon Dance</strong>!<br></div><div class="battle-history"><small>Gyarados's Attack rose!</small><br></div><div class="battle-history"><small>Gyarados's Speed rose!</small><br></div><div class="spacer battle-history"><br></div><h2 class="battle-history">Turn 22</h2><div class="spacer battle-history"><br></div><div class="battle-history">The opposing Kartana used <strong>Leaf Blade</strong>!<br></div><div class="battle-history"><small>(Gyarados lost <abbr title="−243/331">73.4%</abbr> of its health!)</small><br></div><div class="spacer battle-history"><br></div><div class="battle-history">Gyarados used <strong>Dragon Dance</strong>!<br></div><div class="battle-history"><small>Gyarados's Attack rose!</small><br></div><div class="battle-history"><small>Gyarados's Speed rose!</small><br></div><div class="spacer battle-history"><br></div><h2 class="battle-history">Turn 23</h2><div class="spacer battle-history"><br></div><div class="battle-history"><small>Gyarados surrounded itself with its Z-Power!</small><br></div><div class="spacer battle-history"><br></div><div class="battle-history">Gyarados used <strong>Supersonic Skystrike</strong>!<br></div><div class="battle-history"><small>(The opposing Kartana lost <abbr title="−198/259">76.4%</abbr> of its health!)</small><br></div><div class="spacer battle-history"><br></div><div class="battle-history">The opposing Kartana fainted!<br></div><div class="battle-history"><small>[Gyarados's Moxie]</small><br></div><div class="battle-history"><small>Gyarados's Attack rose!</small><br></div><div class="chat chatmessage-choml"><strong style="color:hsl(32,89%,33.91424806136928%)"><small>☆</small><span class="username" data-name="Choml!">Choml!</span>:</strong> <em>verga</em></div><div class="chat chatmessage-choml"><strong style="color:hsl(32,89%,33.91424806136928%)"><small>☆</small><span class="username" data-name="Choml!">Choml!</span>:</strong> <em>k sed</em></div><div class="chat chatmessage-choml"><strong style="color:hsl(32,89%,33.91424806136928%)"><small>☆</small><span class="username" data-name="Choml!">Choml!</span>:</strong> <em>rip gren band</em></div><div class="spacer battle-history"><br></div><div class="battle-history">Choml! sent out Greninja (<strong>Greninja-Ash</strong>)!<br></div><div class="battle-history"><small>Pointed stones dug into the opposing Greninja!</small><br></div><div class="spacer battle-history"><br></div><h2 class="battle-history">Turn 24</h2><div class="spacer battle-history"><br></div><div class="battle-history">Gyarados used <strong>Bounce</strong>!<br></div><div class="battle-history">Gyarados sprang up!<br></div><div class="spacer battle-history"><br></div><div class="battle-history">The opposing Greninja used <strong>Night Slash</strong>!<br></div><div class="battle-history"><small>Gyarados avoided the attack!</small><br></div><div class="spacer battle-history"><br></div><h2 class="battle-history">Turn 25</h2><div class="spacer battle-history"><br></div><div class="battle-history">Choml! withdrew Greninja!<br></div><div class="battle-history">Choml! sent out <strong>Magnezone</strong>!<br></div><div class="battle-history"><small>Pointed stones dug into the opposing Magnezone!</small><br></div><div class="spacer battle-history"><br></div><div class="battle-history">Gyarados used <strong>Bounce</strong>!<br></div><div class="battle-history"><small>It's not very effective...</small><br></div><div class="battle-history"><small>(The opposing Magnezone lost <abbr title="−77/281">27.4%</abbr> of its health!)</small><br></div><div class="spacer battle-history"><br></div><h2 class="battle-history">Turn 26</h2><div class="spacer battle-history"><br></div><div class="battle-history">Gyarados used <strong>Waterfall</strong>!<br></div><div class="battle-history"><small>(The opposing Magnezone lost <abbr title="−187/281">66.5%</abbr> of its health!)</small><br></div><div class="spacer battle-history"><br></div><div class="battle-history">The opposing Magnezone fainted!<br></div><div class="battle-history"><small>[Gyarados's Moxie]</small><br></div><div class="battle-history"><small>Gyarados's Attack rose!</small><br></div><div class="spacer battle-history"><br></div><div class="battle-history">Choml! sent out Greninja (<strong>Greninja-Ash</strong>)!<br></div><div class="battle-history"><small>Pointed stones dug into the opposing Greninja!</small><br></div><div class="spacer battle-history"><br></div><h2 class="battle-history">Turn 27</h2><div class="spacer battle-history"><br></div><div class="battle-history">Gyarados used <strong>Bounce</strong>!<br></div><div class="battle-history">Gyarados sprang up!<br></div><div class="spacer battle-history"><br></div><div class="battle-history">The opposing Greninja used <strong>Night Slash</strong>!<br></div><div class="battle-history"><small>Gyarados avoided the attack!</small><br></div><div class="spacer battle-history"><br></div><h2 class="battle-history">Turn 28</h2><div class="spacer battle-history"><br></div><div class="battle-history">Gyarados used <strong>Bounce</strong>!<br></div><div class="battle-history"><small>The opposing Greninja avoided the attack!</small><br></div><div class="spacer battle-history"><br></div><div class="battle-history">The opposing Greninja used <strong>Night Slash</strong>!<br></div><div class="battle-history"><small>(Gyarados lost <abbr title="−6/331">1.8%</abbr> of its health!)</small><br></div><div class="spacer battle-history"><br></div><div class="battle-history">Gyarados fainted!<br></div><div class="spacer battle-history"><br></div><div class="battle-history">Go! <strong>Victini</strong>!<br></div><div class="battle-history"><small>Pointed stones dug into Victini!</small><br></div><div class="spacer battle-history"><br></div><h2 class="battle-history">Turn 29</h2><div class="chat chatmessage-choml"><strong style="color:hsl(32,89%,33.91424806136928%)"><small>☆</small><span class="username" data-name="Choml!">Choml!</span>:</strong> <em>por pendejo</em></div><div class="chat chatmessage-choml"><strong style="color:hsl(32,89%,33.91424806136928%)"><small>☆</small><span class="username" data-name="Choml!">Choml!</span>:</strong> <em>XD</em></div><div class="spacer battle-history"><br></div><div class="battle-history">The opposing Greninja used <strong>Night Slash</strong>!<br></div><div class="battle-history"><small>It's super effective!</small><br></div><div class="battle-history"><small>(Victini lost <abbr title="−192/341">56.3%</abbr> of its health!)</small><br></div><div class="spacer battle-history"><br></div><div class="battle-history">Victini fainted!<br></div><div class="spacer battle-history"><br></div><div class="battle-history"><strong>Choml!</strong> won the battle!<br></div></div><div class="inner-preempt"></div></div></div>
</div>
<script>
let daily = Math.floor(Date.now()/1000/60/60/24);document.write('<script src="https://play.pokemonshowdown.com/js/replay-embed.js?version'+daily+'"></'+'script>');
</script>
