<!DOCTYPE html>
<meta charset="utf-8" />
<!-- version 1 -->
<title>OU replay: jeffrymeretle vs. Dark Sonic Z</title>
<style>
html,body {font-family:Verdana, sans-serif;font-size:10pt;margin:0;padding:0;}body{padding:12px 0;} .battle-log {font-family:Verdana, sans-serif;font-size:10pt;} .battle-log-inline {border:1px solid #AAAAAA;background:#EEF2F5;color:black;max-width:640px;margin:0 auto 80px;padding-bottom:5px;} .battle-log .inner {padding:4px 8px 0px 8px;} .battle-log .inner-preempt {padding:0 8px 4px 8px;} .battle-log .inner-after {margin-top:0.5em;} .battle-log h2 {margin:0.5em -8px;padding:4px 8px;border:1px solid #AAAAAA;background:#E0E7EA;border-left:0;border-right:0;font-family:Verdana, sans-serif;font-size:13pt;} .battle-log .chat {vertical-align:middle;padding:3px 0 3px 0;font-size:8pt;} .battle-log .chat strong {color:#40576A;} .battle-log .chat em {padding:1px 4px 1px 3px;color:#000000;font-style:normal;} .chat.mine {background:rgba(0,0,0,0.05);margin-left:-8px;margin-right:-8px;padding-left:8px;padding-right:8px;} .spoiler {color:#BBBBBB;background:#BBBBBB;padding:0px 3px;} .spoiler:hover, .spoiler:active, .spoiler-shown {color:#000000;background:#E2E2E2;padding:0px 3px;} .spoiler a {color:#BBBBBB;} .spoiler:hover a, .spoiler:active a, .spoiler-shown a {color:#2288CC;} .chat code, .chat .spoiler:hover code, .chat .spoiler:active code, .chat .spoiler-shown code {border:1px solid #C0C0C0;background:#EEEEEE;color:black;padding:0 2px;} .chat .spoiler code {border:1px solid #CCCCCC;background:#CCCCCC;color:#CCCCCC;} .battle-log .rated {padding:3px 4px;} .battle-log .rated strong {color:white;background:#89A;padding:1px 4px;border-radius:4px;} .spacer {margin-top:0.5em;} .message-announce {background:#6688AA;color:white;padding:1px 4px 2px;} .message-announce a, .broadcast-green a, .broadcast-blue a, .broadcast-red a {color:#DDEEFF;} .broadcast-green {background-color:#559955;color:white;padding:2px 4px;} .broadcast-blue {background-color:#6688AA;color:white;padding:2px 4px;} .infobox {border:1px solid #6688AA;padding:2px 4px;} .infobox-limited {max-height:200px;overflow:auto;overflow-x:hidden;} .broadcast-red {background-color:#AA5544;color:white;padding:2px 4px;} .message-learn-canlearn {font-weight:bold;color:#228822;text-decoration:underline;} .message-learn-cannotlearn {font-weight:bold;color:#CC2222;text-decoration:underline;} .message-effect-weak {font-weight:bold;color:#CC2222;} .message-effect-resist {font-weight:bold;color:#6688AA;} .message-effect-immune {font-weight:bold;color:#666666;} .message-learn-list {margin-top:0;margin-bottom:0;} .message-throttle-notice, .message-error {color:#992222;} .message-overflow, .chat small.message-overflow {font-size:0pt;} .message-overflow::before {font-size:9pt;content:'...';} .subtle {color:#3A4A66;}
</style>
<div class="wrapper replay-wrapper" style="max-width:1180px;margin:0 auto">
<input type="hidden" name="replayid" value="destiny-ou-505393" />
<div class="battle"></div><div class="battle-log"></div><div class="replay-controls"></div><div class="replay-controls-2"></div>
<h1 style="font-weight:normal;text-align:center"><strong>OU</strong><br /><a href="http://pokemonshowdown.com/users/jeffrymeretle" class="subtle" target="_blank">jeffrymeretle</a> vs. <a href="http://pokemonshowdown.com/users/darksonicz" class="subtle" target="_blank">Dark Sonic Z</a></h1>
<script type="text/plain" class="battle-log-data">|player|p1|jeffrymeretle|265
|teamsize|p1|6
|player|p2|Dark Sonic Z|darksonicz-4.gif?872ce216
|teamsize|p2|6
|teamsize|p1|6
|teamsize|p2|6
|gametype|singles
|gen|7
|tier|OU
|rated
|seed|388,30279,36950,23818
|rule|Cláusula-Mod de Dormir: solo puedes dormir a uno de tus oponentes a la vez.
|rule|Cláusula de Especie: Hasta un Pokémon de cada especie
|rule|Cláusula de Golpe Fulminante: los movimientos fulminantes (OHKO) estan prohibidos
|rule|Cláusula de Veleta: la habilidad Veleta está prohibida
|rule|Cláusula de Movimientos Evasivos: los movimientos de Evasión están prohibidos.
|rule|Cláusula de Batallas Eternas: forzar batallas eternas está prohibido
|clearpoke
|poke|p1|Greninja, M|item
|poke|p1|Scizor, M|item
|poke|p1|Clefable, M|item
|poke|p1|Toxapex, M|item
|poke|p1|Latios, M|item
|poke|p1|Tapu Koko|item
|poke|p2|Swampert, M|item
|poke|p2|Pelipper, F|item
|poke|p2|Tapu Bulu|item
|poke|p2|Chansey, F|item
|poke|p2|Tapu Koko|item
|poke|p2|Kingdra, M|item
|teampreview|undefined
|choice|*team 623451|*
|choice|*|*team 523416
|choice|team 6, 2, 3, 4, 5, 1|team 5, 2, 3, 4, 1, 6
|
|start
|switch|p1a: Tapu Koko|Tapu Koko|281\/281
|switch|p2a: Tapu Koko|Tapu Koko|282\/282
|-fieldstart|move: Electric Terrain|[from] ability: Electric Surge|[of] p1a: Tapu Koko
|turn|1
|choice|*|*move 3
|choice|*move 4|*
|choice|move naturesmadness|move uturn
|
|move|p1a: Tapu Koko|Nature's Madness|p2a: Tapu Koko
|-damage|p2a: Tapu Koko|141\/282
|move|p2a: Tapu Koko|U-turn|p1a: Tapu Koko
|-resisted|p1a: Tapu Koko
|-damage|p1a: Tapu Koko|252\/281
|choice|*|*switch 5
|choice||switch 5
|
|switch|p2a: Swampert|Swampert, M|341\/341|[from]move: U-turn
|
|upkeep
|turn|2
|choice|*|*move 3 mega
|choice|*|*switch 5
|choice|*move 3|*
|choice|move uturn|switch 5
|
|switch|p2a: Tapu Koko|Tapu Koko|141\/282
|move|p1a: Tapu Koko|U-turn|p2a: Tapu Koko
|-resisted|p2a: Tapu Koko
|-damage|p2a: Tapu Koko|99\/282
|choice|*switch 3|*
|choice|switch 3|
|
|switch|p1a: Clefable|Clefable, M|394\/394|[from]move: U-turn
|-enditem|p1a: Clefable|Electric Seed
|-boost|p1a: Clefable|def|1
|
|upkeep
|turn|3
|choice|*move 3|*
|choice|*|*move 1
|choice|move cosmicpower|move roost
|
|move|p2a: Tapu Koko|Roost|p2a: Tapu Koko
|-heal|p2a: Tapu Koko|240\/282
|move|p1a: Clefable|Cosmic Power|p1a: Clefable
|-boost|p1a: Clefable|def|1
|-boost|p1a: Clefable|spd|1
|
|upkeep
|turn|4
|choice|*|*move 3
|choice|*move 3|*
|choice|move cosmicpower|move uturn
|
|move|p2a: Tapu Koko|U-turn|p1a: Clefable
|-resisted|p1a: Clefable
|-damage|p1a: Clefable|381\/394
|choice|*|*switch 3
|choice||switch 3
|
|switch|p2a: Tapu Bulu|Tapu Bulu|281\/281|[from]move: U-turn
|-fieldstart|move: Grassy Terrain|[from] ability: Grassy Surge|[of] p2a: Tapu Bulu
|move|p1a: Clefable|Cosmic Power|p1a: Clefable
|-boost|p1a: Clefable|def|1
|-boost|p1a: Clefable|spd|1
|
|-heal|p1a: Clefable|394\/394|[from] Grassy Terrain
|upkeep
|turn|5
|choice|*|*move 1
|choice|*move 3|*
|choice|move cosmicpower|move swordsdance
|
|move|p2a: Tapu Bulu|Swords Dance|p2a: Tapu Bulu
|-boost|p2a: Tapu Bulu|atk|2
|move|p1a: Clefable|Cosmic Power|p1a: Clefable
|-boost|p1a: Clefable|def|1
|-boost|p1a: Clefable|spd|1
|
|upkeep
|turn|6
|choice|*|*move 1
|choice|*move 2|*
|choice|move storedpower|move swordsdance
|
|move|p2a: Tapu Bulu|Swords Dance|p2a: Tapu Bulu
|-boost|p2a: Tapu Bulu|atk|2
|move|p1a: Clefable|Stored Power|p2a: Tapu Bulu
|-damage|p2a: Tapu Bulu|159\/281
|
|-heal|p2a: Tapu Bulu|176\/281|[from] Grassy Terrain
|upkeep
|turn|7
|choice|*|*move 3
|choice|*move 2|*
|choice|move storedpower|move hornleech
|
|move|p2a: Tapu Bulu|Horn Leech|p1a: Clefable
|-damage|p1a: Clefable|208\/394
|-heal|p2a: Tapu Bulu|269\/281|[from] drain|[of] p1a: Clefable
|move|p1a: Clefable|Stored Power|p2a: Tapu Bulu
|-damage|p2a: Tapu Bulu|147\/281
|
|-heal|p2a: Tapu Bulu|164\/281|[from] Grassy Terrain
|-heal|p1a: Clefable|232\/394|[from] Grassy Terrain
|upkeep
|turn|8
|choice|*|*move 3
|choice|*move 3|*
|choice|move cosmicpower|move hornleech
|
|move|p2a: Tapu Bulu|Horn Leech|p1a: Clefable
|-damage|p1a: Clefable|54\/394
|-heal|p2a: Tapu Bulu|253\/281|[from] drain|[of] p1a: Clefable
|move|p1a: Clefable|Cosmic Power|p1a: Clefable
|-boost|p1a: Clefable|def|1
|-boost|p1a: Clefable|spd|1
|
|-heal|p2a: Tapu Bulu|270\/281|[from] Grassy Terrain
|-heal|p1a: Clefable|78\/394|[from] Grassy Terrain
|-fieldend|move: Grassy Terrain
|upkeep
|turn|9
|choice|*|*move 3
|choice|*move 4|*
|choice|move softboiled|move hornleech
|
|move|p2a: Tapu Bulu|Horn Leech|p1a: Clefable
|-damage|p1a: Clefable|0 fnt
|-heal|p2a: Tapu Bulu|281\/281|[from] drain|[of] p1a: Clefable
|faint|p1a: Clefable
|
|upkeep
|choice|*switch 3|*
|choice|switch 3|
|
|switch|p1a: Tapu Koko|Tapu Koko|252\/281
|-fieldstart|move: Electric Terrain|[from] ability: Electric Surge|[of] p1a: Tapu Koko
|turn|10
|choice|*move 2|*
|choice|*|*move 3
|choice|move bravebird|move hornleech
|
|move|p1a: Tapu Koko|Brave Bird|p2a: Tapu Bulu
|-supereffective|p2a: Tapu Bulu
|-damage|p2a: Tapu Bulu|67\/281
|-damage|p1a: Tapu Koko|181\/281|[from] recoil
|move|p2a: Tapu Bulu|Horn Leech|p1a: Tapu Koko
|-damage|p1a: Tapu Koko|0 fnt
|-heal|p2a: Tapu Bulu|158\/281|[from] drain|[of] p1a: Tapu Koko
|faint|p1a: Tapu Koko
|
|upkeep
|choice|*switch 2|*
|choice|switch 2|
|
|switch|p1a: Scizor|Scizor, M|339\/339
|turn|11
|choice|*|*move 4 zmove
|choice|*move 1 mega|*
|choice|move swordsdance mega|move stoneedge zmove
|
|-mega|p1a: Scizor|Scizor|Scizorite
|detailschange|p1a: Scizor|Scizor-Mega, M
|-zpower|p2a: Tapu Bulu
|move|p2a: Tapu Bulu|Continental Crush|p1a: Scizor|[zeffect]
|-damage|p1a: Scizor|0 fnt
|faint|p1a: Scizor
|
|upkeep
|choice|*switch 6|*
|choice|switch 6|
|
|switch|p1a: Greninja|Greninja, M|285\/285
|turn|12
|choice|*|*move 3
|choice|*move 2|*
|choice|move darkpulse|move hornleech
|
|move|p1a: Greninja|Dark Pulse|p2a: Tapu Bulu
|-resisted|p2a: Tapu Bulu
|-damage|p2a: Tapu Bulu|59\/281
|move|p2a: Tapu Bulu|Horn Leech|p1a: Greninja
|-supereffective|p1a: Greninja
|-damage|p1a: Greninja|0 fnt
|-heal|p2a: Tapu Bulu|202\/281|[from] drain|[of] p1a: Greninja
|faint|p1a: Greninja
|
|upkeep
|choice|*switch 5|*
|choice|switch 5|
|
|switch|p1a: Latios|Latios, M|301\/301
|turn|13
|choice|*|*move 3
|choice|*move 2|*
|choice|move psyshock|move hornleech
|
|move|p1a: Latios|Psyshock|p2a: Tapu Bulu
|-damage|p2a: Tapu Bulu|82\/281
|move|p2a: Tapu Bulu|Horn Leech|p1a: Latios
|-resisted|p1a: Latios
|-damage|p1a: Latios|43\/301
|-heal|p2a: Tapu Bulu|211\/281|[from] drain|[of] p1a: Latios
|
|upkeep
|turn|14
|choice|*|*move 3
|choice|*move 2|*
|choice|move psyshock|move hornleech
|
|move|p1a: Latios|Psyshock|p2a: Tapu Bulu
|-damage|p2a: Tapu Bulu|81\/281
|move|p2a: Tapu Bulu|Horn Leech|p1a: Latios
|-resisted|p1a: Latios
|-crit|p1a: Latios
|-damage|p1a: Latios|0 fnt
|-heal|p2a: Tapu Bulu|103\/281|[from] drain|[of] p1a: Latios
|faint|p1a: Latios
|
|-fieldend|move: Electric Terrain
|upkeep
|-message|jeffrymeretle se rindió.
|
|win|Dark Sonic Z
Dark Sonic Z ha ganado 8 PokeDolares.
|raw|Puntaje de jeffrymeretle: 1163 &rarr; <strong>1158<\/strong><br \/>(-5 por perder)
|raw|Puntaje de Dark Sonic Z: 1532 &rarr; <strong>1536<\/strong><br \/>(+4 por ganar)
</script>
</div>
<div class="battle-log battle-log-inline"><div class="inner"><div class="battle-options"></div><div class="inner"><div class=""><small>Format:</small> <br><strong>OU</strong></div><div class="rated"><strong>Rated battle</strong></div><div class=""><small><em>Cláusula-Mod de Dormir:</em> solo puedes dormir a uno de tus oponentes a la vez.</small></div><div class=""><small><em>Cláusula de Especie:</em> Hasta un Pokémon de cada especie</small></div><div class=""><small><em>Cláusula de Golpe Fulminante:</em> los movimientos fulminantes (OHKO) estan prohibidos</small></div><div class=""><small><em>Cláusula de Veleta:</em> la habilidad Veleta está prohibida</small></div><div class=""><small><em>Cláusula de Movimientos Evasivos:</em> los movimientos de Evasión están prohibidos.</small></div><div class=""><small><em>Cláusula de Batallas Eternas:</em> forzar batallas eternas está prohibido</small></div><div class="chat battle-history"><strong>jeffrymeretle's team:</strong> <em style="color:#445566;display:block;">Greninja / Scizor / Clefable / Toxapex / Latios / Tapu Koko</em></div><div class="chat battle-history"><strong>Dark Sonic Z's team:</strong> <em style="color:#445566;display:block;">Swampert / Pelipper / Tapu Bulu / Chansey / Tapu Koko / Kingdra</em></div><div class="spacer battle-history"><br></div><div class="battle-history">Battle started between jeffrymeretle and Dark Sonic Z!<br></div><div class="spacer battle-history"><br></div><div class="battle-history">Go! <strong>Tapu Koko</strong>!<br></div><div class="spacer battle-history"><br></div><div class="battle-history">Dark Sonic Z sent out <strong>Tapu Koko</strong>!<br></div><div class="battle-history"><small>[Tapu Koko's Electric Surge]</small><br><small>An electric current runs across the battlefield!</small><br></div><div class="spacer battle-history"><br></div><h2 class="battle-history">Turn 1</h2><div class="spacer battle-history"><br></div><div class="battle-history">Tapu Koko used <strong>Nature's Madness</strong>!<br></div><div class="battle-history"><small>(The opposing Tapu Koko lost <abbr title="−141/282">50%</abbr> of its health!)</small><br></div><div class="spacer battle-history"><br></div><div class="battle-history">The opposing Tapu Koko used <strong>U-turn</strong>!<br></div><div class="battle-history"><small>It's not very effective...</small><br></div><div class="battle-history"><small>(Tapu Koko lost <abbr title="−29/281">10.3%</abbr> of its health!)</small><br></div><div class="spacer battle-history"><br></div><div class="battle-history">The opposing Tapu Koko went back to Dark Sonic Z!<br></div><div class="battle-history">Dark Sonic Z sent out <strong>Swampert</strong>!<br></div><div class="spacer battle-history"><br></div><h2 class="battle-history">Turn 2</h2><div class="spacer battle-history"><br></div><div class="battle-history">Dark Sonic Z withdrew Swampert!<br></div><div class="battle-history">Dark Sonic Z sent out <strong>Tapu Koko</strong>!<br></div><div class="spacer battle-history"><br></div><div class="battle-history">Tapu Koko used <strong>U-turn</strong>!<br></div><div class="battle-history"><small>It's not very effective...</small><br></div><div class="battle-history"><small>(The opposing Tapu Koko lost <abbr title="−42/282">14.9%</abbr> of its health!)</small><br></div><div class="spacer battle-history"><br></div><div class="battle-history">Tapu Koko went back to jeffrymeretle!<br></div><div class="battle-history">Go! <strong>Clefable</strong>!<br></div><div class="battle-history"><small>(Clefable used its Electric Seed!)</small><br></div><div class="battle-history"><small>Clefable's Defense rose!</small><br></div><div class="spacer battle-history"><br></div><h2 class="battle-history">Turn 3</h2><div class="spacer battle-history"><br></div><div class="battle-history">The opposing Tapu Koko used <strong>Roost</strong>!<br></div><div class="battle-history"><small>The opposing Tapu Koko restored its HP.</small><br></div><div class="spacer battle-history"><br></div><div class="battle-history">Clefable used <strong>Cosmic Power</strong>!<br></div><div class="battle-history"><small>Clefable's Defense rose!</small><br></div><div class="battle-history"><small>Clefable's Special Defense rose!</small><br></div><div class="spacer battle-history"><br></div><h2 class="battle-history">Turn 4</h2><div class="spacer battle-history"><br></div><div class="battle-history">The opposing Tapu Koko used <strong>U-turn</strong>!<br></div><div class="battle-history"><small>It's not very effective...</small><br></div><div class="battle-history"><small>(Clefable lost <abbr title="−13/394">3.3%</abbr> of its health!)</small><br></div><div class="spacer battle-history"><br></div><div class="battle-history">The opposing Tapu Koko went back to Dark Sonic Z!<br></div><div class="battle-history">Dark Sonic Z sent out <strong>Tapu Bulu</strong>!<br></div><div class="battle-history"><small>[The opposing Tapu Bulu's Grassy Surge]</small><br><small>Grass grew to cover the battlefield!</small><br></div><div class="spacer battle-history"><br></div><div class="battle-history">Clefable used <strong>Cosmic Power</strong>!<br></div><div class="battle-history"><small>Clefable's Defense rose!</small><br></div><div class="battle-history"><small>Clefable's Special Defense rose!</small><br></div><div class="spacer battle-history"><br></div><div class="battle-history"><small>Clefable restored HP using its Grassy Terrain!</small><br></div><div class="spacer battle-history"><br></div><h2 class="battle-history">Turn 5</h2><div class="spacer battle-history"><br></div><div class="battle-history">The opposing Tapu Bulu used <strong>Swords Dance</strong>!<br></div><div class="battle-history"><small>The opposing Tapu Bulu's Attack rose sharply!</small><br></div><div class="spacer battle-history"><br></div><div class="battle-history">Clefable used <strong>Cosmic Power</strong>!<br></div><div class="battle-history"><small>Clefable's Defense rose!</small><br></div><div class="battle-history"><small>Clefable's Special Defense rose!</small><br></div><div class="spacer battle-history"><br></div><h2 class="battle-history">Turn 6</h2><div class="spacer battle-history"><br></div><div class="battle-history">The opposing Tapu Bulu used <strong>Swords Dance</strong>!<br></div><div class="battle-history"><small>The opposing Tapu Bulu's Attack rose sharply!</small><br></div><div class="spacer battle-history"><br></div><div class="battle-history">Clefable used <strong>Stored Power</strong>!<br></div><div class="battle-history"><small>(The opposing Tapu Bulu lost <abbr title="−122/281">43.4%</abbr> of its health!)</small><br></div><div class="spacer battle-history"><br></div><div class="battle-history"><small>The opposing Tapu Bulu restored HP using its Grassy Terrain!</small><br></div><div class="spacer battle-history"><br></div><h2 class="battle-history">Turn 7</h2><div class="spacer battle-history"><br></div><div class="battle-history">The opposing Tapu Bulu used <strong>Horn Leech</strong>!<br></div><div class="battle-history"><small>(Clefable lost <abbr title="−186/394">47.2%</abbr> of its health!)</small><br></div><div class="battle-history"><small>Clefable had its energy drained!</small><br></div><div class="spacer battle-history"><br></div><div class="battle-history">Clefable used <strong>Stored Power</strong>!<br></div><div class="battle-history"><small>(The opposing Tapu Bulu lost <abbr title="−122/281">43.4%</abbr> of its health!)</small><br></div><div class="spacer battle-history"><br></div><div class="battle-history"><small>The opposing Tapu Bulu restored HP using its Grassy Terrain!</small><br></div><div class="battle-history"><small>Clefable restored HP using its Grassy Terrain!</small><br></div><div class="spacer battle-history"><br></div><h2 class="battle-history">Turn 8</h2><div class="spacer battle-history"><br></div><div class="battle-history">The opposing Tapu Bulu used <strong>Horn Leech</strong>!<br></div><div class="battle-history"><small>(Clefable lost <abbr title="−178/394">45.2%</abbr> of its health!)</small><br></div><div class="battle-history"><small>Clefable had its energy drained!</small><br></div><div class="spacer battle-history"><br></div><div class="battle-history">Clefable used <strong>Cosmic Power</strong>!<br></div><div class="battle-history"><small>Clefable's Defense rose!</small><br></div><div class="battle-history"><small>Clefable's Special Defense rose!</small><br></div><div class="spacer battle-history"><br></div><div class="battle-history"><small>The opposing Tapu Bulu restored HP using its Grassy Terrain!</small><br></div><div class="battle-history"><small>Clefable restored HP using its Grassy Terrain!</small><br></div><div class="battle-history"><small>The grass disappeared from the battlefield.</small><br></div><div class="spacer battle-history"><br></div><h2 class="battle-history">Turn 9</h2><div class="spacer battle-history"><br></div><div class="battle-history">The opposing Tapu Bulu used <strong>Horn Leech</strong>!<br></div><div class="battle-history"><small>(Clefable lost <abbr title="−78/394">19.8%</abbr> of its health!)</small><br></div><div class="battle-history"><small>Clefable had its energy drained!</small><br></div><div class="spacer battle-history"><br></div><div class="battle-history">Clefable fainted!<br></div><div class="spacer battle-history"><br></div><div class="battle-history">Go! <strong>Tapu Koko</strong>!<br></div><div class="battle-history"><small>[Tapu Koko's Electric Surge]</small><br><small>An electric current runs across the battlefield!</small><br></div><div class="spacer battle-history"><br></div><h2 class="battle-history">Turn 10</h2><div class="spacer battle-history"><br></div><div class="battle-history">Tapu Koko used <strong>Brave Bird</strong>!<br></div><div class="battle-history"><small>It's super effective!</small><br></div><div class="battle-history"><small>(The opposing Tapu Bulu lost <abbr title="−214/281">76.2%</abbr> of its health!)</small><br></div><div class="battle-history"><small>Tapu Koko is damaged by the recoil!</small><br></div><div class="spacer battle-history"><br></div><div class="battle-history">The opposing Tapu Bulu used <strong>Horn Leech</strong>!<br></div><div class="battle-history"><small>(Tapu Koko lost <abbr title="−181/281">64.4%</abbr> of its health!)</small><br></div><div class="battle-history"><small>Tapu Koko had its energy drained!</small><br></div><div class="spacer battle-history"><br></div><div class="battle-history">Tapu Koko fainted!<br></div><div class="spacer battle-history"><br></div><div class="battle-history">Go! <strong>Scizor</strong>!<br></div><div class="spacer battle-history"><br></div><h2 class="battle-history">Turn 11</h2><div class="spacer battle-history"><br></div><div class="battle-history"><small>Scizor's Scizorite is reacting to the Key Stone!</small><br>Scizor has Mega Evolved into Mega Scizor!<br></div><div class="battle-history"><small>The opposing Tapu Bulu surrounded itself with its Z-Power!</small><br></div><div class="spacer battle-history"><br></div><div class="battle-history">The opposing Tapu Bulu used <strong>Continental Crush</strong>!<br></div><div class="battle-history"><small>(Scizor lost <abbr title="−339/339">100%</abbr> of its health!)</small><br></div><div class="spacer battle-history"><br></div><div class="battle-history">Scizor fainted!<br></div><div class="spacer battle-history"><br></div><div class="battle-history">Go! <strong>Greninja</strong>!<br></div><div class="spacer battle-history"><br></div><h2 class="battle-history">Turn 12</h2><div class="spacer battle-history"><br></div><div class="battle-history">Greninja used <strong>Dark Pulse</strong>!<br></div><div class="battle-history"><small>It's not very effective...</small><br></div><div class="battle-history"><small>(The opposing Tapu Bulu lost <abbr title="−99/281">35.2%</abbr> of its health!)</small><br></div><div class="spacer battle-history"><br></div><div class="battle-history">The opposing Tapu Bulu used <strong>Horn Leech</strong>!<br></div><div class="battle-history"><small>It's super effective!</small><br></div><div class="battle-history"><small>(Greninja lost <abbr title="−285/285">100%</abbr> of its health!)</small><br></div><div class="battle-history"><small>Greninja had its energy drained!</small><br></div><div class="spacer battle-history"><br></div><div class="battle-history">Greninja fainted!<br></div><div class="spacer battle-history"><br></div><div class="battle-history">Go! <strong>Latios</strong>!<br></div><div class="spacer battle-history"><br></div><h2 class="battle-history">Turn 13</h2><div class="spacer battle-history"><br></div><div class="battle-history">Latios used <strong>Psyshock</strong>!<br></div><div class="battle-history"><small>(The opposing Tapu Bulu lost <abbr title="−120/281">42.7%</abbr> of its health!)</small><br></div><div class="spacer battle-history"><br></div><div class="battle-history">The opposing Tapu Bulu used <strong>Horn Leech</strong>!<br></div><div class="battle-history"><small>It's not very effective...</small><br></div><div class="battle-history"><small>(Latios lost <abbr title="−258/301">85.7%</abbr> of its health!)</small><br></div><div class="battle-history"><small>Latios had its energy drained!</small><br></div><div class="spacer battle-history"><br></div><h2 class="battle-history">Turn 14</h2><div class="spacer battle-history"><br></div><div class="battle-history">Latios used <strong>Psyshock</strong>!<br></div><div class="battle-history"><small>(The opposing Tapu Bulu lost <abbr title="−130/281">46.3%</abbr> of its health!)</small><br></div><div class="spacer battle-history"><br></div><div class="battle-history">The opposing Tapu Bulu used <strong>Horn Leech</strong>!<br></div><div class="battle-history"><small>It's not very effective...</small><br></div><div class="battle-history"><small>A critical hit!</small><br></div><div class="battle-history"><small>(Latios lost <abbr title="−43/301">14.3%</abbr> of its health!)</small><br></div><div class="battle-history"><small>Latios had its energy drained!</small><br></div><div class="spacer battle-history"><br></div><div class="battle-history">Latios fainted!<br></div><div class="spacer battle-history"><br></div><div class="battle-history"><small>The electricity disappeared from the battlefield.</small><br></div><div class="spacer battle-history"><br></div><div class="battle-history"><small>jeffrymeretle se rindió.</small><br></div><div class="spacer battle-history"><br></div><div class="battle-history"><strong>Dark Sonic Z</strong> won the battle!<br></div><div class="chat">Dark Sonic Z ha ganado 8 PokeDolares.</div><div class="chat">Puntaje de jeffrymeretle: 1163 → <strong>1158</strong><br>(-5 por perder)</div><div class="chat">Puntaje de Dark Sonic Z: 1532 → <strong>1536</strong><br>(+4 por ganar)</div></div><div class="inner-preempt"></div></div></div>
</div>
<script>
let daily = Math.floor(Date.now()/1000/60/60/24);document.write('<script src="https://play.pokemonshowdown.com/js/replay-embed.js?version'+daily+'"></'+'script>');
</script>
