<!DOCTYPE html>
<meta charset="utf-8" />
<!-- version 1 -->
<title>OU replay: DraconSer vs. Araquanid15</title>
<style>
html,body {font-family:Verdana, sans-serif;font-size:10pt;margin:0;padding:0;}body{padding:12px 0;} .battle-log {font-family:Verdana, sans-serif;font-size:10pt;} .battle-log-inline {border:1px solid #AAAAAA;background:#EEF2F5;color:black;max-width:640px;margin:0 auto 80px;padding-bottom:5px;} .battle-log .inner {padding:4px 8px 0px 8px;} .battle-log .inner-preempt {padding:0 8px 4px 8px;} .battle-log .inner-after {margin-top:0.5em;} .battle-log h2 {margin:0.5em -8px;padding:4px 8px;border:1px solid #AAAAAA;background:#E0E7EA;border-left:0;border-right:0;font-family:Verdana, sans-serif;font-size:13pt;} .battle-log .chat {vertical-align:middle;padding:3px 0 3px 0;font-size:8pt;} .battle-log .chat strong {color:#40576A;} .battle-log .chat em {padding:1px 4px 1px 3px;color:#000000;font-style:normal;} .chat.mine {background:rgba(0,0,0,0.05);margin-left:-8px;margin-right:-8px;padding-left:8px;padding-right:8px;} .spoiler {color:#BBBBBB;background:#BBBBBB;padding:0px 3px;} .spoiler:hover, .spoiler:active, .spoiler-shown {color:#000000;background:#E2E2E2;padding:0px 3px;} .spoiler a {color:#BBBBBB;} .spoiler:hover a, .spoiler:active a, .spoiler-shown a {color:#2288CC;} .chat code, .chat .spoiler:hover code, .chat .spoiler:active code, .chat .spoiler-shown code {border:1px solid #C0C0C0;background:#EEEEEE;color:black;padding:0 2px;} .chat .spoiler code {border:1px solid #CCCCCC;background:#CCCCCC;color:#CCCCCC;} .battle-log .rated {padding:3px 4px;} .battle-log .rated strong {color:white;background:#89A;padding:1px 4px;border-radius:4px;} .spacer {margin-top:0.5em;} .message-announce {background:#6688AA;color:white;padding:1px 4px 2px;} .message-announce a, .broadcast-green a, .broadcast-blue a, .broadcast-red a {color:#DDEEFF;} .broadcast-green {background-color:#559955;color:white;padding:2px 4px;} .broadcast-blue {background-color:#6688AA;color:white;padding:2px 4px;} .infobox {border:1px solid #6688AA;padding:2px 4px;} .infobox-limited {max-height:200px;overflow:auto;overflow-x:hidden;} .broadcast-red {background-color:#AA5544;color:white;padding:2px 4px;} .message-learn-canlearn {font-weight:bold;color:#228822;text-decoration:underline;} .message-learn-cannotlearn {font-weight:bold;color:#CC2222;text-decoration:underline;} .message-effect-weak {font-weight:bold;color:#CC2222;} .message-effect-resist {font-weight:bold;color:#6688AA;} .message-effect-immune {font-weight:bold;color:#666666;} .message-learn-list {margin-top:0;margin-bottom:0;} .message-throttle-notice, .message-error {color:#992222;} .message-overflow, .chat small.message-overflow {font-size:0pt;} .message-overflow::before {font-size:9pt;content:'...';} .subtle {color:#3A4A66;}
</style>
<div class="wrapper replay-wrapper" style="max-width:1180px;margin:0 auto">
<input type="hidden" name="replayid" value="destiny-ou-493463" />
<div class="battle"></div><div class="battle-log"></div><div class="replay-controls"></div><div class="replay-controls-2"></div>
<h1 style="font-weight:normal;text-align:center"><strong>OU</strong><br /><a href="http://pokemonshowdown.com/users/draconser" class="subtle" target="_blank">DraconSer</a> vs. <a href="http://pokemonshowdown.com/users/araquanid15" class="subtle" target="_blank">Araquanid15</a></h1>
<script type="text/plain" class="battle-log-data">|player|p1|DraconSer|1084
|teamsize|p1|6
|player|p2|Araquanid15|2053
|teamsize|p2|6
|teamsize|p1|6
|teamsize|p2|6
|gametype|singles
|gen|7
|tier|OU
|seed|56521,25528,7323,61935
|rule|Cláusula-Mod de Dormir: solo puedes dormir a uno de tus oponentes a la vez.
|rule|Cláusula de Especie: Hasta un Pokémon de cada especie
|rule|Cláusula de Golpe Fulminante: los movimientos fulminantes (OHKO) estan prohibidos
|rule|Cláusula de Veleta: la habilidad Veleta está prohibida
|rule|Cláusula de Movimientos Evasivos: los movimientos de Evasión están prohibidos.
|rule|Cláusula de Batallas Eternas: forzar batallas eternas está prohibido
|clearpoke
|poke|p1|Dragalge, M, shiny|item
|poke|p1|Kommo-o, F, shiny|item
|poke|p1|Garchomp, F, shiny|item
|poke|p1|Altaria, F, shiny|item
|poke|p1|Charizard, M, shiny|item
|poke|p1|Hydreigon, M, shiny|item
|poke|p2|Ninetales-Alola, F|item
|poke|p2|Aurorus, F|item
|poke|p2|Abomasnow, F|item
|poke|p2|Sandslash-Alola, F|item
|poke|p2|Glalie, F|item
|poke|p2|Avalugg, M|item
|teampreview|undefined
|choice|*|*team 123456
|choice|*team 623451|*
|choice|team 6, 2, 3, 4, 5, 1|team 1, 2, 3, 4, 5, 6
|
|start
|switch|p1a: Hydreigon|Hydreigon, M, shiny|348\/348
|switch|p2a: Ninetales|Ninetales-Alola, F|288\/288
|-weather|Hail|[from] ability: Snow Warning|[of] p2a: Ninetales
|turn|1
|choice|*|*move 1
|choice|*move 2|*
|choice|move focusblast|move auroraveil
|
|move|p1a: Hydreigon|Focus Blast|p2a: Ninetales
|-damage|p2a: Ninetales|163\/288
|-damage|p1a: Hydreigon|314\/348|[from] item: Life Orb
|move|p2a: Ninetales|Aurora Veil|p2a: Ninetales
|-sidestart|p2: Araquanid15|move: Aurora Veil
|
|-weather|Hail|[upkeep]
|-damage|p1a: Hydreigon|293\/348|[from] hail
|-heal|p2a: Ninetales|181\/288|[from] item: Leftovers
|upkeep
|turn|2
|choice|*move 1|*
|choice|*|*move 2
|choice|move rockslide|move dazzlinggleam
|
|move|p1a: Hydreigon|Rock Slide|p2a: Ninetales
|-supereffective|p2a: Ninetales
|-damage|p2a: Ninetales|107\/288
|-damage|p1a: Hydreigon|259\/348|[from] item: Life Orb
|move|p2a: Ninetales|Dazzling Gleam|p1a: Hydreigon
|-supereffective|p1a: Hydreigon
|-damage|p1a: Hydreigon|0 fnt
|faint|p1a: Hydreigon
|
|-weather|Hail|[upkeep]
|-heal|p2a: Ninetales|125\/288|[from] item: Leftovers
|upkeep
|choice|*switch 6|*
|choice|switch 6|
|
|switch|p1a: Dragalge|Dragalge, M, shiny|299\/299
|turn|3
|choice|*move 4|*
|choice|*|*switch 4
|choice|move sludgebomb|switch 4
|
|switch|p2a: Sandslash|Sandslash-Alola, F|292\/292
|move|p1a: Dragalge|Sludge Bomb|p2a: Sandslash
|-immune|p2a: Sandslash|[msg]
|
|-weather|Hail|[upkeep]
|-damage|p1a: Dragalge|281\/299|[from] hail
|-heal|p1a: Dragalge|299\/299|[from] item: Leftovers
|upkeep
|turn|4
|choice|*|*move 1
|choice|*switch 3|*
|choice|switch 3|move honeclaws
|
|switch|p1a: Garchomp|Garchomp, F, shiny|377\/377
|move|p2a: Sandslash|Hone Claws|p2a: Sandslash
|-boost|p2a: Sandslash|atk|1
|-boost|p2a: Sandslash|accuracy|1
|
|-weather|Hail|[upkeep]
|-damage|p1a: Garchomp|354\/377|[from] hail
|upkeep
|turn|5
|choice|*move 1|*
|choice|*|*move 4
|choice|move earthquake|move iciclecrash
|
|move|p2a: Sandslash|Icicle Crash|p1a: Garchomp
|-supereffective|p1a: Garchomp
|-damage|p1a: Garchomp|0 fnt
|-damage|p2a: Sandslash|263\/292|[from] item: Life Orb
|faint|p1a: Garchomp
|
|-weather|none
|-sideend|p2: Araquanid15|move: Aurora Veil
|upkeep
|choice|*switch 5|*
|choice|switch 5|
|
|switch|p1a: Charizard|Charizard, M, shiny|311\/311
|turn|6
|choice|*move 3 mega|*
|choice|*|*move 2
|choice|move flareblitz mega|move knockoff
|
|-mega|p1a: Charizard|Charizard|Charizardite X
|detailschange|p1a: Charizard|Charizard-Mega-X, M, shiny
|move|p1a: Charizard|Flare Blitz|p2a: Sandslash
|-supereffective|p2a: Sandslash
|-damage|p2a: Sandslash|0 fnt
|-damage|p1a: Charizard|224\/311|[from] recoil
|faint|p2a: Sandslash
|
|upkeep
|choice|*|*switch 2
|choice||switch 2
|
|switch|p2a: Aurorus|Aurorus, F|388\/388
|turn|7
|choice|*|*move 1
|choice|*switch 2|*
|choice|switch 2|move stoneedge
|
|switch|p1a: Kommo-o|Kommo-o, F, shiny|321\/321
|move|p2a: Aurorus|Stone Edge|p1a: Kommo-o
|-resisted|p1a: Kommo-o
|-damage|p1a: Kommo-o|282\/321
|
|upkeep
|turn|8
|choice|*move 3|*
|choice|*|*switch 4
|choice|move poisonjab|switch 4
|
|switch|p2a: Ninetales|Ninetales-Alola, F|125\/288
|-weather|Hail|[from] ability: Snow Warning|[of] p2a: Ninetales
|move|p1a: Kommo-o|Poison Jab|p2a: Ninetales
|-supereffective|p2a: Ninetales
|-damage|p2a: Ninetales|0 fnt
|faint|p2a: Ninetales
|
|-weather|Hail|[upkeep]
|-damage|p1a: Kommo-o|262\/321|[from] hail
|upkeep
|choice|*|*switch 5
|choice||switch 5
|
|switch|p2a: Glalie|Glalie, F|301\/301
|turn|9
|choice|*|*move 4 mega
|choice|*move 1|*
|choice|move focusblast|move protect mega
|
|-mega|p2a: Glalie|Glalie|Glalitite
|detailschange|p2a: Glalie|Glalie-Mega, F
|move|p2a: Glalie|Protect|p2a: Glalie
|-singleturn|p2a: Glalie|Protect
|move|p1a: Kommo-o|Focus Blast|p2a: Glalie
|-activate|p2a: Glalie|move: Protect
|
|-weather|Hail|[upkeep]
|-damage|p1a: Kommo-o|242\/321|[from] hail
|upkeep
|turn|10
|choice|*|*move 1
|c|☆DraconSer|estoy mas que muerte :(
|choice|*|*move 3
|choice|*switch 4|*
|choice|switch 4|move icebeam
|
|switch|p1a: Altaria|Altaria, F, shiny|318\/318
|move|p2a: Glalie|Ice Beam|p1a: Altaria
|-supereffective|p1a: Altaria
|-damage|p1a: Altaria|0 fnt
|faint|p1a: Altaria
|
|-weather|Hail|[upkeep]
|upkeep
|choice|*switch 4|*
|choice|switch 4|
|
|switch|p1a: Kommo-o|Kommo-o, F, shiny|242\/321
|turn|11
|choice|*|*move 4
|choice|*move 1|*
|choice|move focusblast|move protect
|
|move|p2a: Glalie|Protect|p2a: Glalie
|-singleturn|p2a: Glalie|Protect
|move|p1a: Kommo-o|Focus Blast|p2a: Glalie
|-activate|p2a: Glalie|move: Protect
|
|-weather|Hail|[upkeep]
|-damage|p1a: Kommo-o|222\/321|[from] hail
|upkeep
|turn|12
|choice|*|*move 3
|choice|*move 1|*
|choice|move focusblast|move icebeam
|
|move|p2a: Glalie|Ice Beam|p1a: Kommo-o
|-supereffective|p1a: Kommo-o
|-damage|p1a: Kommo-o|0 fnt
|faint|p1a: Kommo-o
|
|-weather|none
|upkeep
|choice|*switch 2|*
|choice|switch 2|
|
|switch|p1a: Charizard|Charizard-Mega-X, M, shiny|224\/311
|turn|13
|choice|*move 3|*
|choice|*|*switch 3
|choice|move flareblitz|switch 3
|
|switch|p2a: Abomasnow|Abomasnow, F|322\/322
|-weather|Hail|[from] ability: Snow Warning|[of] p2a: Abomasnow
|move|p1a: Charizard|Flare Blitz|p2a: Abomasnow
|-supereffective|p2a: Abomasnow
|-damage|p2a: Abomasnow|0 fnt
|-damage|p1a: Charizard|118\/311|[from] recoil
|faint|p2a: Abomasnow
|
|-weather|Hail|[upkeep]
|-damage|p1a: Charizard|99\/311|[from] hail
|upkeep
|choice|*|*switch 4
|choice||switch 4
|
|switch|p2a: Aurorus|Aurorus, F|388\/388
|turn|14
|choice|*|*move 1
|c|☆Araquanid15|abomasnow lo saque para el granizo
|choice|*move 1|*
|choice|move thunderpunch|move stoneedge
|
|move|p1a: Charizard|Thunder Punch|p2a: Aurorus
|-damage|p2a: Aurorus|285\/388
|-damage|p1a: Charizard|48\/311|[from] item: Rocky Helmet|[of] p2a: Aurorus
|move|p2a: Aurorus|Stone Edge|p1a: Charizard
|-supereffective|p1a: Charizard
|-damage|p1a: Charizard|0 fnt
|faint|p1a: Charizard
|
|-weather|Hail|[upkeep]
|upkeep
|choice|*switch 3|*
|choice|switch 3|
|
|switch|p1a: Dragalge|Dragalge, M, shiny|299\/299
|turn|15
|choice|*|*move 1
|choice|*move 4|*
|choice|move sludgebomb|move stoneedge
|
|move|p1a: Dragalge|Sludge Bomb|p2a: Aurorus
|-resisted|p2a: Aurorus
|-damage|p2a: Aurorus|238\/388
|move|p2a: Aurorus|Stone Edge|p1a: Dragalge
|-damage|p1a: Dragalge|197\/299
|
|-weather|Hail|[upkeep]
|-damage|p1a: Dragalge|179\/299|[from] hail
|-heal|p1a: Dragalge|197\/299|[from] item: Leftovers
|upkeep
|turn|16
|choice|*move 2|*
|c|☆Araquanid15|si se puede dracon
|choice|*|*move 1
|choice|move scald|move stoneedge
|
|move|p1a: Dragalge|Scald|p2a: Aurorus
|-supereffective|p2a: Aurorus
|-damage|p2a: Aurorus|122\/388
|move|p2a: Aurorus|Stone Edge|p1a: Dragalge
|-damage|p1a: Dragalge|92\/299
|
|-weather|Hail|[upkeep]
|-damage|p1a: Dragalge|74\/299|[from] hail
|-heal|p1a: Dragalge|92\/299|[from] item: Leftovers
|upkeep
|turn|17
|choice|*move 2|*
|choice|*|*move 1
|choice|move scald|move stoneedge
|
|move|p1a: Dragalge|Scald|p2a: Aurorus
|-supereffective|p2a: Aurorus
|-damage|p2a: Aurorus|8\/388
|-status|p2a: Aurorus|brn
|move|p2a: Aurorus|Stone Edge|p1a: Dragalge|[miss]
|-miss|p2a: Aurorus|p1a: Dragalge
|
|-weather|none
|-heal|p1a: Dragalge|110\/299|[from] item: Leftovers
|-damage|p2a: Aurorus|0 fnt|[from] brn
|upkeep
|faint|p2a: Aurorus
|choice|*|*switch 6
|choice||switch 6
|
|switch|p2a: Avalugg|Avalugg, M|394\/394
|turn|18
|choice|*|*move 4 zmove
|choice|*move 2|*
|choice|move scald|move icebeam zmove
|
|move|p1a: Dragalge|Scald|p2a: Avalugg
|-crit|p2a: Avalugg
|-damage|p2a: Avalugg|212\/394
|-zpower|p2a: Avalugg
|move|p2a: Avalugg|Subzero Slammer|p1a: Dragalge|[zeffect]
|-supereffective|p1a: Dragalge
|-damage|p1a: Dragalge|0 fnt
|faint|p1a: Dragalge
|
|win|Araquanid15
</script>
</div>
<div class="battle-log battle-log-inline"><div class="inner"><div class="battle-options"></div><div class="inner"><div class=""><small>Format:</small> <br><strong>OU</strong></div><div class=""><small><em>Cláusula-Mod de Dormir:</em> solo puedes dormir a uno de tus oponentes a la vez.</small></div><div class=""><small><em>Cláusula de Especie:</em> Hasta un Pokémon de cada especie</small></div><div class=""><small><em>Cláusula de Golpe Fulminante:</em> los movimientos fulminantes (OHKO) estan prohibidos</small></div><div class=""><small><em>Cláusula de Veleta:</em> la habilidad Veleta está prohibida</small></div><div class=""><small><em>Cláusula de Movimientos Evasivos:</em> los movimientos de Evasión están prohibidos.</small></div><div class=""><small><em>Cláusula de Batallas Eternas:</em> forzar batallas eternas está prohibido</small></div><div class="chat battle-history"><strong>DraconSer's team:</strong> <em style="color:#445566;display:block;">Dragalge / Kommo-o / Garchomp / Altaria / Charizard / Hydreigon</em></div><div class="chat battle-history"><strong>Araquanid15's team:</strong> <em style="color:#445566;display:block;">Ninetales-Alola / Aurorus / Abomasnow / Sandslash-Alola / Glalie / Avalugg</em></div><div class="spacer battle-history"><br></div><div class="battle-history">Battle started between DraconSer and Araquanid15!<br></div><div class="spacer battle-history"><br></div><div class="battle-history">Go! <strong>Hydreigon</strong>!<br></div><div class="spacer battle-history"><br></div><div class="battle-history">Araquanid15 sent out Ninetales (<strong>Ninetales-Alola</strong>)!<br></div><div class="battle-history"><small>[The opposing Ninetales's Snow Warning]</small><br><small>It started to hail!</small><br></div><div class="spacer battle-history"><br></div><h2 class="battle-history">Turn 1</h2><div class="spacer battle-history"><br></div><div class="battle-history">Hydreigon used <strong>Focus Blast</strong>!<br></div><div class="battle-history"><small>(The opposing Ninetales lost <abbr title="−125/288">43.4%</abbr> of its health!)</small><br></div><div class="battle-history"><small>Hydreigon lost some of its HP!</small><br></div><div class="spacer battle-history"><br></div><div class="battle-history">The opposing Ninetales used <strong>Aurora Veil</strong>!<br></div><div class="battle-history"><small>Aurora Veil made the opposing team stronger against physical and special moves!</small><br></div><div class="spacer battle-history"><br></div><div class="battle-history"><small>The hail is crashing down.</small><br></div><div class="battle-history"><small>Hydreigon is buffeted by the hail!</small><br></div><div class="battle-history"><small>The opposing Ninetales restored a little HP using its Leftovers!</small><br></div><div class="spacer battle-history"><br></div><h2 class="battle-history">Turn 2</h2><div class="spacer battle-history"><br></div><div class="battle-history">Hydreigon used <strong>Rock Slide</strong>!<br></div><div class="battle-history"><small>It's super effective!</small><br></div><div class="battle-history"><small>(The opposing Ninetales lost <abbr title="−74/288">25.7%</abbr> of its health!)</small><br></div><div class="battle-history"><small>Hydreigon lost some of its HP!</small><br></div><div class="spacer battle-history"><br></div><div class="battle-history">The opposing Ninetales used <strong>Dazzling Gleam</strong>!<br></div><div class="battle-history"><small>It's super effective!</small><br></div><div class="battle-history"><small>(Hydreigon lost <abbr title="−259/348">74.4%</abbr> of its health!)</small><br></div><div class="spacer battle-history"><br></div><div class="battle-history">Hydreigon fainted!<br></div><div class="spacer battle-history"><br></div><div class="battle-history"><small>The hail is crashing down.</small><br></div><div class="battle-history"><small>The opposing Ninetales restored a little HP using its Leftovers!</small><br></div><div class="spacer battle-history"><br></div><div class="battle-history">Go! <strong>Dragalge</strong>!<br></div><div class="spacer battle-history"><br></div><h2 class="battle-history">Turn 3</h2><div class="spacer battle-history"><br></div><div class="battle-history">Araquanid15 withdrew Ninetales!<br></div><div class="battle-history">Araquanid15 sent out Sandslash (<strong>Sandslash-Alola</strong>)!<br></div><div class="spacer battle-history"><br></div><div class="battle-history">Dragalge used <strong>Sludge Bomb</strong>!<br></div><div class="battle-history"><small>It doesn't affect the opposing Sandslash...</small><br></div><div class="spacer battle-history"><br></div><div class="battle-history"><small>The hail is crashing down.</small><br></div><div class="battle-history"><small>Dragalge is buffeted by the hail!</small><br></div><div class="battle-history"><small>Dragalge restored a little HP using its Leftovers!</small><br></div><div class="spacer battle-history"><br></div><h2 class="battle-history">Turn 4</h2><div class="spacer battle-history"><br></div><div class="battle-history">Dragalge, come back!<br></div><div class="battle-history">Go! <strong>Garchomp</strong>!<br></div><div class="spacer battle-history"><br></div><div class="battle-history">The opposing Sandslash used <strong>Hone Claws</strong>!<br></div><div class="battle-history"><small>The opposing Sandslash's Attack rose!</small><br></div><div class="battle-history"><small>The opposing Sandslash's accuracy rose!</small><br></div><div class="spacer battle-history"><br></div><div class="battle-history"><small>The hail is crashing down.</small><br></div><div class="battle-history"><small>Garchomp is buffeted by the hail!</small><br></div><div class="spacer battle-history"><br></div><h2 class="battle-history">Turn 5</h2><div class="spacer battle-history"><br></div><div class="battle-history">The opposing Sandslash used <strong>Icicle Crash</strong>!<br></div><div class="battle-history"><small>It's super effective!</small><br></div><div class="battle-history"><small>(Garchomp lost <abbr title="−354/377">93.9%</abbr> of its health!)</small><br></div><div class="battle-history"><small>The opposing Sandslash lost some of its HP!</small><br></div><div class="spacer battle-history"><br></div><div class="battle-history">Garchomp fainted!<br></div><div class="spacer battle-history"><br></div><div class="battle-history"><small>The hail stopped.</small><br></div><div class="battle-history"><small>The opposing team's Aurora Veil wore off!</small><br></div><div class="spacer battle-history"><br></div><div class="battle-history">Go! <strong>Charizard</strong>!<br></div><div class="spacer battle-history"><br></div><h2 class="battle-history">Turn 6</h2><div class="spacer battle-history"><br></div><div class="battle-history"><small>Charizard's Charizardite X is reacting to the Key Stone!</small><br>Charizard has Mega Evolved into Mega Charizard!<br></div><div class="spacer battle-history"><br></div><div class="battle-history">Charizard used <strong>Flare Blitz</strong>!<br></div><div class="battle-history"><small>It's super effective!</small><br></div><div class="battle-history"><small>(The opposing Sandslash lost <abbr title="−263/292">90.1%</abbr> of its health!)</small><br></div><div class="battle-history"><small>Charizard is damaged by the recoil!</small><br></div><div class="spacer battle-history"><br></div><div class="battle-history">The opposing Sandslash fainted!<br></div><div class="spacer battle-history"><br></div><div class="battle-history">Araquanid15 sent out <strong>Aurorus</strong>!<br></div><div class="spacer battle-history"><br></div><h2 class="battle-history">Turn 7</h2><div class="spacer battle-history"><br></div><div class="battle-history">Charizard, come back!<br></div><div class="battle-history">Go! <strong>Kommo-o</strong>!<br></div><div class="spacer battle-history"><br></div><div class="battle-history">The opposing Aurorus used <strong>Stone Edge</strong>!<br></div><div class="battle-history"><small>It's not very effective...</small><br></div><div class="battle-history"><small>(Kommo-o lost <abbr title="−39/321">12.1%</abbr> of its health!)</small><br></div><div class="spacer battle-history"><br></div><h2 class="battle-history">Turn 8</h2><div class="spacer battle-history"><br></div><div class="battle-history">Araquanid15 withdrew Aurorus!<br></div><div class="battle-history">Araquanid15 sent out Ninetales (<strong>Ninetales-Alola</strong>)!<br></div><div class="battle-history"><small>[The opposing Ninetales's Snow Warning]</small><br><small>It started to hail!</small><br></div><div class="spacer battle-history"><br></div><div class="battle-history">Kommo-o used <strong>Poison Jab</strong>!<br></div><div class="battle-history"><small>It's super effective!</small><br></div><div class="battle-history"><small>(The opposing Ninetales lost <abbr title="−125/288">43.4%</abbr> of its health!)</small><br></div><div class="spacer battle-history"><br></div><div class="battle-history">The opposing Ninetales fainted!<br></div><div class="spacer battle-history"><br></div><div class="battle-history"><small>The hail is crashing down.</small><br></div><div class="battle-history"><small>Kommo-o is buffeted by the hail!</small><br></div><div class="spacer battle-history"><br></div><div class="battle-history">Araquanid15 sent out <strong>Glalie</strong>!<br></div><div class="spacer battle-history"><br></div><h2 class="battle-history">Turn 9</h2><div class="spacer battle-history"><br></div><div class="battle-history"><small>The opposing Glalie's Glalitite is reacting to the Key Stone!</small><br>The opposing Glalie has Mega Evolved into Mega Glalie!<br></div><div class="spacer battle-history"><br></div><div class="battle-history">The opposing Glalie used <strong>Protect</strong>!<br></div><div class="battle-history"><small>The opposing Glalie protected itself!</small><br></div><div class="spacer battle-history"><br></div><div class="battle-history">Kommo-o used <strong>Focus Blast</strong>!<br></div><div class="battle-history"><small>The opposing Glalie protected itself!</small><br></div><div class="spacer battle-history"><br></div><div class="battle-history"><small>The hail is crashing down.</small><br></div><div class="battle-history"><small>Kommo-o is buffeted by the hail!</small><br></div><div class="spacer battle-history"><br></div><h2 class="battle-history">Turn 10</h2><div class="chat chatmessage-draconser"><strong style="color:hsl(100,46%,42%)"><small>☆</small><span class="username" data-name="DraconSer">DraconSer</span>:</strong> <em>estoy mas que muerte :(</em></div><div class="spacer battle-history"><br></div><div class="battle-history">Kommo-o, come back!<br></div><div class="battle-history">Go! <strong>Altaria</strong>!<br></div><div class="spacer battle-history"><br></div><div class="battle-history">The opposing Glalie used <strong>Ice Beam</strong>!<br></div><div class="battle-history"><small>It's super effective!</small><br></div><div class="battle-history"><small>(Altaria lost <abbr title="−318/318">100%</abbr> of its health!)</small><br></div><div class="spacer battle-history"><br></div><div class="battle-history">Altaria fainted!<br></div><div class="spacer battle-history"><br></div><div class="battle-history"><small>The hail is crashing down.</small><br></div><div class="spacer battle-history"><br></div><div class="battle-history">Go! <strong>Kommo-o</strong>!<br></div><div class="spacer battle-history"><br></div><h2 class="battle-history">Turn 11</h2><div class="spacer battle-history"><br></div><div class="battle-history">The opposing Glalie used <strong>Protect</strong>!<br></div><div class="battle-history"><small>The opposing Glalie protected itself!</small><br></div><div class="spacer battle-history"><br></div><div class="battle-history">Kommo-o used <strong>Focus Blast</strong>!<br></div><div class="battle-history"><small>The opposing Glalie protected itself!</small><br></div><div class="spacer battle-history"><br></div><div class="battle-history"><small>The hail is crashing down.</small><br></div><div class="battle-history"><small>Kommo-o is buffeted by the hail!</small><br></div><div class="spacer battle-history"><br></div><h2 class="battle-history">Turn 12</h2><div class="spacer battle-history"><br></div><div class="battle-history">The opposing Glalie used <strong>Ice Beam</strong>!<br></div><div class="battle-history"><small>It's super effective!</small><br></div><div class="battle-history"><small>(Kommo-o lost <abbr title="−222/321">69.2%</abbr> of its health!)</small><br></div><div class="spacer battle-history"><br></div><div class="battle-history">Kommo-o fainted!<br></div><div class="spacer battle-history"><br></div><div class="battle-history"><small>The hail stopped.</small><br></div><div class="spacer battle-history"><br></div><div class="battle-history">Go! Charizard (<strong>Charizard-Mega-X</strong>)!<br></div><div class="spacer battle-history"><br></div><h2 class="battle-history">Turn 13</h2><div class="spacer battle-history"><br></div><div class="battle-history">Araquanid15 withdrew Glalie!<br></div><div class="battle-history">Araquanid15 sent out <strong>Abomasnow</strong>!<br></div><div class="battle-history"><small>[The opposing Abomasnow's Snow Warning]</small><br><small>It started to hail!</small><br></div><div class="spacer battle-history"><br></div><div class="battle-history">Charizard used <strong>Flare Blitz</strong>!<br></div><div class="battle-history"><small>It's super effective!</small><br></div><div class="battle-history"><small>(The opposing Abomasnow lost <abbr title="−322/322">100%</abbr> of its health!)</small><br></div><div class="battle-history"><small>Charizard is damaged by the recoil!</small><br></div><div class="spacer battle-history"><br></div><div class="battle-history">The opposing Abomasnow fainted!<br></div><div class="spacer battle-history"><br></div><div class="battle-history"><small>The hail is crashing down.</small><br></div><div class="battle-history"><small>Charizard is buffeted by the hail!</small><br></div><div class="spacer battle-history"><br></div><div class="battle-history">Araquanid15 sent out <strong>Aurorus</strong>!<br></div><div class="spacer battle-history"><br></div><h2 class="battle-history">Turn 14</h2><div class="chat chatmessage-araquanid15"><strong style="color:hsl(357,78%,42%)"><small>☆</small><span class="username" data-name="Araquanid15">Araquanid15</span>:</strong> <em>abomasnow lo saque para el granizo</em></div><div class="spacer battle-history"><br></div><div class="battle-history">Charizard used <strong>Thunder Punch</strong>!<br></div><div class="battle-history"><small>(The opposing Aurorus lost <abbr title="−103/388">26.5%</abbr> of its health!)</small><br></div><div class="battle-history"><small>Charizard was hurt by the Rocky Helmet!</small><br></div><div class="spacer battle-history"><br></div><div class="battle-history">The opposing Aurorus used <strong>Stone Edge</strong>!<br></div><div class="battle-history"><small>It's super effective!</small><br></div><div class="battle-history"><small>(Charizard lost <abbr title="−48/311">15.4%</abbr> of its health!)</small><br></div><div class="spacer battle-history"><br></div><div class="battle-history">Charizard fainted!<br></div><div class="spacer battle-history"><br></div><div class="battle-history"><small>The hail is crashing down.</small><br></div><div class="spacer battle-history"><br></div><div class="battle-history">Go! <strong>Dragalge</strong>!<br></div><div class="spacer battle-history"><br></div><h2 class="battle-history">Turn 15</h2><div class="spacer battle-history"><br></div><div class="battle-history">Dragalge used <strong>Sludge Bomb</strong>!<br></div><div class="battle-history"><small>It's not very effective...</small><br></div><div class="battle-history"><small>(The opposing Aurorus lost <abbr title="−47/388">12.1%</abbr> of its health!)</small><br></div><div class="spacer battle-history"><br></div><div class="battle-history">The opposing Aurorus used <strong>Stone Edge</strong>!<br></div><div class="battle-history"><small>(Dragalge lost <abbr title="−102/299">34.1%</abbr> of its health!)</small><br></div><div class="spacer battle-history"><br></div><div class="battle-history"><small>The hail is crashing down.</small><br></div><div class="battle-history"><small>Dragalge is buffeted by the hail!</small><br></div><div class="battle-history"><small>Dragalge restored a little HP using its Leftovers!</small><br></div><div class="spacer battle-history"><br></div><h2 class="battle-history">Turn 16</h2><div class="chat chatmessage-araquanid15"><strong style="color:hsl(357,78%,42%)"><small>☆</small><span class="username" data-name="Araquanid15">Araquanid15</span>:</strong> <em>si se puede dracon</em></div><div class="spacer battle-history"><br></div><div class="battle-history">Dragalge used <strong>Scald</strong>!<br></div><div class="battle-history"><small>It's super effective!</small><br></div><div class="battle-history"><small>(The opposing Aurorus lost <abbr title="−116/388">29.9%</abbr> of its health!)</small><br></div><div class="spacer battle-history"><br></div><div class="battle-history">The opposing Aurorus used <strong>Stone Edge</strong>!<br></div><div class="battle-history"><small>(Dragalge lost <abbr title="−105/299">35.1%</abbr> of its health!)</small><br></div><div class="spacer battle-history"><br></div><div class="battle-history"><small>The hail is crashing down.</small><br></div><div class="battle-history"><small>Dragalge is buffeted by the hail!</small><br></div><div class="battle-history"><small>Dragalge restored a little HP using its Leftovers!</small><br></div><div class="spacer battle-history"><br></div><h2 class="battle-history">Turn 17</h2><div class="spacer battle-history"><br></div><div class="battle-history">Dragalge used <strong>Scald</strong>!<br></div><div class="battle-history"><small>It's super effective!</small><br></div><div class="battle-history"><small>(The opposing Aurorus lost <abbr title="−114/388">29.4%</abbr> of its health!)</small><br></div><div class="battle-history"><small>The opposing Aurorus was burned!</small><br></div><div class="spacer battle-history"><br></div><div class="battle-history">The opposing Aurorus used <strong>Stone Edge</strong>!<br></div><div class="battle-history"><small>Dragalge avoided the attack!</small><br></div><div class="spacer battle-history"><br></div><div class="battle-history"><small>The hail stopped.</small><br></div><div class="battle-history"><small>Dragalge restored a little HP using its Leftovers!</small><br></div><div class="battle-history"><small>The opposing Aurorus was hurt by its burn!</small><br></div><div class="spacer battle-history"><br></div><div class="battle-history">The opposing Aurorus fainted!<br></div><div class="spacer battle-history"><br></div><div class="battle-history">Araquanid15 sent out <strong>Avalugg</strong>!<br></div><div class="spacer battle-history"><br></div><h2 class="battle-history">Turn 18</h2><div class="spacer battle-history"><br></div><div class="battle-history">Dragalge used <strong>Scald</strong>!<br></div><div class="battle-history"><small>A critical hit!</small><br></div><div class="battle-history"><small>(The opposing Avalugg lost <abbr title="−182/394">46.2%</abbr> of its health!)</small><br></div><div class="battle-history"><small>The opposing Avalugg surrounded itself with its Z-Power!</small><br></div><div class="spacer battle-history"><br></div><div class="battle-history">The opposing Avalugg used <strong>Subzero Slammer</strong>!<br></div><div class="battle-history"><small>It's super effective!</small><br></div><div class="battle-history"><small>(Dragalge lost <abbr title="−110/299">36.8%</abbr> of its health!)</small><br></div><div class="spacer battle-history"><br></div><div class="battle-history">Dragalge fainted!<br></div><div class="spacer battle-history"><br></div><div class="battle-history"><strong>Araquanid15</strong> won the battle!<br></div></div><div class="inner-preempt"></div></div></div>
</div>
<script>
let daily = Math.floor(Date.now()/1000/60/60/24);document.write('<script src="https://play.pokemonshowdown.com/js/replay-embed.js?version'+daily+'"></'+'script>');
</script>
