<!DOCTYPE html>
<meta charset="utf-8" />
<!-- version 1 -->
<title>OU replay: TheMobedex vs. Mr. 007</title>
<style>
html,body {font-family:Verdana, sans-serif;font-size:10pt;margin:0;padding:0;}body{padding:12px 0;} .battle-log {font-family:Verdana, sans-serif;font-size:10pt;} .battle-log-inline {border:1px solid #AAAAAA;background:#EEF2F5;color:black;max-width:640px;margin:0 auto 80px;padding-bottom:5px;} .battle-log .inner {padding:4px 8px 0px 8px;} .battle-log .inner-preempt {padding:0 8px 4px 8px;} .battle-log .inner-after {margin-top:0.5em;} .battle-log h2 {margin:0.5em -8px;padding:4px 8px;border:1px solid #AAAAAA;background:#E0E7EA;border-left:0;border-right:0;font-family:Verdana, sans-serif;font-size:13pt;} .battle-log .chat {vertical-align:middle;padding:3px 0 3px 0;font-size:8pt;} .battle-log .chat strong {color:#40576A;} .battle-log .chat em {padding:1px 4px 1px 3px;color:#000000;font-style:normal;} .chat.mine {background:rgba(0,0,0,0.05);margin-left:-8px;margin-right:-8px;padding-left:8px;padding-right:8px;} .spoiler {color:#BBBBBB;background:#BBBBBB;padding:0px 3px;} .spoiler:hover, .spoiler:active, .spoiler-shown {color:#000000;background:#E2E2E2;padding:0px 3px;} .spoiler a {color:#BBBBBB;} .spoiler:hover a, .spoiler:active a, .spoiler-shown a {color:#2288CC;} .chat code, .chat .spoiler:hover code, .chat .spoiler:active code, .chat .spoiler-shown code {border:1px solid #C0C0C0;background:#EEEEEE;color:black;padding:0 2px;} .chat .spoiler code {border:1px solid #CCCCCC;background:#CCCCCC;color:#CCCCCC;} .battle-log .rated {padding:3px 4px;} .battle-log .rated strong {color:white;background:#89A;padding:1px 4px;border-radius:4px;} .spacer {margin-top:0.5em;} .message-announce {background:#6688AA;color:white;padding:1px 4px 2px;} .message-announce a, .broadcast-green a, .broadcast-blue a, .broadcast-red a {color:#DDEEFF;} .broadcast-green {background-color:#559955;color:white;padding:2px 4px;} .broadcast-blue {background-color:#6688AA;color:white;padding:2px 4px;} .infobox {border:1px solid #6688AA;padding:2px 4px;} .infobox-limited {max-height:200px;overflow:auto;overflow-x:hidden;} .broadcast-red {background-color:#AA5544;color:white;padding:2px 4px;} .message-learn-canlearn {font-weight:bold;color:#228822;text-decoration:underline;} .message-learn-cannotlearn {font-weight:bold;color:#CC2222;text-decoration:underline;} .message-effect-weak {font-weight:bold;color:#CC2222;} .message-effect-resist {font-weight:bold;color:#6688AA;} .message-effect-immune {font-weight:bold;color:#666666;} .message-learn-list {margin-top:0;margin-bottom:0;} .message-throttle-notice, .message-error {color:#992222;} .message-overflow, .chat small.message-overflow {font-size:0pt;} .message-overflow::before {font-size:9pt;content:'...';} .subtle {color:#3A4A66;}
</style>
<div class="wrapper replay-wrapper" style="max-width:1180px;margin:0 auto">
<input type="hidden" name="replayid" value="destiny-ou-448226" />
<div class="battle"></div><div class="battle-log"></div><div class="replay-controls"></div><div class="replay-controls-2"></div>
<h1 style="font-weight:normal;text-align:center"><strong>OU</strong><br /><a href="http://pokemonshowdown.com/users/themobedex" class="subtle" target="_blank">TheMobedex</a> vs. <a href="http://pokemonshowdown.com/users/mr007" class="subtle" target="_blank">Mr. 007</a></h1>
<script type="text/plain" class="battle-log-data">|unlink|||tour
|player|p1|TheMobedex|themobedex.png?6cc0476e
|teamsize|p1|6
|player|p2|Mr. 007|120
|teamsize|p2|6
|teamsize|p1|6
|teamsize|p2|6
|gametype|singles
|gen|7
|tier|OU
|seed|7238,4522,51654,39235
|rule|Cláusula-Mod de Dormir: solo puedes dormir a uno de tus oponentes a la vez.
|rule|Cláusula de Especie: Hasta un Pokémon de cada especie
|rule|Cláusula de Golpe Fulminante: los movimientos fulminantes (OHKO) estan prohibidos
|rule|Cláusula de Veleta: la habilidad Veleta está prohibida
|rule|Cláusula de Movimientos Evasivos: los movimientos de Evasión están prohibidos.
|rule|Cláusula de Batallas Eternas: forzar batallas eternas está prohibido
|clearpoke
|poke|p1|Kyurem-Black|item
|poke|p1|Landorus-Therian, M|item
|poke|p1|Mawile, F|item
|poke|p1|Latios, M|item
|poke|p1|Tangrowth, F|item
|poke|p1|Heatran, F|item
|poke|p2|Celesteela|item
|poke|p2|Greninja, M, shiny|item
|poke|p2|Latios, M|item
|poke|p2|Mawile, F, shiny|item
|poke|p2|Zygarde|item
|poke|p2|Clefable, M|item
|teampreview|undefined
|c|☆Mr. 007|gl hf
|choice|*|*team 432156
|inactive|Reloj de batalla ENCENDIDO. El jugador inactivo será descalificado (solicitado por Mr. 007).
|inactive|TheMobedex tiene 285 segundos restantes.
|c|%Pyramids rising|se viene
|inactive|TheMobedex tiene 270 segundos restantes.
|c|☆TheMobedex|tio
|c|☆TheMobedex|lleva toda la vida
|c|☆TheMobedex|con ese team
|inactive|TheMobedex tiene 255 segundos restantes.
|c|☆TheMobedex|que s elo cambien de vez en cuando
|choice|*team 623451|*
|choice|team 6, 2, 3, 4, 5, 1|team 4, 3, 2, 1, 5, 6
|
|start
|switch|p1a: Heatran|Heatran, F|324\/324
|switch|p2a: Mawile|Mawile, F, shiny|251\/251
|-ability|p2a: Mawile|Intimidate|boost
|-unboost|p1a: Heatran|atk|1
|turn|1
|choice|*|*switch 3
|c|☭Shrek15|el greninja no debería ser shiny
|c|%Pyramids rising|jajajaja
|choice|*move 2|*
|choice|move magmastorm|switch 3
|
|switch|p2a: Greninja|Greninja, M, shiny|285\/285
|move|p1a: Heatran|Magma Storm|p2a: Greninja
|-resisted|p2a: Greninja
|-damage|p2a: Greninja|160\/285
|-activate|p2a: Greninja|move: Magma Storm|[of] p1a: Heatran
|
|-damage|p2a: Greninja|125\/285|[from] move: Magma Storm|[partiallytrapped]
|upkeep
|turn|2
|choice|*|*move 4 1
|choice|*switch 5|*
|choice|switch 5|move icebeam
|
|switch|p1a: Tangrowth|Tangrowth, F|404\/404
|move|p2a: Greninja|Ice Beam|p1a: Tangrowth
|-start|p2a: Greninja|typechange|Ice|[from] Protean
|-supereffective|p1a: Tangrowth
|-damage|p1a: Tangrowth|139\/404
|-damage|p2a: Greninja|97\/285|[from] item: Life Orb
|
|upkeep
|turn|3
|choice|*|*move 2 1
|choice|*switch 3|*
|choice|switch 3|move extrasensory
|
|switch|p1a: Mawile|Mawile, F|251\/251
|move|p2a: Greninja|Extrasensory|p1a: Mawile
|-start|p2a: Greninja|typechange|Psychic|[from] Protean
|-resisted|p1a: Mawile
|-damage|p1a: Mawile|126\/251
|-damage|p2a: Greninja|69\/285|[from] item: Life Orb
|
|upkeep
|turn|4
|choice|*|*move 1
|c|☭Shrek15|GOD
|choice|*move 4 mega|*
|choice|move suckerpunch mega|move spikes
|
|-mega|p1a: Mawile|Mawile|Mawilite
|detailschange|p1a: Mawile|Mawile-Mega, F
|move|p1a: Mawile|Sucker Punch|p2a: Greninja|[still]
|-fail|p1a: Mawile
|move|p2a: Greninja|Spikes|p1a: Mawile
|-start|p2a: Greninja|typechange|Ground|[from] Protean
|-sidestart|p1: TheMobedex|Spikes
|
|upkeep
|turn|5
|choice|*|*move 4 1
|c|☆TheMobedex|me predice tio
|c|☭Shrek15|JAJAJAJJ
|c|☆TheMobedex|me da miedo y todo
|c|☆TheMobedex|jajaj
|choice|*move 4|*
|choice|move suckerpunch|move icebeam
|
|move|p1a: Mawile|Sucker Punch|p2a: Greninja
|-damage|p2a: Greninja|0 fnt
|faint|p2a: Greninja
|
|upkeep
|inactive|Mr. 007 tiene 285 segundos restantes.
|choice|*|*switch 4
|choice||switch 4
|
|switch|p2a: Celesteela|Celesteela|398\/398
|turn|6
|choice|*|*move 4 1
|choice|*move 3|*
|choice|move knockoff|move flamethrower
|
|move|p1a: Mawile|Knock Off|p2a: Celesteela
|-damage|p2a: Celesteela|192\/398
|-enditem|p2a: Celesteela|Leftovers|[from] move: Knock Off|[of] p1a: Mawile
|move|p2a: Celesteela|Flamethrower|p1a: Mawile
|-supereffective|p1a: Mawile
|-damage|p1a: Mawile|0 fnt
|faint|p1a: Mawile
|-ability|p2a: Celesteela|Beast Boost|boost
|-boost|p2a: Celesteela|spd|1
|
|upkeep
|choice|*switch 5|*
|choice|switch 5|
|
|switch|p1a: Heatran|Heatran, F|324\/324
|-damage|p1a: Heatran|284\/324|[from] Spikes
|turn|7
|choice|*|*switch 5
|choice|*move 3|*
|choice|move substitute|switch 5
|
|switch|p2a: Zygarde|Zygarde|357\/357
|-ability|p2a: Zygarde|Aura Break
|move|p1a: Heatran|Substitute|p1a: Heatran
|-start|p1a: Heatran|Substitute
|-damage|p1a: Heatran|203\/324
|
|-heal|p1a: Heatran|223\/324|[from] item: Leftovers
|upkeep
|turn|8
|choice|*|*move 1
|choice|*move 4|*
|choice|move toxic|move thousandarrows
|
|move|p2a: Zygarde|Thousand Arrows|p1a: Heatran
|-supereffective|p1a: Heatran
|-end|p1a: Heatran|Substitute
|move|p1a: Heatran|Toxic|p2a: Zygarde|[miss]
|-miss|p1a: Heatran|p2a: Zygarde
|
|-heal|p1a: Heatran|243\/324|[from] item: Leftovers
|upkeep
|turn|9
|choice|*|*move 1
|c| RedVento|cuidado y te predice esta :y
|c|%Pyramids rising|predicted mis
|inactive|TheMobedex tiene 285 segundos restantes.
|choice|*switch 4|*
|choice|switch 4|move thousandarrows
|
|switch|p1a: Latios|Latios, M|301\/301
|move|p2a: Zygarde|Thousand Arrows|p1a: Latios
|-damage|p1a: Latios|58\/301
|-start|p1a: Latios|Smack Down
|
|upkeep
|turn|10
|choice|*|*switch 3
|choice|*switch 4|*
|choice|switch 4|switch 3
|
|switch|p1a: Heatran|Heatran, F|243\/324
|-damage|p1a: Heatran|203\/324|[from] Spikes
|switch|p2a: Mawile|Mawile, F, shiny|251\/251
|-ability|p2a: Mawile|Intimidate|boost
|-unboost|p1a: Heatran|atk|1
|
|-heal|p1a: Heatran|223\/324|[from] item: Leftovers
|upkeep
|turn|11
|choice|*|*move 2 mega 1
|choice|*move 4|*
|choice|move toxic|move knockoff mega
|
|-mega|p2a: Mawile|Mawile|Mawilite
|detailschange|p2a: Mawile|Mawile-Mega, F, shiny
|move|p1a: Heatran|Toxic|p2a: Mawile
|-immune|p2a: Mawile|[msg]
|move|p2a: Mawile|Knock Off|p1a: Heatran
|-damage|p1a: Heatran|24\/324
|-enditem|p1a: Heatran|Leftovers|[from] move: Knock Off|[of] p2a: Mawile
|
|upkeep
|turn|12
|choice|*|*move 3 1
|c|☆TheMobedex|opsfopasgasoihfahif
|choice|*move 2|*
|choice|move magmastorm|move suckerpunch
|
|move|p2a: Mawile|Sucker Punch|p1a: Heatran
|-damage|p1a: Heatran|0 fnt
|faint|p1a: Heatran
|
|upkeep
|c|☭Shrek15|JAJAJAJAJAJAJAJJAAJ
|c|☆TheMobedex|tio
|c|☆TheMobedex|me da miedo
|c|☭Shrek15|not human
|c|☆TheMobedex|y todo
|choice|*switch 2|*
|choice|switch 2|
|
|switch|p1a: Landorus|Landorus-Therian, M|320\/320
|-ability|p1a: Landorus|Intimidate|boost
|-unboost|p2a: Mawile|atk|1
|turn|13
|choice|*|*move 4 1
|choice|*move 2|*
|choice|move stealthrock|move playrough
|
|move|p1a: Landorus|Stealth Rock|p2a: Mawile
|-sidestart|p2: Mr. 007|move: Stealth Rock
|move|p2a: Mawile|Play Rough|p1a: Landorus
|-damage|p1a: Landorus|86\/320
|
|upkeep
|turn|14
|choice|*|*move 2 1
|c|%Pyramids rising|LOL
|c|☭Shrek15|JAJAJJAJAJAJ
|c|☆TheMobedex|digo
|inactive|TheMobedex tiene 285 segundos restantes.
|c|☭Shrek15|me estoy riendo realmente
|c|☆TheMobedex|va aser sucker
|c|☆TheMobedex|o play
|c| RedVento|oztia
|c|☭Shrek15|sucker
|c|☆TheMobedex|o switchea a latios
|c|☭Shrek15|ahora
|c|☭Shrek15|hace
|c|☆TheMobedex|o clefa
|inactive|TheMobedex tiene 270 segundos restantes.
|c|☆TheMobedex|idk
|choice|*move 4|*
|choice|move swordsdance|move knockoff
|
|move|p1a: Landorus|Swords Dance|p1a: Landorus
|-boost|p1a: Landorus|atk|2
|move|p2a: Mawile|Knock Off|p1a: Landorus
|-damage|p1a: Landorus|0 fnt
|faint|p1a: Landorus
|
|upkeep
|c| RedVento|sacara a celesteela V:
|c|☆TheMobedex|v:
|c|☭Shrek15|omfg
|c|%Pyramids rising|man
|c|%Pyramids rising|te está violando el bot
|choice|*switch 6|*
|choice|switch 6|
|
|switch|p1a: Kyurem|Kyurem-Black|391\/391
|-damage|p1a: Kyurem|343\/391|[from] Spikes
|-ability|p1a: Kyurem|Teravolt
|turn|15
|choice|*|*move 4 1
|c|%Pyramids rising|galleta tiene q ver esto
|c| RedVento|flipante
|choice|*move 1|*
|choice|move earthpower|move playrough
|
|move|p1a: Kyurem|Earth Power|p2a: Mawile
|-supereffective|p2a: Mawile
|-damage|p2a: Mawile|0 fnt
|-damage|p1a: Kyurem|304\/391|[from] item: Life Orb
|faint|p2a: Mawile
|
|upkeep
|c|%Pyramids rising|para sentirse identificado
|c|☭Shrek15|yo vi como el bot le ganaba a lycans
|inactive|Mr. 007 tiene 285 segundos restantes.
|choice|*|*switch 6
|choice||switch 6
|
|switch|p2a: Clefable|Clefable, M|394\/394
|turn|16
|choice|*|*move 1
|c| RedVento|yo lo uso para practicar xd
|c|%Pyramids rising|y lo flameo
|c|%Pyramids rising|por random plays
|c|☭Shrek15|sí
|c|☭Shrek15|xddd
|choice|*switch 3|*
|choice|switch 3|move stealthrock
|
|switch|p1a: Tangrowth|Tangrowth, F|273\/404
|-damage|p1a: Tangrowth|223\/404|[from] Spikes
|move|p2a: Clefable|Stealth Rock|p1a: Tangrowth
|-sidestart|p1: TheMobedex|move: Stealth Rock
|
|upkeep
|turn|17
|choice|*|*move 2 1
|c|☆TheMobedex|jajajaj
|c|☆TheMobedex|gran replay esa %Pyramids rising
|choice|*move 4|*
|choice|move knockoff|move moonblast
|
|move|p2a: Clefable|Moonblast|p1a: Tangrowth
|-crit|p1a: Tangrowth
|-damage|p1a: Tangrowth|106\/404
|move|p1a: Tangrowth|Knock Off|p2a: Clefable
|-resisted|p2a: Clefable
|-damage|p2a: Clefable|357\/394
|-enditem|p2a: Clefable|Leftovers|[from] move: Knock Off|[of] p1a: Tangrowth
|
|upkeep
|turn|18
|choice|*|*move 2 1
|choice|*move 2|*
|choice|move gigadrain|move moonblast
|
|move|p2a: Clefable|Moonblast|p1a: Tangrowth
|-damage|p1a: Tangrowth|34\/404
|move|p1a: Tangrowth|Giga Drain|p2a: Clefable
|-damage|p2a: Clefable|275\/394
|-heal|p1a: Tangrowth|75\/404|[from] drain|[of] p2a: Clefable
|
|upkeep
|turn|19
|choice|*|*move 2 1
|choice|*move 2|*
|choice|move gigadrain|move moonblast
|
|move|p2a: Clefable|Moonblast|p1a: Tangrowth
|-damage|p1a: Tangrowth|0 fnt
|faint|p1a: Tangrowth
|
|upkeep
|choice|*switch 3|*
|choice|switch 3|
|
|switch|p1a: Kyurem|Kyurem-Black|304\/391
|-damage|p1a: Kyurem|256\/391|[from] Spikes
|-damage|p1a: Kyurem|159\/391|[from] Stealth Rock
|-ability|p1a: Kyurem|Teravolt
|turn|20
|choice|*|*move 2 1
|choice|*move 2|*
|choice|move fusionbolt|move moonblast
|
|move|p1a: Kyurem|Fusion Bolt|p2a: Clefable
|-damage|p2a: Clefable|100\/394
|-damage|p1a: Kyurem|120\/391|[from] item: Life Orb
|move|p2a: Clefable|Moonblast|p1a: Kyurem
|-supereffective|p1a: Kyurem
|-damage|p1a: Kyurem|0 fnt
|faint|p1a: Kyurem
|
|upkeep
|choice|*switch 4|*
|choice|switch 4|
|
|switch|p1a: Latios|Latios, M|58\/301
|-damage|p1a: Latios|21\/301|[from] Stealth Rock
|turn|21
|choice|*|*move 2 1
|choice|*move 3|*
|choice|move psychic|move moonblast
|
|move|p1a: Latios|Psychic|p2a: Clefable
|-damage|p2a: Clefable|0 fnt
|faint|p2a: Clefable
|
|upkeep
|c|☆TheMobedex|buah tio
|c|☆TheMobedex|me suicidarte
|c| RedVento|xD
|inactive|Mr. 007 tiene 285 segundos restantes.
|choice|*|*switch 5
|choice||switch 5
|
|switch|p2a: Celesteela|Celesteela|192\/398
|-damage|p2a: Celesteela|143\/398|[from] Stealth Rock
|turn|22
|choice|*|*move 4 1
|c|☆TheMobedex|ya mucho tiempo sin jugar
|c|☆TheMobedex|se nota
|c|☆TheMobedex|tu asabes
|c|☆TheMobedex|exucsas
|choice|*move 3|*
|choice|move psychic|move flamethrower
|
|move|p1a: Latios|Psychic|p2a: Celesteela
|-resisted|p2a: Celesteela
|-damage|p2a: Celesteela|81\/398
|move|p2a: Celesteela|Flamethrower|p1a: Latios
|-resisted|p1a: Latios
|-damage|p1a: Latios|0 fnt
|faint|p1a: Latios
|
|win|Mr. 007
|c|☆Mr. 007|GG
</script>
</div>
<div class="battle-log battle-log-inline"><div class="inner"><div class="battle-options"></div><div class="inner"><div class=""><small>Format:</small> <br><strong>OU</strong></div><div class=""><small><em>Cláusula-Mod de Dormir:</em> solo puedes dormir a uno de tus oponentes a la vez.</small></div><div class=""><small><em>Cláusula de Especie:</em> Hasta un Pokémon de cada especie</small></div><div class=""><small><em>Cláusula de Golpe Fulminante:</em> los movimientos fulminantes (OHKO) estan prohibidos</small></div><div class=""><small><em>Cláusula de Veleta:</em> la habilidad Veleta está prohibida</small></div><div class=""><small><em>Cláusula de Movimientos Evasivos:</em> los movimientos de Evasión están prohibidos.</small></div><div class=""><small><em>Cláusula de Batallas Eternas:</em> forzar batallas eternas está prohibido</small></div><div class="chat battle-history"><strong>TheMobedex's team:</strong> <em style="color:#445566;display:block;">Kyurem-Black / Landorus-Therian / Mawile / Latios / Tangrowth / Heatran</em></div><div class="chat battle-history"><strong>Mr. 007's team:</strong> <em style="color:#445566;display:block;">Celesteela / Greninja / Latios / Mawile / Zygarde / Clefable</em></div><div class="chat chatmessage-mr007"><strong style="color:hsl(199,88%,46.194086829193964%)"><small>☆</small><span class="username" data-name="Mr. 007">Mr. 007</span>:</strong> <em>gl hf</em></div><div class="chat message-error">Reloj de batalla ENCENDIDO. El jugador inactivo será descalificado (solicitado por Mr. 007).</div><div class="chat message-error">TheMobedex tiene 285 segundos restantes.</div><div class="chat chatmessage-pyramidsrising"><strong style="color:hsl(6,53%,50.439390511359065%)"><small>%</small><span class="username" data-name="Pyramids rising">Pyramids rising</span>:</strong> <em>se viene</em></div><div class="chat message-error">TheMobedex tiene 270 segundos restantes.</div><div class="chat chatmessage-themobedex"><strong style="color:hsl(207,67%,45.50188193553704%)"><small>☆</small><span class="username" data-name="TheMobedex">TheMobedex</span>:</strong> <em>tio</em></div><div class="chat chatmessage-themobedex"><strong style="color:hsl(207,67%,45.50188193553704%)"><small>☆</small><span class="username" data-name="TheMobedex">TheMobedex</span>:</strong> <em>lleva toda la vida</em></div><div class="chat chatmessage-themobedex"><strong style="color:hsl(207,67%,45.50188193553704%)"><small>☆</small><span class="username" data-name="TheMobedex">TheMobedex</span>:</strong> <em>con ese team</em></div><div class="chat message-error">TheMobedex tiene 255 segundos restantes.</div><div class="chat chatmessage-themobedex"><strong style="color:hsl(207,67%,45.50188193553704%)"><small>☆</small><span class="username" data-name="TheMobedex">TheMobedex</span>:</strong> <em>que s elo cambien de vez en cuando</em></div><div class="spacer battle-history"><br></div><div class="battle-history">Battle started between TheMobedex and Mr. 007!<br></div><div class="spacer battle-history"><br></div><div class="battle-history">Go! <strong>Heatran</strong>!<br></div><div class="spacer battle-history"><br></div><div class="battle-history">Mr. 007 sent out <strong>Mawile</strong>!<br></div><div class="battle-history"><small>[The opposing Mawile's Intimidate]</small><br></div><div class="battle-history"><small>Heatran's Attack fell!</small><br></div><div class="spacer battle-history"><br></div><h2 class="battle-history">Turn 1</h2><div class="chat chatmessage-shrek15"><strong style="color:hsl(283,59%,52.08473503314296%)"><small>☭</small><span class="username" data-name="Shrek15">Shrek15</span>:</strong> <em>el greninja no debería ser shiny</em></div><div class="chat chatmessage-pyramidsrising"><strong style="color:hsl(6,53%,50.439390511359065%)"><small>%</small><span class="username" data-name="Pyramids rising">Pyramids rising</span>:</strong> <em>jajajaja</em></div><div class="spacer battle-history"><br></div><div class="battle-history">Mr. 007 withdrew Mawile!<br></div><div class="battle-history">Mr. 007 sent out <strong>Greninja</strong>!<br></div><div class="spacer battle-history"><br></div><div class="battle-history">Heatran used <strong>Magma Storm</strong>!<br></div><div class="battle-history"><small>It's not very effective...</small><br></div><div class="battle-history"><small>(The opposing Greninja lost <abbr title="−125/285">43.9%</abbr> of its health!)</small><br></div><div class="battle-history"><small>The opposing Greninja became trapped by swirling magma!</small><br></div><div class="spacer battle-history"><br></div><div class="battle-history"><small>The opposing Greninja is hurt by Magma Storm!</small><br></div><div class="spacer battle-history"><br></div><h2 class="battle-history">Turn 2</h2><div class="spacer battle-history"><br></div><div class="battle-history">Heatran, come back!<br></div><div class="battle-history">Go! <strong>Tangrowth</strong>!<br></div><div class="spacer battle-history"><br></div><div class="battle-history">The opposing Greninja used <strong>Ice Beam</strong>!<br></div><div class="spacer battle-history"><br></div><div class="battle-history"><small>[The opposing Greninja's Protean]</small><br><small>The opposing Greninja transformed into the Ice type!</small><br></div><div class="battle-history"><small>It's super effective!</small><br></div><div class="battle-history"><small>(Tangrowth lost <abbr title="−265/404">65.6%</abbr> of its health!)</small><br></div><div class="battle-history"><small>The opposing Greninja lost some of its HP!</small><br></div><div class="spacer battle-history"><br></div><h2 class="battle-history">Turn 3</h2><div class="spacer battle-history"><br></div><div class="battle-history">Tangrowth, come back!<br></div><div class="battle-history">Go! <strong>Mawile</strong>!<br></div><div class="spacer battle-history"><br></div><div class="battle-history">The opposing Greninja used <strong>Extrasensory</strong>!<br></div><div class="spacer battle-history"><br></div><div class="battle-history"><small>[The opposing Greninja's Protean]</small><br><small>The opposing Greninja transformed into the Psychic type!</small><br></div><div class="battle-history"><small>It's not very effective...</small><br></div><div class="battle-history"><small>(Mawile lost <abbr title="−125/251">49.8%</abbr> of its health!)</small><br></div><div class="battle-history"><small>The opposing Greninja lost some of its HP!</small><br></div><div class="spacer battle-history"><br></div><h2 class="battle-history">Turn 4</h2><div class="chat chatmessage-shrek15"><strong style="color:hsl(283,59%,52.08473503314296%)"><small>☭</small><span class="username" data-name="Shrek15">Shrek15</span>:</strong> <em>GOD</em></div><div class="spacer battle-history"><br></div><div class="battle-history"><small>Mawile's Mawilite is reacting to the Key Stone!</small><br>Mawile has Mega Evolved into Mega Mawile!<br></div><div class="spacer battle-history"><br></div><div class="battle-history">Mawile used <strong>Sucker Punch</strong>!<br></div><div class="battle-history"><small>But it failed!</small><br></div><div class="spacer battle-history"><br></div><div class="battle-history">The opposing Greninja used <strong>Spikes</strong>!<br></div><div class="spacer battle-history"><br></div><div class="battle-history"><small>[The opposing Greninja's Protean]</small><br><small>The opposing Greninja transformed into the Ground type!</small><br></div><div class="battle-history"><small>Spikes were scattered on the ground all around your team!</small><br></div><div class="spacer battle-history"><br></div><h2 class="battle-history">Turn 5</h2><div class="chat chatmessage-themobedex"><strong style="color:hsl(207,67%,45.50188193553704%)"><small>☆</small><span class="username" data-name="TheMobedex">TheMobedex</span>:</strong> <em>me predice tio</em></div><div class="chat chatmessage-shrek15"><strong style="color:hsl(283,59%,52.08473503314296%)"><small>☭</small><span class="username" data-name="Shrek15">Shrek15</span>:</strong> <em>JAJAJAJJ</em></div><div class="chat chatmessage-themobedex"><strong style="color:hsl(207,67%,45.50188193553704%)"><small>☆</small><span class="username" data-name="TheMobedex">TheMobedex</span>:</strong> <em>me da miedo y todo</em></div><div class="chat chatmessage-themobedex"><strong style="color:hsl(207,67%,45.50188193553704%)"><small>☆</small><span class="username" data-name="TheMobedex">TheMobedex</span>:</strong> <em>jajaj</em></div><div class="spacer battle-history"><br></div><div class="battle-history">Mawile used <strong>Sucker Punch</strong>!<br></div><div class="battle-history"><small>(The opposing Greninja lost <abbr title="−69/285">24.2%</abbr> of its health!)</small><br></div><div class="spacer battle-history"><br></div><div class="battle-history">The opposing Greninja fainted!<br></div><div class="chat message-error">Mr. 007 tiene 285 segundos restantes.</div><div class="spacer battle-history"><br></div><div class="battle-history">Mr. 007 sent out <strong>Celesteela</strong>!<br></div><div class="spacer battle-history"><br></div><h2 class="battle-history">Turn 6</h2><div class="spacer battle-history"><br></div><div class="battle-history">Mawile used <strong>Knock Off</strong>!<br></div><div class="battle-history"><small>(The opposing Celesteela lost <abbr title="−206/398">51.8%</abbr> of its health!)</small><br></div><div class="battle-history"><small>Mawile knocked off the opposing Celesteela's Leftovers!</small><br></div><div class="spacer battle-history"><br></div><div class="battle-history">The opposing Celesteela used <strong>Flamethrower</strong>!<br></div><div class="battle-history"><small>It's super effective!</small><br></div><div class="battle-history"><small>(Mawile lost <abbr title="−126/251">50.2%</abbr> of its health!)</small><br></div><div class="spacer battle-history"><br></div><div class="battle-history">Mawile fainted!<br></div><div class="battle-history"><small>[The opposing Celesteela's Beast Boost]</small><br></div><div class="battle-history"><small>The opposing Celesteela's Special Defense rose!</small><br></div><div class="spacer battle-history"><br></div><div class="battle-history">Go! <strong>Heatran</strong>!<br></div><div class="battle-history"><small>Heatran is hurt by the spikes!</small><br></div><div class="spacer battle-history"><br></div><h2 class="battle-history">Turn 7</h2><div class="spacer battle-history"><br></div><div class="battle-history">Mr. 007 withdrew Celesteela!<br></div><div class="battle-history">Mr. 007 sent out <strong>Zygarde</strong>!<br></div><div class="battle-history"><small>[The opposing Zygarde's Aura Break]</small><br><small>The opposing Zygarde reversed all other Pokémon's auras!</small><br></div><div class="spacer battle-history"><br></div><div class="battle-history">Heatran used <strong>Substitute</strong>!<br></div><div class="battle-history"><small>Heatran put in a substitute!</small><br></div><div class="battle-history"><small>(Heatran lost <abbr title="−81/324">25%</abbr> of its health!)</small><br></div><div class="spacer battle-history"><br></div><div class="battle-history"><small>Heatran restored a little HP using its Leftovers!</small><br></div><div class="spacer battle-history"><br></div><h2 class="battle-history">Turn 8</h2><div class="spacer battle-history"><br></div><div class="battle-history">The opposing Zygarde used <strong>Thousand Arrows</strong>!<br></div><div class="battle-history"><small>It's super effective!</small><br></div><div class="battle-history"><small>Heatran's substitute faded!</small><br></div><div class="spacer battle-history"><br></div><div class="battle-history">Heatran used <strong>Toxic</strong>!<br></div><div class="battle-history"><small>The opposing Zygarde avoided the attack!</small><br></div><div class="spacer battle-history"><br></div><div class="battle-history"><small>Heatran restored a little HP using its Leftovers!</small><br></div><div class="spacer battle-history"><br></div><h2 class="battle-history">Turn 9</h2><div class="chat chatmessage-redvento"><strong style="color:hsl(213,46%,47%)"><small> </small><span class="username" data-name="RedVento">RedVento</span>:</strong> <em>cuidado y te predice esta :y</em></div><div class="chat chatmessage-pyramidsrising"><strong style="color:hsl(6,53%,50.439390511359065%)"><small>%</small><span class="username" data-name="Pyramids rising">Pyramids rising</span>:</strong> <em>predicted mis</em></div><div class="chat message-error">TheMobedex tiene 285 segundos restantes.</div><div class="spacer battle-history"><br></div><div class="battle-history">Heatran, come back!<br></div><div class="battle-history">Go! <strong>Latios</strong>!<br></div><div class="spacer battle-history"><br></div><div class="battle-history">The opposing Zygarde used <strong>Thousand Arrows</strong>!<br></div><div class="battle-history"><small>(Latios lost <abbr title="−243/301">80.7%</abbr> of its health!)</small><br></div><div class="battle-history"><small>Latios fell straight down!</small><br></div><div class="spacer battle-history"><br></div><h2 class="battle-history">Turn 10</h2><div class="spacer battle-history"><br></div><div class="battle-history">Latios, come back!<br></div><div class="battle-history">Go! <strong>Heatran</strong>!<br></div><div class="battle-history"><small>Heatran is hurt by the spikes!</small><br></div><div class="spacer battle-history"><br></div><div class="battle-history">Mr. 007 withdrew Zygarde!<br></div><div class="battle-history">Mr. 007 sent out <strong>Mawile</strong>!<br></div><div class="battle-history"><small>[The opposing Mawile's Intimidate]</small><br></div><div class="battle-history"><small>Heatran's Attack fell!</small><br></div><div class="spacer battle-history"><br></div><div class="battle-history"><small>Heatran restored a little HP using its Leftovers!</small><br></div><div class="spacer battle-history"><br></div><h2 class="battle-history">Turn 11</h2><div class="spacer battle-history"><br></div><div class="battle-history"><small>The opposing Mawile's Mawilite is reacting to the Key Stone!</small><br>The opposing Mawile has Mega Evolved into Mega Mawile!<br></div><div class="spacer battle-history"><br></div><div class="battle-history">Heatran used <strong>Toxic</strong>!<br></div><div class="battle-history"><small>It doesn't affect the opposing Mawile...</small><br></div><div class="spacer battle-history"><br></div><div class="battle-history">The opposing Mawile used <strong>Knock Off</strong>!<br></div><div class="battle-history"><small>(Heatran lost <abbr title="−199/324">61.4%</abbr> of its health!)</small><br></div><div class="battle-history"><small>The opposing Mawile knocked off Heatran's Leftovers!</small><br></div><div class="spacer battle-history"><br></div><h2 class="battle-history">Turn 12</h2><div class="chat chatmessage-themobedex"><strong style="color:hsl(207,67%,45.50188193553704%)"><small>☆</small><span class="username" data-name="TheMobedex">TheMobedex</span>:</strong> <em>opsfopasgasoihfahif</em></div><div class="spacer battle-history"><br></div><div class="battle-history">The opposing Mawile used <strong>Sucker Punch</strong>!<br></div><div class="battle-history"><small>(Heatran lost <abbr title="−24/324">7.4%</abbr> of its health!)</small><br></div><div class="spacer battle-history"><br></div><div class="battle-history">Heatran fainted!<br></div><div class="chat chatmessage-shrek15"><strong style="color:hsl(283,59%,52.08473503314296%)"><small>☭</small><span class="username" data-name="Shrek15">Shrek15</span>:</strong> <em>JAJAJAJAJAJAJAJJAAJ</em></div><div class="chat chatmessage-themobedex"><strong style="color:hsl(207,67%,45.50188193553704%)"><small>☆</small><span class="username" data-name="TheMobedex">TheMobedex</span>:</strong> <em>tio</em></div><div class="chat chatmessage-themobedex"><strong style="color:hsl(207,67%,45.50188193553704%)"><small>☆</small><span class="username" data-name="TheMobedex">TheMobedex</span>:</strong> <em>me da miedo</em></div><div class="chat chatmessage-shrek15"><strong style="color:hsl(283,59%,52.08473503314296%)"><small>☭</small><span class="username" data-name="Shrek15">Shrek15</span>:</strong> <em>not human</em></div><div class="chat chatmessage-themobedex"><strong style="color:hsl(207,67%,45.50188193553704%)"><small>☆</small><span class="username" data-name="TheMobedex">TheMobedex</span>:</strong> <em>y todo</em></div><div class="spacer battle-history"><br></div><div class="battle-history">Go! Landorus (<strong>Landorus-Therian</strong>)!<br></div><div class="battle-history"><small>[Landorus's Intimidate]</small><br></div><div class="battle-history"><small>The opposing Mawile's Attack fell!</small><br></div><div class="spacer battle-history"><br></div><h2 class="battle-history">Turn 13</h2><div class="spacer battle-history"><br></div><div class="battle-history">Landorus used <strong>Stealth Rock</strong>!<br></div><div class="battle-history"><small>Pointed stones float in the air around the opposing team!</small><br></div><div class="spacer battle-history"><br></div><div class="battle-history">The opposing Mawile used <strong>Play Rough</strong>!<br></div><div class="battle-history"><small>(Landorus lost <abbr title="−234/320">73.1%</abbr> of its health!)</small><br></div><div class="spacer battle-history"><br></div><h2 class="battle-history">Turn 14</h2><div class="chat chatmessage-pyramidsrising"><strong style="color:hsl(6,53%,50.439390511359065%)"><small>%</small><span class="username" data-name="Pyramids rising">Pyramids rising</span>:</strong> <em>LOL</em></div><div class="chat chatmessage-shrek15"><strong style="color:hsl(283,59%,52.08473503314296%)"><small>☭</small><span class="username" data-name="Shrek15">Shrek15</span>:</strong> <em>JAJAJJAJAJAJ</em></div><div class="chat chatmessage-themobedex"><strong style="color:hsl(207,67%,45.50188193553704%)"><small>☆</small><span class="username" data-name="TheMobedex">TheMobedex</span>:</strong> <em>digo</em></div><div class="chat message-error">TheMobedex tiene 285 segundos restantes.</div><div class="chat chatmessage-shrek15"><strong style="color:hsl(283,59%,52.08473503314296%)"><small>☭</small><span class="username" data-name="Shrek15">Shrek15</span>:</strong> <em>me estoy riendo realmente</em></div><div class="chat chatmessage-themobedex"><strong style="color:hsl(207,67%,45.50188193553704%)"><small>☆</small><span class="username" data-name="TheMobedex">TheMobedex</span>:</strong> <em>va aser sucker</em></div><div class="chat chatmessage-themobedex"><strong style="color:hsl(207,67%,45.50188193553704%)"><small>☆</small><span class="username" data-name="TheMobedex">TheMobedex</span>:</strong> <em>o play</em></div><div class="chat chatmessage-redvento"><strong style="color:hsl(213,46%,47%)"><small> </small><span class="username" data-name="RedVento">RedVento</span>:</strong> <em>oztia</em></div><div class="chat chatmessage-shrek15"><strong style="color:hsl(283,59%,52.08473503314296%)"><small>☭</small><span class="username" data-name="Shrek15">Shrek15</span>:</strong> <em>sucker</em></div><div class="chat chatmessage-themobedex"><strong style="color:hsl(207,67%,45.50188193553704%)"><small>☆</small><span class="username" data-name="TheMobedex">TheMobedex</span>:</strong> <em>o switchea a latios</em></div><div class="chat chatmessage-shrek15"><strong style="color:hsl(283,59%,52.08473503314296%)"><small>☭</small><span class="username" data-name="Shrek15">Shrek15</span>:</strong> <em>ahora</em></div><div class="chat chatmessage-shrek15"><strong style="color:hsl(283,59%,52.08473503314296%)"><small>☭</small><span class="username" data-name="Shrek15">Shrek15</span>:</strong> <em>hace</em></div><div class="chat chatmessage-themobedex"><strong style="color:hsl(207,67%,45.50188193553704%)"><small>☆</small><span class="username" data-name="TheMobedex">TheMobedex</span>:</strong> <em>o clefa</em></div><div class="chat message-error">TheMobedex tiene 270 segundos restantes.</div><div class="chat chatmessage-themobedex"><strong style="color:hsl(207,67%,45.50188193553704%)"><small>☆</small><span class="username" data-name="TheMobedex">TheMobedex</span>:</strong> <em>idk</em></div><div class="spacer battle-history"><br></div><div class="battle-history">Landorus used <strong>Swords Dance</strong>!<br></div><div class="battle-history"><small>Landorus's Attack rose sharply!</small><br></div><div class="spacer battle-history"><br></div><div class="battle-history">The opposing Mawile used <strong>Knock Off</strong>!<br></div><div class="battle-history"><small>(Landorus lost <abbr title="−86/320">26.9%</abbr> of its health!)</small><br></div><div class="spacer battle-history"><br></div><div class="battle-history">Landorus fainted!<br></div><div class="chat chatmessage-redvento"><strong style="color:hsl(213,46%,47%)"><small> </small><span class="username" data-name="RedVento">RedVento</span>:</strong> <em>sacara a celesteela V:</em></div><div class="chat chatmessage-themobedex"><strong style="color:hsl(207,67%,45.50188193553704%)"><small>☆</small><span class="username" data-name="TheMobedex">TheMobedex</span>:</strong> <em>v:</em></div><div class="chat chatmessage-shrek15"><strong style="color:hsl(283,59%,52.08473503314296%)"><small>☭</small><span class="username" data-name="Shrek15">Shrek15</span>:</strong> <em>omfg</em></div><div class="chat chatmessage-pyramidsrising"><strong style="color:hsl(6,53%,50.439390511359065%)"><small>%</small><span class="username" data-name="Pyramids rising">Pyramids rising</span>:</strong> <em>man</em></div><div class="chat chatmessage-pyramidsrising"><strong style="color:hsl(6,53%,50.439390511359065%)"><small>%</small><span class="username" data-name="Pyramids rising">Pyramids rising</span>:</strong> <em>te está violando el bot</em></div><div class="spacer battle-history"><br></div><div class="battle-history">Go! Kyurem (<strong>Kyurem-Black</strong>)!<br></div><div class="battle-history"><small>Kyurem is hurt by the spikes!</small><br></div><div class="battle-history"><small>[Kyurem's Teravolt]</small><br><small>Kyurem is radiating a bursting aura!</small><br></div><div class="spacer battle-history"><br></div><h2 class="battle-history">Turn 15</h2><div class="chat chatmessage-pyramidsrising"><strong style="color:hsl(6,53%,50.439390511359065%)"><small>%</small><span class="username" data-name="Pyramids rising">Pyramids rising</span>:</strong> <em>galleta tiene q ver esto</em></div><div class="chat chatmessage-redvento"><strong style="color:hsl(213,46%,47%)"><small> </small><span class="username" data-name="RedVento">RedVento</span>:</strong> <em>flipante</em></div><div class="spacer battle-history"><br></div><div class="battle-history">Kyurem used <strong>Earth Power</strong>!<br></div><div class="battle-history"><small>It's super effective!</small><br></div><div class="battle-history"><small>(The opposing Mawile lost <abbr title="−251/251">100%</abbr> of its health!)</small><br></div><div class="battle-history"><small>Kyurem lost some of its HP!</small><br></div><div class="spacer battle-history"><br></div><div class="battle-history">The opposing Mawile fainted!<br></div><div class="chat chatmessage-pyramidsrising"><strong style="color:hsl(6,53%,50.439390511359065%)"><small>%</small><span class="username" data-name="Pyramids rising">Pyramids rising</span>:</strong> <em>para sentirse identificado</em></div><div class="chat chatmessage-shrek15"><strong style="color:hsl(283,59%,52.08473503314296%)"><small>☭</small><span class="username" data-name="Shrek15">Shrek15</span>:</strong> <em>yo vi como el bot le ganaba a lycans</em></div><div class="chat message-error">Mr. 007 tiene 285 segundos restantes.</div><div class="spacer battle-history"><br></div><div class="battle-history">Mr. 007 sent out <strong>Clefable</strong>!<br></div><div class="spacer battle-history"><br></div><h2 class="battle-history">Turn 16</h2><div class="chat chatmessage-redvento"><strong style="color:hsl(213,46%,47%)"><small> </small><span class="username" data-name="RedVento">RedVento</span>:</strong> <em>yo lo uso para practicar xd</em></div><div class="chat chatmessage-pyramidsrising"><strong style="color:hsl(6,53%,50.439390511359065%)"><small>%</small><span class="username" data-name="Pyramids rising">Pyramids rising</span>:</strong> <em>y lo flameo</em></div><div class="chat chatmessage-pyramidsrising"><strong style="color:hsl(6,53%,50.439390511359065%)"><small>%</small><span class="username" data-name="Pyramids rising">Pyramids rising</span>:</strong> <em>por random plays</em></div><div class="chat chatmessage-shrek15"><strong style="color:hsl(283,59%,52.08473503314296%)"><small>☭</small><span class="username" data-name="Shrek15">Shrek15</span>:</strong> <em>sí</em></div><div class="chat chatmessage-shrek15"><strong style="color:hsl(283,59%,52.08473503314296%)"><small>☭</small><span class="username" data-name="Shrek15">Shrek15</span>:</strong> <em>xddd</em></div><div class="spacer battle-history"><br></div><div class="battle-history">Kyurem, come back!<br></div><div class="battle-history">Go! <strong>Tangrowth</strong>!<br></div><div class="battle-history"><small>Tangrowth is hurt by the spikes!</small><br></div><div class="spacer battle-history"><br></div><div class="battle-history">The opposing Clefable used <strong>Stealth Rock</strong>!<br></div><div class="battle-history"><small>Pointed stones float in the air around your team!</small><br></div><div class="spacer battle-history"><br></div><h2 class="battle-history">Turn 17</h2><div class="chat chatmessage-themobedex"><strong style="color:hsl(207,67%,45.50188193553704%)"><small>☆</small><span class="username" data-name="TheMobedex">TheMobedex</span>:</strong> <em>jajajaj</em></div><div class="chat chatmessage-themobedex"><strong style="color:hsl(207,67%,45.50188193553704%)"><small>☆</small><span class="username" data-name="TheMobedex">TheMobedex</span>:</strong> <em>gran replay esa %Pyramids rising</em></div><div class="spacer battle-history"><br></div><div class="battle-history">The opposing Clefable used <strong>Moonblast</strong>!<br></div><div class="battle-history"><small>A critical hit!</small><br></div><div class="battle-history"><small>(Tangrowth lost <abbr title="−117/404">29.0%</abbr> of its health!)</small><br></div><div class="spacer battle-history"><br></div><div class="battle-history">Tangrowth used <strong>Knock Off</strong>!<br></div><div class="battle-history"><small>It's not very effective...</small><br></div><div class="battle-history"><small>(The opposing Clefable lost <abbr title="−37/394">9.4%</abbr> of its health!)</small><br></div><div class="battle-history"><small>Tangrowth knocked off the opposing Clefable's Leftovers!</small><br></div><div class="spacer battle-history"><br></div><h2 class="battle-history">Turn 18</h2><div class="spacer battle-history"><br></div><div class="battle-history">The opposing Clefable used <strong>Moonblast</strong>!<br></div><div class="battle-history"><small>(Tangrowth lost <abbr title="−72/404">17.8%</abbr> of its health!)</small><br></div><div class="spacer battle-history"><br></div><div class="battle-history">Tangrowth used <strong>Giga Drain</strong>!<br></div><div class="battle-history"><small>(The opposing Clefable lost <abbr title="−82/394">20.8%</abbr> of its health!)</small><br></div><div class="battle-history"><small>The opposing Clefable had its energy drained!</small><br></div><div class="spacer battle-history"><br></div><h2 class="battle-history">Turn 19</h2><div class="spacer battle-history"><br></div><div class="battle-history">The opposing Clefable used <strong>Moonblast</strong>!<br></div><div class="battle-history"><small>(Tangrowth lost <abbr title="−75/404">18.6%</abbr> of its health!)</small><br></div><div class="spacer battle-history"><br></div><div class="battle-history">Tangrowth fainted!<br></div><div class="spacer battle-history"><br></div><div class="battle-history">Go! Kyurem (<strong>Kyurem-Black</strong>)!<br></div><div class="battle-history"><small>Kyurem is hurt by the spikes!</small><br></div><div class="battle-history"><small>Pointed stones dug into Kyurem!</small><br></div><div class="battle-history"><small>[Kyurem's Teravolt]</small><br><small>Kyurem is radiating a bursting aura!</small><br></div><div class="spacer battle-history"><br></div><h2 class="battle-history">Turn 20</h2><div class="spacer battle-history"><br></div><div class="battle-history">Kyurem used <strong>Fusion Bolt</strong>!<br></div><div class="battle-history"><small>(The opposing Clefable lost <abbr title="−175/394">44.4%</abbr> of its health!)</small><br></div><div class="battle-history"><small>Kyurem lost some of its HP!</small><br></div><div class="spacer battle-history"><br></div><div class="battle-history">The opposing Clefable used <strong>Moonblast</strong>!<br></div><div class="battle-history"><small>It's super effective!</small><br></div><div class="battle-history"><small>(Kyurem lost <abbr title="−120/391">30.7%</abbr> of its health!)</small><br></div><div class="spacer battle-history"><br></div><div class="battle-history">Kyurem fainted!<br></div><div class="spacer battle-history"><br></div><div class="battle-history">Go! <strong>Latios</strong>!<br></div><div class="battle-history"><small>Pointed stones dug into Latios!</small><br></div><div class="spacer battle-history"><br></div><h2 class="battle-history">Turn 21</h2><div class="spacer battle-history"><br></div><div class="battle-history">Latios used <strong>Psychic</strong>!<br></div><div class="battle-history"><small>(The opposing Clefable lost <abbr title="−100/394">25.4%</abbr> of its health!)</small><br></div><div class="spacer battle-history"><br></div><div class="battle-history">The opposing Clefable fainted!<br></div><div class="chat chatmessage-themobedex"><strong style="color:hsl(207,67%,45.50188193553704%)"><small>☆</small><span class="username" data-name="TheMobedex">TheMobedex</span>:</strong> <em>buah tio</em></div><div class="chat chatmessage-themobedex"><strong style="color:hsl(207,67%,45.50188193553704%)"><small>☆</small><span class="username" data-name="TheMobedex">TheMobedex</span>:</strong> <em>me suicidarte</em></div><div class="chat chatmessage-redvento"><strong style="color:hsl(213,46%,47%)"><small> </small><span class="username" data-name="RedVento">RedVento</span>:</strong> <em>xD</em></div><div class="chat message-error">Mr. 007 tiene 285 segundos restantes.</div><div class="spacer battle-history"><br></div><div class="battle-history">Mr. 007 sent out <strong>Celesteela</strong>!<br></div><div class="battle-history"><small>Pointed stones dug into the opposing Celesteela!</small><br></div><div class="spacer battle-history"><br></div><h2 class="battle-history">Turn 22</h2><div class="chat chatmessage-themobedex"><strong style="color:hsl(207,67%,45.50188193553704%)"><small>☆</small><span class="username" data-name="TheMobedex">TheMobedex</span>:</strong> <em>ya mucho tiempo sin jugar</em></div><div class="chat chatmessage-themobedex"><strong style="color:hsl(207,67%,45.50188193553704%)"><small>☆</small><span class="username" data-name="TheMobedex">TheMobedex</span>:</strong> <em>se nota</em></div><div class="chat chatmessage-themobedex"><strong style="color:hsl(207,67%,45.50188193553704%)"><small>☆</small><span class="username" data-name="TheMobedex">TheMobedex</span>:</strong> <em>tu asabes</em></div><div class="chat chatmessage-themobedex"><strong style="color:hsl(207,67%,45.50188193553704%)"><small>☆</small><span class="username" data-name="TheMobedex">TheMobedex</span>:</strong> <em>exucsas</em></div><div class="spacer battle-history"><br></div><div class="battle-history">Latios used <strong>Psychic</strong>!<br></div><div class="battle-history"><small>It's not very effective...</small><br></div><div class="battle-history"><small>(The opposing Celesteela lost <abbr title="−62/398">15.6%</abbr> of its health!)</small><br></div><div class="spacer battle-history"><br></div><div class="battle-history">The opposing Celesteela used <strong>Flamethrower</strong>!<br></div><div class="battle-history"><small>It's not very effective...</small><br></div><div class="battle-history"><small>(Latios lost <abbr title="−21/301">7.0%</abbr> of its health!)</small><br></div><div class="spacer battle-history"><br></div><div class="battle-history">Latios fainted!<br></div><div class="spacer battle-history"><br></div><div class="battle-history"><strong>Mr. 007</strong> won the battle!<br></div><div class="chat chatmessage-mr007"><strong style="color:hsl(199,88%,46.194086829193964%)"><small>☆</small><span class="username" data-name="Mr. 007">Mr. 007</span>:</strong> <em>GG</em></div></div><div class="inner-preempt"></div></div></div>
</div>
<script>
let daily = Math.floor(Date.now()/1000/60/60/24);document.write('<script src="https://play.pokemonshowdown.com/js/replay-embed.js?version'+daily+'"></'+'script>');
</script>
