<!DOCTYPE html>
<meta charset="utf-8" />
<!-- version 1 -->
<title>OU replay: MegaツlucarioFire✘ vs. yoce gamer 01</title>
<style>
html,body {font-family:Verdana, sans-serif;font-size:10pt;margin:0;padding:0;}body{padding:12px 0;} .battle-log {font-family:Verdana, sans-serif;font-size:10pt;} .battle-log-inline {border:1px solid #AAAAAA;background:#EEF2F5;color:black;max-width:640px;margin:0 auto 80px;padding-bottom:5px;} .battle-log .inner {padding:4px 8px 0px 8px;} .battle-log .inner-preempt {padding:0 8px 4px 8px;} .battle-log .inner-after {margin-top:0.5em;} .battle-log h2 {margin:0.5em -8px;padding:4px 8px;border:1px solid #AAAAAA;background:#E0E7EA;border-left:0;border-right:0;font-family:Verdana, sans-serif;font-size:13pt;} .battle-log .chat {vertical-align:middle;padding:3px 0 3px 0;font-size:8pt;} .battle-log .chat strong {color:#40576A;} .battle-log .chat em {padding:1px 4px 1px 3px;color:#000000;font-style:normal;} .chat.mine {background:rgba(0,0,0,0.05);margin-left:-8px;margin-right:-8px;padding-left:8px;padding-right:8px;} .spoiler {color:#BBBBBB;background:#BBBBBB;padding:0px 3px;} .spoiler:hover, .spoiler:active, .spoiler-shown {color:#000000;background:#E2E2E2;padding:0px 3px;} .spoiler a {color:#BBBBBB;} .spoiler:hover a, .spoiler:active a, .spoiler-shown a {color:#2288CC;} .chat code, .chat .spoiler:hover code, .chat .spoiler:active code, .chat .spoiler-shown code {border:1px solid #C0C0C0;background:#EEEEEE;color:black;padding:0 2px;} .chat .spoiler code {border:1px solid #CCCCCC;background:#CCCCCC;color:#CCCCCC;} .battle-log .rated {padding:3px 4px;} .battle-log .rated strong {color:white;background:#89A;padding:1px 4px;border-radius:4px;} .spacer {margin-top:0.5em;} .message-announce {background:#6688AA;color:white;padding:1px 4px 2px;} .message-announce a, .broadcast-green a, .broadcast-blue a, .broadcast-red a {color:#DDEEFF;} .broadcast-green {background-color:#559955;color:white;padding:2px 4px;} .broadcast-blue {background-color:#6688AA;color:white;padding:2px 4px;} .infobox {border:1px solid #6688AA;padding:2px 4px;} .infobox-limited {max-height:200px;overflow:auto;overflow-x:hidden;} .broadcast-red {background-color:#AA5544;color:white;padding:2px 4px;} .message-learn-canlearn {font-weight:bold;color:#228822;text-decoration:underline;} .message-learn-cannotlearn {font-weight:bold;color:#CC2222;text-decoration:underline;} .message-effect-weak {font-weight:bold;color:#CC2222;} .message-effect-resist {font-weight:bold;color:#6688AA;} .message-effect-immune {font-weight:bold;color:#666666;} .message-learn-list {margin-top:0;margin-bottom:0;} .message-throttle-notice, .message-error {color:#992222;} .message-overflow, .chat small.message-overflow {font-size:0pt;} .message-overflow::before {font-size:9pt;content:'...';} .subtle {color:#3A4A66;}
</style>
<div class="wrapper replay-wrapper" style="max-width:1180px;margin:0 auto">
<input type="hidden" name="replayid" value="destiny-ou-432047" />
<div class="battle"></div><div class="battle-log"></div><div class="replay-controls"></div><div class="replay-controls-2"></div>
<h1 style="font-weight:normal;text-align:center"><strong>OU</strong><br /><a href="http://pokemonshowdown.com/users/megalucariofire" class="subtle" target="_blank">MegaツlucarioFire✘</a> vs. <a href="http://pokemonshowdown.com/users/yocegamer01" class="subtle" target="_blank">yoce gamer 01</a></h1>
<script type="text/plain" class="battle-log-data">|player|p1|MegaツlucarioFire✘|megalucariofire-3.gif?9676df6a
|teamsize|p1|6
|player|p2|yoce gamer 01|yocegamer01.gif?912b00ed
|teamsize|p2|6
|teamsize|p1|6
|teamsize|p2|6
|gametype|singles
|gen|7
|tier|OU
|seed|59907,53660,2512,5714
|rule|Cláusula-Mod de Dormir: solo puedes dormir a uno de tus oponentes a la vez.
|rule|Cláusula de Especie: Hasta un Pokémon de cada especie
|rule|Cláusula de Golpe Fulminante: los movimientos fulminantes (OHKO) estan prohibidos
|rule|Cláusula de Veleta: la habilidad Veleta está prohibida
|rule|Cláusula de Movimientos Evasivos: los movimientos de Evasión están prohibidos.
|rule|Cláusula de Batallas Eternas: forzar batallas eternas está prohibido
|clearpoke
|poke|p1|Zygarde|item
|poke|p1|Hoopa-Unbound|item
|poke|p1|Toxapex, M|item
|poke|p1|Magearna|item
|poke|p1|Landorus-Therian, M|item
|poke|p1|Kartana|item
|poke|p2|Lopunny, F|item
|poke|p2|Greninja, F|item
|poke|p2|Mimikyu, M|item
|poke|p2|Magearna|item
|poke|p2|Serperior, F|item
|poke|p2|Rotom-Wash|item
|teampreview|undefined
|c|☆yoce gamer 01|Suerte
|choice|*|*team 523416
|c|☆MegaツlucarioFire✘|=
|choice|*team 123456|*
|choice|team 1, 2, 3, 4, 5, 6|team 5, 2, 3, 4, 1, 6
|
|start
|switch|p1a: Zygarde|Zygarde|365\/365
|switch|p2a: Serperior|Serperior, F|291\/291
|-ability|p1a: Zygarde|Aura Break
|turn|1
|choice|*move 4|*
|choice|*|*move 4
|choice|move protect|move substitute
|
|move|p1a: Zygarde|Protect|p1a: Zygarde
|-singleturn|p1a: Zygarde|Protect
|move|p2a: Serperior|Substitute|p2a: Serperior
|-start|p2a: Serperior|Substitute
|-damage|p2a: Serperior|219\/291
|
|upkeep
|turn|2
|choice|*switch 4|*
|choice|*|*move 3
|choice|switch 4|move leafstorm
|
|switch|p1a: Magearna|Magearna|351\/351
|move|p2a: Serperior|Leaf Storm|p1a: Magearna
|-resisted|p1a: Magearna
|-damage|p1a: Magearna|324\/351
|-boost|p2a: Serperior|spa|2
|
|upkeep
|turn|3
|choice|*move 3|*
|choice|*|*move 2
|choice|move hiddenpower|move glare
|
|move|p2a: Serperior|Glare|p1a: Magearna
|-status|p1a: Magearna|par
|cant|p1a: Magearna|par
|
|upkeep
|turn|4
|choice|*move 2|*
|choice|*move 3|*
|choice|*|*move 3
|choice|move hiddenpower|move leafstorm
|
|move|p2a: Serperior|Leaf Storm|p1a: Magearna
|-resisted|p1a: Magearna
|-crit|p1a: Magearna
|-damage|p1a: Magearna|249\/351 par
|-boost|p2a: Serperior|spa|2
|move|p1a: Magearna|Hidden Power|p2a: Serperior
|-supereffective|p2a: Serperior
|-end|p2a: Serperior|Substitute
|
|upkeep
|turn|5
|choice|*|*move 3
|choice|*move 4|*
|choice|move voltswitch|move leafstorm
|
|move|p2a: Serperior|Leaf Storm|p1a: Magearna
|-resisted|p1a: Magearna
|-damage|p1a: Magearna|176\/351 par
|-boost|p2a: Serperior|spa|2
|move|p1a: Magearna|Volt Switch|p2a: Serperior
|-resisted|p2a: Serperior
|-damage|p2a: Serperior|181\/291
|choice|*switch 6|*
|choice|switch 6|
|
|switch|p1a: Kartana|Kartana|259\/259|[from]move: Volt Switch
|
|upkeep
|turn|6
|choice|*move 1|*
|choice|*|*move 1
|choice|move smartstrike|move dragonpulse
|
|move|p1a: Kartana|Smart Strike|p2a: Serperior
|-damage|p2a: Serperior|24\/291
|move|p2a: Serperior|Dragon Pulse|p1a: Kartana
|-resisted|p1a: Kartana
|-damage|p1a: Kartana|0 fnt
|faint|p1a: Kartana
|
|upkeep
|choice|*switch 6|*
|choice|switch 6|
|
|switch|p1a: Magearna|Magearna|176\/351 par
|turn|7
|choice|*move 4|*
|choice|*|*move 3
|choice|move voltswitch|move leafstorm
|
|move|p2a: Serperior|Leaf Storm|p1a: Magearna
|-resisted|p1a: Magearna
|-crit|p1a: Magearna
|-damage|p1a: Magearna|21\/351 par
|move|p1a: Magearna|Volt Switch|p2a: Serperior
|-resisted|p2a: Serperior
|-damage|p2a: Serperior|0 fnt
|faint|p2a: Serperior
|-ability|p1a: Magearna|Soul-Heart|boost
|-boost|p1a: Magearna|spa|1
|choice|*switch 3|*
|choice|switch 3|
|
|switch|p1a: Toxapex|Toxapex, M|303\/303|[from]move: Volt Switch
|
|upkeep
|choice|*|*switch 6
|choice||switch 6
|
|switch|p2a: Rotom|Rotom-Wash|304\/304
|turn|8
|choice|*|*move 3
|choice|*switch 3|*
|choice|switch 3|move willowisp
|
|switch|p1a: Magearna|Magearna|21\/351 par
|move|p2a: Rotom|Will-O-Wisp|p1a: Magearna
|-fail|p1a: Magearna
|
|upkeep
|turn|9
|choice|*|*move 2
|choice|*move 4|*
|choice|move voltswitch|move voltswitch
|
|move|p2a: Rotom|Volt Switch|p1a: Magearna
|-damage|p1a: Magearna|0 fnt
|faint|p1a: Magearna
|choice|*|*switch 2
|choice||switch 2
|
|switch|p2a: Greninja|Greninja, F|285\/285|[from]move: Volt Switch
|
|upkeep
|choice|*switch 3|*
|choice|switch 3|
|
|switch|p1a: Toxapex|Toxapex, M|303\/303
|turn|10
|choice|*move 3|*
|choice|*|*move 4
|choice|move infestation|move extrasensory
|
|move|p2a: Greninja|Extrasensory|p1a: Toxapex
|-start|p2a: Greninja|typechange|Psychic|[from] Protean
|-supereffective|p1a: Toxapex
|-damage|p1a: Toxapex|151\/303
|move|p1a: Toxapex|Infestation|p2a: Greninja
|-supereffective|p2a: Greninja
|-damage|p2a: Greninja|257\/285
|-activate|p2a: Greninja|move: Infestation|[of] p1a: Toxapex
|
|-heal|p1a: Toxapex|169\/303|[from] item: Black Sludge
|-damage|p2a: Greninja|222\/285|[from] move: Infestation|[partiallytrapped]
|upkeep
|turn|11
|choice|*move 4|*
|choice|*|*move 4
|choice|move recover|move extrasensory
|
|move|p2a: Greninja|Extrasensory|p1a: Toxapex
|-supereffective|p1a: Toxapex
|-damage|p1a: Toxapex|7\/303
|move|p1a: Toxapex|Recover|p1a: Toxapex
|-heal|p1a: Toxapex|159\/303
|
|-heal|p1a: Toxapex|177\/303|[from] item: Black Sludge
|-damage|p2a: Greninja|187\/285|[from] move: Infestation|[partiallytrapped]
|upkeep
|turn|12
|choice|*move 4|*
|choice|*|*move 4
|choice|move recover|move extrasensory
|
|move|p2a: Greninja|Extrasensory|p1a: Toxapex
|-supereffective|p1a: Toxapex
|-damage|p1a: Toxapex|15\/303
|move|p1a: Toxapex|Recover|p1a: Toxapex
|-heal|p1a: Toxapex|167\/303
|
|-heal|p1a: Toxapex|185\/303|[from] item: Black Sludge
|-damage|p2a: Greninja|152\/285|[from] move: Infestation|[partiallytrapped]
|upkeep
|turn|13
|choice|*|*move 4
|choice|*move 4|*
|choice|move recover|move extrasensory
|
|move|p2a: Greninja|Extrasensory|p1a: Toxapex
|-supereffective|p1a: Toxapex
|-damage|p1a: Toxapex|11\/303
|move|p1a: Toxapex|Recover|p1a: Toxapex
|-heal|p1a: Toxapex|163\/303
|
|-heal|p1a: Toxapex|181\/303|[from] item: Black Sludge
|-damage|p2a: Greninja|117\/285|[from] move: Infestation|[partiallytrapped]
|upkeep
|turn|14
|choice|*move 4|*
|choice|*|*move 4
|choice|move recover|move extrasensory
|
|move|p2a: Greninja|Extrasensory|p1a: Toxapex
|-supereffective|p1a: Toxapex
|-damage|p1a: Toxapex|23\/303
|move|p1a: Toxapex|Recover|p1a: Toxapex
|-heal|p1a: Toxapex|175\/303
|
|-heal|p1a: Toxapex|193\/303|[from] item: Black Sludge
|-end|p2a: Greninja|Infestation|[partiallytrapped]
|upkeep
|turn|15
|choice|*switch 2|*
|choice|*|*switch 2
|choice|switch 2|switch 2
|
|switch|p2a: Rotom|Rotom-Wash|304\/304
|switch|p1a: Hoopa|Hoopa-Unbound|301\/301
|
|upkeep
|turn|16
|choice|*move 2|*
|choice|*|*move 4
|choice|move darkpulse|move hydropump
|
|move|p1a: Hoopa|Dark Pulse|p2a: Rotom
|-damage|p2a: Rotom|189\/304
|move|p2a: Rotom|Hydro Pump|p1a: Hoopa
|-damage|p1a: Hoopa|184\/301
|
|-heal|p2a: Rotom|208\/304|[from] item: Leftovers
|upkeep
|turn|17
|choice|*|*move 2
|choice|*move 1|*
|choice|move nastyplot|move voltswitch
|
|move|p1a: Hoopa|Nasty Plot|p1a: Hoopa
|-boost|p1a: Hoopa|spa|2
|move|p2a: Rotom|Volt Switch|p1a: Hoopa
|-damage|p1a: Hoopa|117\/301
|choice|*|*switch 5
|choice||switch 5
|
|switch|p2a: Lopunny|Lopunny, F|271\/271|[from]move: Volt Switch
|
|upkeep
|turn|18
|choice|*switch 5|*
|choice|*|*move 2 mega
|choice|switch 5|move fakeout mega
|
|switch|p1a: Landorus|Landorus-Therian, M|381\/381
|-ability|p1a: Landorus|Intimidate|boost
|-unboost|p2a: Lopunny|atk|1
|-mega|p2a: Lopunny|Lopunny|Lopunnite
|detailschange|p2a: Lopunny|Lopunny-Mega, F
|move|p2a: Lopunny|Fake Out|p1a: Landorus
|-damage|p1a: Landorus|329\/381
|
|-heal|p1a: Landorus|352\/381|[from] item: Leftovers
|upkeep
|turn|19
|choice|*|*move 3
|choice|*move 1|*
|choice|move stealthrock|move icepunch
|
|move|p2a: Lopunny|Ice Punch|p1a: Landorus
|-supereffective|p1a: Landorus
|-damage|p1a: Landorus|76\/381
|move|p1a: Landorus|Stealth Rock|p2a: Lopunny
|-sidestart|p2: yoce gamer 01|move: Stealth Rock
|
|-heal|p1a: Landorus|99\/381|[from] item: Leftovers
|upkeep
|turn|20
|choice|*switch 2|*
|choice|*|*move 3
|choice|switch 2|move icepunch
|
|switch|p1a: Toxapex|Toxapex, M|294\/303
|move|p2a: Lopunny|Ice Punch|p1a: Toxapex
|-resisted|p1a: Toxapex
|-damage|p1a: Toxapex|277\/303
|
|-heal|p1a: Toxapex|295\/303|[from] item: Black Sludge
|upkeep
|turn|21
|choice|*move 3|*
|choice|*|*switch 5
|choice|move infestation|switch 5
|
|switch|p2a: Rotom|Rotom-Wash|208\/304
|-damage|p2a: Rotom|170\/304|[from] Stealth Rock
|move|p1a: Toxapex|Infestation|p2a: Rotom
|-damage|p2a: Rotom|163\/304
|-activate|p2a: Rotom|move: Infestation|[of] p1a: Toxapex
|
|-heal|p2a: Rotom|182\/304|[from] item: Leftovers
|-heal|p1a: Toxapex|303\/303|[from] item: Black Sludge
|-damage|p2a: Rotom|144\/304|[from] move: Infestation|[partiallytrapped]
|upkeep
|turn|22
|choice|*move 3|*
|choice|*|*move 1
|choice|move infestation|move discharge
|
|move|p2a: Rotom|Discharge|p1a: Toxapex
|-supereffective|p1a: Toxapex
|-damage|p1a: Toxapex|177\/303
|move|p1a: Toxapex|Infestation|p2a: Rotom
|-damage|p2a: Rotom|137\/304
|
|-heal|p2a: Rotom|156\/304|[from] item: Leftovers
|-heal|p1a: Toxapex|195\/303|[from] item: Black Sludge
|-damage|p2a: Rotom|118\/304|[from] move: Infestation|[partiallytrapped]
|upkeep
|turn|23
|choice|*|*move 2
|choice|*move 4|*
|choice|move recover|move voltswitch
|
|move|p2a: Rotom|Volt Switch|p1a: Toxapex
|-supereffective|p1a: Toxapex
|-damage|p1a: Toxapex|69\/303
|choice|*|*switch 4
|choice||switch 4
|
|switch|p2a: Magearna|Magearna|301\/301|[from]move: Volt Switch
|-damage|p2a: Magearna|283\/301|[from] Stealth Rock
|move|p1a: Toxapex|Recover|p1a: Toxapex
|-heal|p1a: Toxapex|221\/303
|
|-heal|p1a: Toxapex|239\/303|[from] item: Black Sludge
|upkeep
|turn|24
|choice|*|*move 4
|choice|*switch 2|*
|choice|switch 2|move shiftgear
|
|switch|p1a: Landorus|Landorus-Therian, M|99\/381
|-ability|p1a: Landorus|Intimidate|boost
|-unboost|p2a: Magearna|atk|1
|move|p2a: Magearna|Shift Gear|p2a: Magearna
|-boost|p2a: Magearna|spe|2
|-boost|p2a: Magearna|atk|1
|
|-heal|p1a: Landorus|122\/381|[from] item: Leftovers
|upkeep
|turn|25
|choice|*move 2|*
|choice|*|*move 2
|choice|move earthquake|move icebeam
|
|move|p2a: Magearna|Ice Beam|p1a: Landorus
|-supereffective|p1a: Landorus
|-damage|p1a: Landorus|0 fnt
|faint|p1a: Landorus
|-ability|p2a: Magearna|Soul-Heart|boost
|-boost|p2a: Magearna|spa|1
|
|upkeep
|choice|*switch 5|*
|choice|switch 5|
|
|switch|p1a: Hoopa|Hoopa-Unbound|117\/301
|turn|26
|choice|*move 4|*
|choice|*|*move 2
|choice|move focusblast|move icebeam
|
|move|p2a: Magearna|Ice Beam|p1a: Hoopa
|-damage|p1a: Hoopa|0 fnt
|faint|p1a: Hoopa
|-ability|p2a: Magearna|Soul-Heart|boost
|-boost|p2a: Magearna|spa|1
|
|upkeep
|choice|*switch 2|*
|choice|switch 2|
|
|switch|p1a: Toxapex|Toxapex, M|303\/303
|turn|27
|choice|*move 1|*
|c|☆yoce gamer 01|Gg
|choice|*|*move 1 zmove
|choice|move scald|move flashcannon zmove
|
|-zpower|p2a: Magearna
|move|p2a: Magearna|Corkscrew Crash|p1a: Toxapex|[zeffect]
|-resisted|p1a: Toxapex
|-damage|p1a: Toxapex|108\/303
|move|p1a: Toxapex|Scald|p2a: Magearna
|-damage|p2a: Magearna|232\/301
|
|-heal|p1a: Toxapex|126\/303|[from] item: Black Sludge
|upkeep
|turn|28
|choice|*move 4|*
|choice|*|*move 1
|choice|move recover|move flashcannon
|
|move|p2a: Magearna|Flash Cannon|p1a: Toxapex
|-resisted|p1a: Toxapex
|-damage|p1a: Toxapex|33\/303
|move|p1a: Toxapex|Recover|p1a: Toxapex
|-heal|p1a: Toxapex|185\/303
|
|-heal|p1a: Toxapex|203\/303|[from] item: Black Sludge
|upkeep
|turn|29
|choice|*move 4|*
|choice|*|*move 3
|choice|move recover|move focusblast
|
|move|p2a: Magearna|Focus Blast|p1a: Toxapex|[miss]
|-miss|p2a: Magearna|p1a: Toxapex
|move|p1a: Toxapex|Recover|p1a: Toxapex
|-heal|p1a: Toxapex|303\/303
|
|upkeep
|turn|30
|choice|*move 1|*
|choice|*|*move 3
|choice|move scald|move focusblast
|
|move|p2a: Magearna|Focus Blast|p1a: Toxapex
|-resisted|p1a: Toxapex
|-damage|p1a: Toxapex|205\/303
|move|p1a: Toxapex|Scald|p2a: Magearna
|-damage|p2a: Magearna|177\/301
|-status|p2a: Magearna|brn
|
|-heal|p1a: Toxapex|223\/303|[from] item: Black Sludge
|-damage|p2a: Magearna|159\/301 brn|[from] brn
|upkeep
|turn|31
|choice|*move 4|*
|choice|*|*move 1
|choice|move recover|move flashcannon
|
|move|p2a: Magearna|Flash Cannon|p1a: Toxapex
|-resisted|p1a: Toxapex
|-damage|p1a: Toxapex|130\/303
|move|p1a: Toxapex|Recover|p1a: Toxapex
|-heal|p1a: Toxapex|282\/303
|
|-heal|p1a: Toxapex|300\/303|[from] item: Black Sludge
|-damage|p2a: Magearna|141\/301 brn|[from] brn
|upkeep
|turn|32
|choice|*move 3|*
|choice|*|*move 1
|choice|move infestation|move flashcannon
|
|move|p2a: Magearna|Flash Cannon|p1a: Toxapex
|-resisted|p1a: Toxapex
|-damage|p1a: Toxapex|204\/303
|move|p1a: Toxapex|Infestation|p2a: Magearna
|-resisted|p2a: Magearna
|-damage|p2a: Magearna|139\/301 brn
|-activate|p2a: Magearna|move: Infestation|[of] p1a: Toxapex
|
|-heal|p1a: Toxapex|222\/303|[from] item: Black Sludge
|-damage|p2a: Magearna|121\/301 brn|[from] brn
|-damage|p2a: Magearna|84\/301 brn|[from] move: Infestation|[partiallytrapped]
|upkeep
|turn|33
|choice|*|*move 1
|choice|*|*move 2
|choice|*move 4|*
|choice|move recover|move icebeam
|
|move|p2a: Magearna|Ice Beam|p1a: Toxapex
|-resisted|p1a: Toxapex
|-damage|p1a: Toxapex|154\/303
|move|p1a: Toxapex|Recover|p1a: Toxapex
|-heal|p1a: Toxapex|303\/303
|
|-damage|p2a: Magearna|66\/301 brn|[from] brn
|-damage|p2a: Magearna|29\/301 brn|[from] move: Infestation|[partiallytrapped]
|upkeep
|turn|34
|choice|*move 4|*
|choice|*move 1|*
|choice|*|*move 2
|choice|move scald|move icebeam
|
|move|p2a: Magearna|Ice Beam|p1a: Toxapex
|-resisted|p1a: Toxapex
|-damage|p1a: Toxapex|228\/303
|move|p1a: Toxapex|Scald|p2a: Magearna
|-damage|p2a: Magearna|0 fnt
|faint|p2a: Magearna
|
|-heal|p1a: Toxapex|246\/303|[from] item: Black Sludge
|upkeep
|choice|*|*switch 5
|choice||switch 5
|
|switch|p2a: Lopunny|Lopunny-Mega, F|271\/271
|-damage|p2a: Lopunny|255\/271|[from] Stealth Rock
|turn|35
|choice|*move 1|*
|choice|*|*move 2
|choice|move scald|move fakeout
|
|move|p2a: Lopunny|Fake Out|p1a: Toxapex
|-damage|p1a: Toxapex|203\/303
|cant|p1a: Toxapex|flinch
|
|-heal|p1a: Toxapex|221\/303|[from] item: Black Sludge
|upkeep
|turn|36
|choice|*move 1|*
|choice|*|*move 1
|choice|move scald|move highjumpkick
|
|move|p2a: Lopunny|High Jump Kick|p1a: Toxapex
|-resisted|p1a: Toxapex
|-damage|p1a: Toxapex|156\/303
|move|p1a: Toxapex|Scald|p2a: Lopunny
|-damage|p2a: Lopunny|201\/271
|
|-heal|p1a: Toxapex|174\/303|[from] item: Black Sludge
|upkeep
|turn|37
|choice|*move 4|*
|choice|*|*switch 4
|choice|move recover|switch 4
|
|switch|p2a: Rotom|Rotom-Wash|118\/304
|-damage|p2a: Rotom|80\/304|[from] Stealth Rock
|move|p1a: Toxapex|Recover|p1a: Toxapex
|-heal|p1a: Toxapex|303\/303
|
|-heal|p2a: Rotom|99\/304|[from] item: Leftovers
|upkeep
|turn|38
|choice|*switch 4|*
|choice|*|*move 1
|choice|switch 4|move discharge
|
|switch|p1a: Zygarde|Zygarde|365\/365
|-ability|p1a: Zygarde|Aura Break
|move|p2a: Rotom|Discharge|p1a: Zygarde
|-immune|p1a: Zygarde|[msg]
|
|-heal|p2a: Rotom|118\/304|[from] item: Leftovers
|upkeep
|turn|39
|choice|*|*move 3
|choice|*move 1|*
|choice|move substitute|move willowisp
|
|move|p1a: Zygarde|Substitute|p1a: Zygarde
|-start|p1a: Zygarde|Substitute
|-damage|p1a: Zygarde|274\/365
|move|p2a: Rotom|Will-O-Wisp|p1a: Zygarde
|-fail|p1a: Zygarde
|
|-heal|p1a: Zygarde|296\/365|[from] item: Leftovers
|-heal|p2a: Rotom|137\/304|[from] item: Leftovers
|upkeep
|turn|40
|choice|*move 2|*
|choice|*|*move 4
|choice|move thousandarrows|move hydropump
|
|move|p1a: Zygarde|Thousand Arrows|p2a: Rotom
|-supereffective|p2a: Rotom
|-damage|p2a: Rotom|0 fnt
|faint|p2a: Rotom
|
|-heal|p1a: Zygarde|318\/365|[from] item: Leftovers
|upkeep
|choice|*|*switch 4
|choice||switch 4
|
|switch|p2a: Lopunny|Lopunny-Mega, F|201\/271
|-damage|p2a: Lopunny|185\/271|[from] Stealth Rock
|turn|41
|choice|*|*move 2
|choice|*move 4|*
|choice|move protect|move fakeout
|
|move|p1a: Zygarde|Protect|p1a: Zygarde
|-singleturn|p1a: Zygarde|Protect
|move|p2a: Lopunny|Fake Out|p1a: Zygarde
|-activate|p1a: Zygarde|move: Protect
|
|-heal|p1a: Zygarde|340\/365|[from] item: Leftovers
|upkeep
|turn|42
|choice|*move 2|*
|choice|*|*move 3
|choice|move thousandarrows|move icepunch
|
|move|p2a: Lopunny|Ice Punch|p1a: Zygarde
|-supereffective|p1a: Zygarde
|-end|p1a: Zygarde|Substitute
|move|p1a: Zygarde|Thousand Arrows|p2a: Lopunny
|-damage|p2a: Lopunny|28\/271
|
|-heal|p1a: Zygarde|362\/365|[from] item: Leftovers
|upkeep
|turn|43
|choice|*switch 4|*
|choice|*|*move 3
|choice|switch 4|move icepunch
|
|switch|p1a: Toxapex|Toxapex, M|303\/303
|move|p2a: Lopunny|Ice Punch|p1a: Toxapex
|-resisted|p1a: Toxapex
|-damage|p1a: Toxapex|276\/303
|-status|p1a: Toxapex|frz
|
|-heal|p1a: Toxapex|294\/303 frz|[from] item: Black Sludge
|upkeep
|turn|44
|choice|*move 1|*
|choice|*|*switch 3
|choice|move scald|switch 3
|
|switch|p2a: Mimikyu|Mimikyu, M|251\/251
|-damage|p2a: Mimikyu|220\/251|[from] Stealth Rock
|-curestatus|p1a: Toxapex|frz|[from] move: Scald
|move|p1a: Toxapex|Scald|p2a: Mimikyu
|-activate|p2a: Mimikyu|ability: Disguise
|-damage|p2a: Mimikyu|220\/251
|detailschange|p2a: Mimikyu|Mimikyu-Busted, M
|
|-heal|p1a: Toxapex|303\/303|[from] item: Black Sludge
|upkeep
|turn|45
|choice|*move 1|*
|choice|*|*move 2
|choice|move scald|move swordsdance
|
|move|p2a: Mimikyu|Swords Dance|p2a: Mimikyu
|-boost|p2a: Mimikyu|atk|2
|move|p1a: Toxapex|Scald|p2a: Mimikyu
|-damage|p2a: Mimikyu|168\/251
|-status|p2a: Mimikyu|brn
|
|-damage|p2a: Mimikyu|153\/251 brn|[from] brn
|upkeep
|turn|46
|choice|*move 1|*
|choice|*|*move 2
|choice|move scald|move swordsdance
|
|move|p2a: Mimikyu|Swords Dance|p2a: Mimikyu
|-boost|p2a: Mimikyu|atk|2
|move|p1a: Toxapex|Scald|p2a: Mimikyu
|-damage|p2a: Mimikyu|102\/251 brn
|
|-damage|p2a: Mimikyu|87\/251 brn|[from] brn
|upkeep
|turn|47
|choice|*move 3|*
|choice|*|*move 1
|choice|move infestation|move playrough
|
|move|p2a: Mimikyu|Play Rough|p1a: Toxapex
|-resisted|p1a: Toxapex
|-damage|p1a: Toxapex|222\/303
|-damage|p2a: Mimikyu|62\/251 brn|[from] item: Life Orb
|move|p1a: Toxapex|Infestation|p2a: Mimikyu
|-resisted|p2a: Mimikyu
|-crit|p2a: Mimikyu
|-damage|p2a: Mimikyu|59\/251 brn
|-activate|p2a: Mimikyu|move: Infestation|[of] p1a: Toxapex
|
|-heal|p1a: Toxapex|240\/303|[from] item: Black Sludge
|-damage|p2a: Mimikyu|44\/251 brn|[from] brn
|-damage|p2a: Mimikyu|13\/251 brn|[from] move: Infestation|[partiallytrapped]
|upkeep
|turn|48
|choice|*move 4|*
|choice|*|*move 4
|choice|move recover|move woodhammer
|
|move|p2a: Mimikyu|Wood Hammer|p1a: Toxapex
|-damage|p1a: Toxapex|111\/303
|-damage|p2a: Mimikyu|0 fnt|[from] recoil
|faint|p2a: Mimikyu
|move|p1a: Toxapex|Recover|p1a: Toxapex
|-heal|p1a: Toxapex|263\/303
|
|-heal|p1a: Toxapex|281\/303|[from] item: Black Sludge
|upkeep
|choice|*|*switch 2
|choice||switch 2
|
|switch|p2a: Greninja|Greninja, F|117\/285
|-damage|p2a: Greninja|82\/285|[from] Stealth Rock
|turn|49
|choice|*move 3|*
|choice|*|*move 4
|choice|move infestation|move extrasensory
|
|move|p2a: Greninja|Extrasensory|p1a: Toxapex
|-start|p2a: Greninja|typechange|Psychic|[from] Protean
|-supereffective|p1a: Toxapex
|-damage|p1a: Toxapex|123\/303
|move|p1a: Toxapex|Infestation|p2a: Greninja
|-supereffective|p2a: Greninja
|-damage|p2a: Greninja|56\/285
|-activate|p2a: Greninja|move: Infestation|[of] p1a: Toxapex
|
|-heal|p1a: Toxapex|141\/303|[from] item: Black Sludge
|-damage|p2a: Greninja|21\/285|[from] move: Infestation|[partiallytrapped]
|upkeep
|turn|50
|choice|*switch 4|*
|choice|*|*move 4
|choice|switch 4|move extrasensory
|
|switch|p1a: Zygarde|Zygarde|362\/365
|-ability|p1a: Zygarde|Aura Break
|move|p2a: Greninja|Extrasensory|p1a: Zygarde
|-damage|p1a: Zygarde|239\/365
|
|-heal|p1a: Zygarde|261\/365|[from] item: Leftovers
|upkeep
|turn|51
|choice|*move 4|*
|choice|*|*move 4
|choice|move protect|move extrasensory
|
|move|p1a: Zygarde|Protect|p1a: Zygarde
|-singleturn|p1a: Zygarde|Protect
|move|p2a: Greninja|Extrasensory|p1a: Zygarde
|-activate|p1a: Zygarde|move: Protect
|
|-heal|p1a: Zygarde|283\/365|[from] item: Leftovers
|upkeep
|turn|52
|choice|*move 2|*
|choice|*|*move 4
|choice|move thousandarrows|move extrasensory
|
|move|p2a: Greninja|Extrasensory|p1a: Zygarde
|-damage|p1a: Zygarde|162\/365
|move|p1a: Zygarde|Thousand Arrows|p2a: Greninja
|-damage|p2a: Greninja|0 fnt
|faint|p2a: Greninja
|
|-heal|p1a: Zygarde|184\/365|[from] item: Leftovers
|upkeep
|choice|*|*switch 3
|choice||switch 3
|
|switch|p2a: Lopunny|Lopunny-Mega, F|28\/271
|-damage|p2a: Lopunny|12\/271|[from] Stealth Rock
|turn|53
|c|☆MegaツlucarioFire✘|g_g
|choice|*move 2|*
|c|☆yoce gamer 01|Gg xd
|choice|*|*move 3
|choice|move thousandarrows|move icepunch
|
|move|p2a: Lopunny|Ice Punch|p1a: Zygarde
|-supereffective|p1a: Zygarde
|-damage|p1a: Zygarde|0 fnt
|faint|p1a: Zygarde
|
|upkeep
|choice|*switch 4|*
|choice|switch 4|
|
|switch|p1a: Toxapex|Toxapex, M|242\/303
|turn|54
|choice|*move 1|*
|choice|*|*move 1
|choice|move scald|move highjumpkick
|
|move|p2a: Lopunny|High Jump Kick|p1a: Toxapex
|-resisted|p1a: Toxapex
|-damage|p1a: Toxapex|179\/303
|move|p1a: Toxapex|Scald|p2a: Lopunny
|-damage|p2a: Lopunny|0 fnt
|faint|p2a: Lopunny
|
|win|MegaツlucarioFire✘
</script>
</div>
<div class="battle-log battle-log-inline"><div class="inner"><div class="battle-options"></div><div class="inner"><div class=""><small>Format:</small> <br><strong>OU</strong></div><div class=""><small><em>Cláusula-Mod de Dormir:</em> solo puedes dormir a uno de tus oponentes a la vez.</small></div><div class=""><small><em>Cláusula de Especie:</em> Hasta un Pokémon de cada especie</small></div><div class=""><small><em>Cláusula de Golpe Fulminante:</em> los movimientos fulminantes (OHKO) estan prohibidos</small></div><div class=""><small><em>Cláusula de Veleta:</em> la habilidad Veleta está prohibida</small></div><div class=""><small><em>Cláusula de Movimientos Evasivos:</em> los movimientos de Evasión están prohibidos.</small></div><div class=""><small><em>Cláusula de Batallas Eternas:</em> forzar batallas eternas está prohibido</small></div><div class="chat battle-history"><strong>MegaツlucarioFire✘'s team:</strong> <em style="color:#445566;display:block;">Zygarde / Hoopa-Unbound / Toxapex / Magearna / Landorus-Therian / Kartana</em></div><div class="chat battle-history"><strong>yoce gamer 01's team:</strong> <em style="color:#445566;display:block;">Lopunny / Greninja / Mimikyu / Magearna / Serperior / Rotom-Wash</em></div><div class="chat chatmessage-yocegamer01"><strong style="color:hsl(322,46%,46%)"><small>☆</small><span class="username" data-name="yoce gamer 01">yoce gamer 01</span>:</strong> <em>Suerte</em></div><div class="chat chatmessage-megalucariofire"><strong style="color:hsl(111,72%,38.38242833648551%)"><small>☆</small><span class="username" data-name="MegaツlucarioFire✘">MegaツlucarioFire✘</span>:</strong> <em>=</em></div><div class="spacer battle-history"><br></div><div class="battle-history">Battle started between MegaツlucarioFire✘ and yoce gamer 01!<br></div><div class="spacer battle-history"><br></div><div class="battle-history">Go! <strong>Zygarde</strong>!<br></div><div class="spacer battle-history"><br></div><div class="battle-history">yoce gamer 01 sent out <strong>Serperior</strong>!<br></div><div class="battle-history"><small>[Zygarde's Aura Break]</small><br><small>Zygarde reversed all other Pokémon's auras!</small><br></div><div class="spacer battle-history"><br></div><h2 class="battle-history">Turn 1</h2><div class="spacer battle-history"><br></div><div class="battle-history">Zygarde used <strong>Protect</strong>!<br></div><div class="battle-history"><small>Zygarde protected itself!</small><br></div><div class="spacer battle-history"><br></div><div class="battle-history">The opposing Serperior used <strong>Substitute</strong>!<br></div><div class="battle-history"><small>The opposing Serperior put in a substitute!</small><br></div><div class="battle-history"><small>(The opposing Serperior lost <abbr title="−72/291">24.7%</abbr> of its health!)</small><br></div><div class="spacer battle-history"><br></div><h2 class="battle-history">Turn 2</h2><div class="spacer battle-history"><br></div><div class="battle-history">Zygarde, come back!<br></div><div class="battle-history">Go! <strong>Magearna</strong>!<br></div><div class="spacer battle-history"><br></div><div class="battle-history">The opposing Serperior used <strong>Leaf Storm</strong>!<br></div><div class="battle-history"><small>It's not very effective...</small><br></div><div class="battle-history"><small>(Magearna lost <abbr title="−27/351">7.7%</abbr> of its health!)</small><br></div><div class="battle-history"><small>The opposing Serperior's Special Attack rose sharply!</small><br></div><div class="spacer battle-history"><br></div><h2 class="battle-history">Turn 3</h2><div class="spacer battle-history"><br></div><div class="battle-history">The opposing Serperior used <strong>Glare</strong>!<br></div><div class="battle-history"><small>Magearna is paralyzed! It may be unable to move!</small><br></div><div class="spacer battle-history"><br></div><div class="battle-history">Magearna is paralyzed! It can't move!<br></div><div class="spacer battle-history"><br></div><h2 class="battle-history">Turn 4</h2><div class="spacer battle-history"><br></div><div class="battle-history">The opposing Serperior used <strong>Leaf Storm</strong>!<br></div><div class="battle-history"><small>It's not very effective...</small><br></div><div class="battle-history"><small>A critical hit!</small><br></div><div class="battle-history"><small>(Magearna lost <abbr title="−75/351">21.4%</abbr> of its health!)</small><br></div><div class="battle-history"><small>The opposing Serperior's Special Attack rose sharply!</small><br></div><div class="spacer battle-history"><br></div><div class="battle-history">Magearna used <strong>Hidden Power</strong>!<br></div><div class="battle-history"><small>It's super effective!</small><br></div><div class="battle-history"><small>The opposing Serperior's substitute faded!</small><br></div><div class="spacer battle-history"><br></div><h2 class="battle-history">Turn 5</h2><div class="spacer battle-history"><br></div><div class="battle-history">The opposing Serperior used <strong>Leaf Storm</strong>!<br></div><div class="battle-history"><small>It's not very effective...</small><br></div><div class="battle-history"><small>(Magearna lost <abbr title="−73/351">20.8%</abbr> of its health!)</small><br></div><div class="battle-history"><small>The opposing Serperior's Special Attack rose sharply!</small><br></div><div class="spacer battle-history"><br></div><div class="battle-history">Magearna used <strong>Volt Switch</strong>!<br></div><div class="battle-history"><small>It's not very effective...</small><br></div><div class="battle-history"><small>(The opposing Serperior lost <abbr title="−38/291">13.1%</abbr> of its health!)</small><br></div><div class="spacer battle-history"><br></div><div class="battle-history">Magearna went back to MegaツlucarioFire✘!<br></div><div class="battle-history">Go! <strong>Kartana</strong>!<br></div><div class="spacer battle-history"><br></div><h2 class="battle-history">Turn 6</h2><div class="spacer battle-history"><br></div><div class="battle-history">Kartana used <strong>Smart Strike</strong>!<br></div><div class="battle-history"><small>(The opposing Serperior lost <abbr title="−157/291">54.0%</abbr> of its health!)</small><br></div><div class="spacer battle-history"><br></div><div class="battle-history">The opposing Serperior used <strong>Dragon Pulse</strong>!<br></div><div class="battle-history"><small>It's not very effective...</small><br></div><div class="battle-history"><small>(Kartana lost <abbr title="−259/259">100%</abbr> of its health!)</small><br></div><div class="spacer battle-history"><br></div><div class="battle-history">Kartana fainted!<br></div><div class="spacer battle-history"><br></div><div class="battle-history">Go! <strong>Magearna</strong>!<br></div><div class="spacer battle-history"><br></div><h2 class="battle-history">Turn 7</h2><div class="spacer battle-history"><br></div><div class="battle-history">The opposing Serperior used <strong>Leaf Storm</strong>!<br></div><div class="battle-history"><small>It's not very effective...</small><br></div><div class="battle-history"><small>A critical hit!</small><br></div><div class="battle-history"><small>(Magearna lost <abbr title="−155/351">44.2%</abbr> of its health!)</small><br></div><div class="spacer battle-history"><br></div><div class="battle-history">Magearna used <strong>Volt Switch</strong>!<br></div><div class="battle-history"><small>It's not very effective...</small><br></div><div class="battle-history"><small>(The opposing Serperior lost <abbr title="−24/291">8.2%</abbr> of its health!)</small><br></div><div class="spacer battle-history"><br></div><div class="battle-history">The opposing Serperior fainted!<br></div><div class="battle-history"><small>[Magearna's Soul-Heart]</small><br></div><div class="battle-history"><small>Magearna's Special Attack rose!</small><br></div><div class="spacer battle-history"><br></div><div class="battle-history">Magearna went back to MegaツlucarioFire✘!<br></div><div class="battle-history">Go! <strong>Toxapex</strong>!<br></div><div class="spacer battle-history"><br></div><div class="battle-history">yoce gamer 01 sent out Rotom (<strong>Rotom-Wash</strong>)!<br></div><div class="spacer battle-history"><br></div><h2 class="battle-history">Turn 8</h2><div class="spacer battle-history"><br></div><div class="battle-history">Toxapex, come back!<br></div><div class="battle-history">Go! <strong>Magearna</strong>!<br></div><div class="spacer battle-history"><br></div><div class="battle-history">The opposing Rotom used <strong>Will-O-Wisp</strong>!<br></div><div class="battle-history"><small>But it failed!</small><br></div><div class="spacer battle-history"><br></div><h2 class="battle-history">Turn 9</h2><div class="spacer battle-history"><br></div><div class="battle-history">The opposing Rotom used <strong>Volt Switch</strong>!<br></div><div class="battle-history"><small>(Magearna lost <abbr title="−21/351">6.0%</abbr> of its health!)</small><br></div><div class="spacer battle-history"><br></div><div class="battle-history">Magearna fainted!<br></div><div class="spacer battle-history"><br></div><div class="battle-history">The opposing Rotom went back to yoce gamer 01!<br></div><div class="battle-history">yoce gamer 01 sent out <strong>Greninja</strong>!<br></div><div class="spacer battle-history"><br></div><div class="battle-history">Go! <strong>Toxapex</strong>!<br></div><div class="spacer battle-history"><br></div><h2 class="battle-history">Turn 10</h2><div class="spacer battle-history"><br></div><div class="battle-history">The opposing Greninja used <strong>Extrasensory</strong>!<br></div><div class="spacer battle-history"><br></div><div class="battle-history"><small>[The opposing Greninja's Protean]</small><br><small>The opposing Greninja transformed into the Psychic type!</small><br></div><div class="battle-history"><small>It's super effective!</small><br></div><div class="battle-history"><small>(Toxapex lost <abbr title="−152/303">50.2%</abbr> of its health!)</small><br></div><div class="spacer battle-history"><br></div><div class="battle-history">Toxapex used <strong>Infestation</strong>!<br></div><div class="battle-history"><small>It's super effective!</small><br></div><div class="battle-history"><small>(The opposing Greninja lost <abbr title="−28/285">9.8%</abbr> of its health!)</small><br></div><div class="battle-history"><small>The opposing Greninja has been afflicted with an infestation by Toxapex!</small><br></div><div class="spacer battle-history"><br></div><div class="battle-history"><small>Toxapex restored a little HP using its Black Sludge!</small><br></div><div class="battle-history"><small>The opposing Greninja is hurt by Infestation!</small><br></div><div class="spacer battle-history"><br></div><h2 class="battle-history">Turn 11</h2><div class="spacer battle-history"><br></div><div class="battle-history">The opposing Greninja used <strong>Extrasensory</strong>!<br></div><div class="battle-history"><small>It's super effective!</small><br></div><div class="battle-history"><small>(Toxapex lost <abbr title="−162/303">53.5%</abbr> of its health!)</small><br></div><div class="spacer battle-history"><br></div><div class="battle-history">Toxapex used <strong>Recover</strong>!<br></div><div class="battle-history"><small>Toxapex restored its HP.</small><br></div><div class="spacer battle-history"><br></div><div class="battle-history"><small>Toxapex restored a little HP using its Black Sludge!</small><br></div><div class="battle-history"><small>The opposing Greninja is hurt by Infestation!</small><br></div><div class="spacer battle-history"><br></div><h2 class="battle-history">Turn 12</h2><div class="spacer battle-history"><br></div><div class="battle-history">The opposing Greninja used <strong>Extrasensory</strong>!<br></div><div class="battle-history"><small>It's super effective!</small><br></div><div class="battle-history"><small>(Toxapex lost <abbr title="−162/303">53.5%</abbr> of its health!)</small><br></div><div class="spacer battle-history"><br></div><div class="battle-history">Toxapex used <strong>Recover</strong>!<br></div><div class="battle-history"><small>Toxapex restored its HP.</small><br></div><div class="spacer battle-history"><br></div><div class="battle-history"><small>Toxapex restored a little HP using its Black Sludge!</small><br></div><div class="battle-history"><small>The opposing Greninja is hurt by Infestation!</small><br></div><div class="spacer battle-history"><br></div><h2 class="battle-history">Turn 13</h2><div class="spacer battle-history"><br></div><div class="battle-history">The opposing Greninja used <strong>Extrasensory</strong>!<br></div><div class="battle-history"><small>It's super effective!</small><br></div><div class="battle-history"><small>(Toxapex lost <abbr title="−174/303">57.4%</abbr> of its health!)</small><br></div><div class="spacer battle-history"><br></div><div class="battle-history">Toxapex used <strong>Recover</strong>!<br></div><div class="battle-history"><small>Toxapex restored its HP.</small><br></div><div class="spacer battle-history"><br></div><div class="battle-history"><small>Toxapex restored a little HP using its Black Sludge!</small><br></div><div class="battle-history"><small>The opposing Greninja is hurt by Infestation!</small><br></div><div class="spacer battle-history"><br></div><h2 class="battle-history">Turn 14</h2><div class="spacer battle-history"><br></div><div class="battle-history">The opposing Greninja used <strong>Extrasensory</strong>!<br></div><div class="battle-history"><small>It's super effective!</small><br></div><div class="battle-history"><small>(Toxapex lost <abbr title="−158/303">52.1%</abbr> of its health!)</small><br></div><div class="spacer battle-history"><br></div><div class="battle-history">Toxapex used <strong>Recover</strong>!<br></div><div class="battle-history"><small>Toxapex restored its HP.</small><br></div><div class="spacer battle-history"><br></div><div class="battle-history"><small>Toxapex restored a little HP using its Black Sludge!</small><br></div><div class="battle-history"><small>The opposing Greninja was freed from Infestation!</small><br></div><div class="spacer battle-history"><br></div><h2 class="battle-history">Turn 15</h2><div class="spacer battle-history"><br></div><div class="battle-history">yoce gamer 01 withdrew Greninja!<br></div><div class="battle-history">yoce gamer 01 sent out Rotom (<strong>Rotom-Wash</strong>)!<br></div><div class="spacer battle-history"><br></div><div class="battle-history">Toxapex, come back!<br></div><div class="battle-history">Go! Hoopa (<strong>Hoopa-Unbound</strong>)!<br></div><div class="spacer battle-history"><br></div><h2 class="battle-history">Turn 16</h2><div class="spacer battle-history"><br></div><div class="battle-history">Hoopa used <strong>Dark Pulse</strong>!<br></div><div class="battle-history"><small>(The opposing Rotom lost <abbr title="−115/304">37.8%</abbr> of its health!)</small><br></div><div class="spacer battle-history"><br></div><div class="battle-history">The opposing Rotom used <strong>Hydro Pump</strong>!<br></div><div class="battle-history"><small>(Hoopa lost <abbr title="−117/301">38.9%</abbr> of its health!)</small><br></div><div class="spacer battle-history"><br></div><div class="battle-history"><small>The opposing Rotom restored a little HP using its Leftovers!</small><br></div><div class="spacer battle-history"><br></div><h2 class="battle-history">Turn 17</h2><div class="spacer battle-history"><br></div><div class="battle-history">Hoopa used <strong>Nasty Plot</strong>!<br></div><div class="battle-history"><small>Hoopa's Special Attack rose sharply!</small><br></div><div class="spacer battle-history"><br></div><div class="battle-history">The opposing Rotom used <strong>Volt Switch</strong>!<br></div><div class="battle-history"><small>(Hoopa lost <abbr title="−67/301">22.3%</abbr> of its health!)</small><br></div><div class="spacer battle-history"><br></div><div class="battle-history">The opposing Rotom went back to yoce gamer 01!<br></div><div class="battle-history">yoce gamer 01 sent out <strong>Lopunny</strong>!<br></div><div class="spacer battle-history"><br></div><h2 class="battle-history">Turn 18</h2><div class="spacer battle-history"><br></div><div class="battle-history">Hoopa, come back!<br></div><div class="battle-history">Go! Landorus (<strong>Landorus-Therian</strong>)!<br></div><div class="battle-history"><small>[Landorus's Intimidate]</small><br></div><div class="battle-history"><small>The opposing Lopunny's Attack fell!</small><br></div><div class="spacer battle-history"><br></div><div class="battle-history"><small>The opposing Lopunny's Lopunnite is reacting to the Key Stone!</small><br>The opposing Lopunny has Mega Evolved into Mega Lopunny!<br></div><div class="spacer battle-history"><br></div><div class="battle-history">The opposing Lopunny used <strong>Fake Out</strong>!<br></div><div class="battle-history"><small>(Landorus lost <abbr title="−52/381">13.6%</abbr> of its health!)</small><br></div><div class="spacer battle-history"><br></div><div class="battle-history"><small>Landorus restored a little HP using its Leftovers!</small><br></div><div class="spacer battle-history"><br></div><h2 class="battle-history">Turn 19</h2><div class="spacer battle-history"><br></div><div class="battle-history">The opposing Lopunny used <strong>Ice Punch</strong>!<br></div><div class="battle-history"><small>It's super effective!</small><br></div><div class="battle-history"><small>(Landorus lost <abbr title="−276/381">72.4%</abbr> of its health!)</small><br></div><div class="spacer battle-history"><br></div><div class="battle-history">Landorus used <strong>Stealth Rock</strong>!<br></div><div class="battle-history"><small>Pointed stones float in the air around the opposing team!</small><br></div><div class="spacer battle-history"><br></div><div class="battle-history"><small>Landorus restored a little HP using its Leftovers!</small><br></div><div class="spacer battle-history"><br></div><h2 class="battle-history">Turn 20</h2><div class="spacer battle-history"><br></div><div class="battle-history">Landorus, come back!<br></div><div class="battle-history">Go! <strong>Toxapex</strong>!<br></div><div class="spacer battle-history"><br></div><div class="battle-history">The opposing Lopunny used <strong>Ice Punch</strong>!<br></div><div class="battle-history"><small>It's not very effective...</small><br></div><div class="battle-history"><small>(Toxapex lost <abbr title="−17/303">5.6%</abbr> of its health!)</small><br></div><div class="spacer battle-history"><br></div><div class="battle-history"><small>Toxapex restored a little HP using its Black Sludge!</small><br></div><div class="spacer battle-history"><br></div><h2 class="battle-history">Turn 21</h2><div class="spacer battle-history"><br></div><div class="battle-history">yoce gamer 01 withdrew Lopunny!<br></div><div class="battle-history">yoce gamer 01 sent out Rotom (<strong>Rotom-Wash</strong>)!<br></div><div class="battle-history"><small>Pointed stones dug into the opposing Rotom!</small><br></div><div class="spacer battle-history"><br></div><div class="battle-history">Toxapex used <strong>Infestation</strong>!<br></div><div class="battle-history"><small>(The opposing Rotom lost <abbr title="−7/304">2.3%</abbr> of its health!)</small><br></div><div class="battle-history"><small>The opposing Rotom has been afflicted with an infestation by Toxapex!</small><br></div><div class="spacer battle-history"><br></div><div class="battle-history"><small>The opposing Rotom restored a little HP using its Leftovers!</small><br></div><div class="battle-history"><small>Toxapex restored a little HP using its Black Sludge!</small><br></div><div class="battle-history"><small>The opposing Rotom is hurt by Infestation!</small><br></div><div class="spacer battle-history"><br></div><h2 class="battle-history">Turn 22</h2><div class="spacer battle-history"><br></div><div class="battle-history">The opposing Rotom used <strong>Discharge</strong>!<br></div><div class="battle-history"><small>It's super effective!</small><br></div><div class="battle-history"><small>(Toxapex lost <abbr title="−126/303">41.6%</abbr> of its health!)</small><br></div><div class="spacer battle-history"><br></div><div class="battle-history">Toxapex used <strong>Infestation</strong>!<br></div><div class="battle-history"><small>(The opposing Rotom lost <abbr title="−7/304">2.3%</abbr> of its health!)</small><br></div><div class="spacer battle-history"><br></div><div class="battle-history"><small>The opposing Rotom restored a little HP using its Leftovers!</small><br></div><div class="battle-history"><small>Toxapex restored a little HP using its Black Sludge!</small><br></div><div class="battle-history"><small>The opposing Rotom is hurt by Infestation!</small><br></div><div class="spacer battle-history"><br></div><h2 class="battle-history">Turn 23</h2><div class="spacer battle-history"><br></div><div class="battle-history">The opposing Rotom used <strong>Volt Switch</strong>!<br></div><div class="battle-history"><small>It's super effective!</small><br></div><div class="battle-history"><small>(Toxapex lost <abbr title="−126/303">41.6%</abbr> of its health!)</small><br></div><div class="spacer battle-history"><br></div><div class="battle-history">The opposing Rotom went back to yoce gamer 01!<br></div><div class="battle-history">yoce gamer 01 sent out <strong>Magearna</strong>!<br></div><div class="battle-history"><small>Pointed stones dug into the opposing Magearna!</small><br></div><div class="spacer battle-history"><br></div><div class="battle-history">Toxapex used <strong>Recover</strong>!<br></div><div class="battle-history"><small>Toxapex restored its HP.</small><br></div><div class="spacer battle-history"><br></div><div class="battle-history"><small>Toxapex restored a little HP using its Black Sludge!</small><br></div><div class="spacer battle-history"><br></div><h2 class="battle-history">Turn 24</h2><div class="spacer battle-history"><br></div><div class="battle-history">Toxapex, come back!<br></div><div class="battle-history">Go! Landorus (<strong>Landorus-Therian</strong>)!<br></div><div class="battle-history"><small>[Landorus's Intimidate]</small><br></div><div class="battle-history"><small>The opposing Magearna's Attack fell!</small><br></div><div class="spacer battle-history"><br></div><div class="battle-history">The opposing Magearna used <strong>Shift Gear</strong>!<br></div><div class="battle-history"><small>The opposing Magearna's Speed rose sharply!</small><br></div><div class="battle-history"><small>The opposing Magearna's Attack rose!</small><br></div><div class="spacer battle-history"><br></div><div class="battle-history"><small>Landorus restored a little HP using its Leftovers!</small><br></div><div class="spacer battle-history"><br></div><h2 class="battle-history">Turn 25</h2><div class="spacer battle-history"><br></div><div class="battle-history">The opposing Magearna used <strong>Ice Beam</strong>!<br></div><div class="battle-history"><small>It's super effective!</small><br></div><div class="battle-history"><small>(Landorus lost <abbr title="−122/381">32.0%</abbr> of its health!)</small><br></div><div class="spacer battle-history"><br></div><div class="battle-history">Landorus fainted!<br></div><div class="battle-history"><small>[The opposing Magearna's Soul-Heart]</small><br></div><div class="battle-history"><small>The opposing Magearna's Special Attack rose!</small><br></div><div class="spacer battle-history"><br></div><div class="battle-history">Go! Hoopa (<strong>Hoopa-Unbound</strong>)!<br></div><div class="spacer battle-history"><br></div><h2 class="battle-history">Turn 26</h2><div class="spacer battle-history"><br></div><div class="battle-history">The opposing Magearna used <strong>Ice Beam</strong>!<br></div><div class="battle-history"><small>(Hoopa lost <abbr title="−117/301">38.9%</abbr> of its health!)</small><br></div><div class="spacer battle-history"><br></div><div class="battle-history">Hoopa fainted!<br></div><div class="battle-history"><small>[The opposing Magearna's Soul-Heart]</small><br></div><div class="battle-history"><small>The opposing Magearna's Special Attack rose!</small><br></div><div class="spacer battle-history"><br></div><div class="battle-history">Go! <strong>Toxapex</strong>!<br></div><div class="spacer battle-history"><br></div><h2 class="battle-history">Turn 27</h2><div class="chat chatmessage-yocegamer01"><strong style="color:hsl(322,46%,46%)"><small>☆</small><span class="username" data-name="yoce gamer 01">yoce gamer 01</span>:</strong> <em>Gg</em></div><div class="spacer battle-history"><br></div><div class="battle-history"><small>The opposing Magearna surrounded itself with its Z-Power!</small><br></div><div class="spacer battle-history"><br></div><div class="battle-history">The opposing Magearna used <strong>Corkscrew Crash</strong>!<br></div><div class="battle-history"><small>It's not very effective...</small><br></div><div class="battle-history"><small>(Toxapex lost <abbr title="−195/303">64.4%</abbr> of its health!)</small><br></div><div class="spacer battle-history"><br></div><div class="battle-history">Toxapex used <strong>Scald</strong>!<br></div><div class="battle-history"><small>(The opposing Magearna lost <abbr title="−51/301">16.9%</abbr> of its health!)</small><br></div><div class="spacer battle-history"><br></div><div class="battle-history"><small>Toxapex restored a little HP using its Black Sludge!</small><br></div><div class="spacer battle-history"><br></div><h2 class="battle-history">Turn 28</h2><div class="spacer battle-history"><br></div><div class="battle-history">The opposing Magearna used <strong>Flash Cannon</strong>!<br></div><div class="battle-history"><small>It's not very effective...</small><br></div><div class="battle-history"><small>(Toxapex lost <abbr title="−93/303">30.7%</abbr> of its health!)</small><br></div><div class="spacer battle-history"><br></div><div class="battle-history">Toxapex used <strong>Recover</strong>!<br></div><div class="battle-history"><small>Toxapex restored its HP.</small><br></div><div class="spacer battle-history"><br></div><div class="battle-history"><small>Toxapex restored a little HP using its Black Sludge!</small><br></div><div class="spacer battle-history"><br></div><h2 class="battle-history">Turn 29</h2><div class="spacer battle-history"><br></div><div class="battle-history">The opposing Magearna used <strong>Focus Blast</strong>!<br></div><div class="battle-history"><small>Toxapex avoided the attack!</small><br></div><div class="spacer battle-history"><br></div><div class="battle-history">Toxapex used <strong>Recover</strong>!<br></div><div class="battle-history"><small>Toxapex restored its HP.</small><br></div><div class="spacer battle-history"><br></div><h2 class="battle-history">Turn 30</h2><div class="spacer battle-history"><br></div><div class="battle-history">The opposing Magearna used <strong>Focus Blast</strong>!<br></div><div class="battle-history"><small>It's not very effective...</small><br></div><div class="battle-history"><small>(Toxapex lost <abbr title="−98/303">32.3%</abbr> of its health!)</small><br></div><div class="spacer battle-history"><br></div><div class="battle-history">Toxapex used <strong>Scald</strong>!<br></div><div class="battle-history"><small>(The opposing Magearna lost <abbr title="−55/301">18.3%</abbr> of its health!)</small><br></div><div class="battle-history"><small>The opposing Magearna was burned!</small><br></div><div class="spacer battle-history"><br></div><div class="battle-history"><small>Toxapex restored a little HP using its Black Sludge!</small><br></div><div class="battle-history"><small>The opposing Magearna was hurt by its burn!</small><br></div><div class="spacer battle-history"><br></div><h2 class="battle-history">Turn 31</h2><div class="spacer battle-history"><br></div><div class="battle-history">The opposing Magearna used <strong>Flash Cannon</strong>!<br></div><div class="battle-history"><small>It's not very effective...</small><br></div><div class="battle-history"><small>(Toxapex lost <abbr title="−93/303">30.7%</abbr> of its health!)</small><br></div><div class="spacer battle-history"><br></div><div class="battle-history">Toxapex used <strong>Recover</strong>!<br></div><div class="battle-history"><small>Toxapex restored its HP.</small><br></div><div class="spacer battle-history"><br></div><div class="battle-history"><small>Toxapex restored a little HP using its Black Sludge!</small><br></div><div class="battle-history"><small>The opposing Magearna was hurt by its burn!</small><br></div><div class="spacer battle-history"><br></div><h2 class="battle-history">Turn 32</h2><div class="spacer battle-history"><br></div><div class="battle-history">The opposing Magearna used <strong>Flash Cannon</strong>!<br></div><div class="battle-history"><small>It's not very effective...</small><br></div><div class="battle-history"><small>(Toxapex lost <abbr title="−96/303">31.7%</abbr> of its health!)</small><br></div><div class="spacer battle-history"><br></div><div class="battle-history">Toxapex used <strong>Infestation</strong>!<br></div><div class="battle-history"><small>It's not very effective...</small><br></div><div class="battle-history"><small>(The opposing Magearna lost <abbr title="−2/301">0.7%</abbr> of its health!)</small><br></div><div class="battle-history"><small>The opposing Magearna has been afflicted with an infestation by Toxapex!</small><br></div><div class="spacer battle-history"><br></div><div class="battle-history"><small>Toxapex restored a little HP using its Black Sludge!</small><br></div><div class="battle-history"><small>The opposing Magearna was hurt by its burn!</small><br></div><div class="battle-history"><small>The opposing Magearna is hurt by Infestation!</small><br></div><div class="spacer battle-history"><br></div><h2 class="battle-history">Turn 33</h2><div class="spacer battle-history"><br></div><div class="battle-history">The opposing Magearna used <strong>Ice Beam</strong>!<br></div><div class="battle-history"><small>It's not very effective...</small><br></div><div class="battle-history"><small>(Toxapex lost <abbr title="−68/303">22.4%</abbr> of its health!)</small><br></div><div class="spacer battle-history"><br></div><div class="battle-history">Toxapex used <strong>Recover</strong>!<br></div><div class="battle-history"><small>Toxapex restored its HP.</small><br></div><div class="spacer battle-history"><br></div><div class="battle-history"><small>The opposing Magearna was hurt by its burn!</small><br></div><div class="battle-history"><small>The opposing Magearna is hurt by Infestation!</small><br></div><div class="spacer battle-history"><br></div><h2 class="battle-history">Turn 34</h2><div class="spacer battle-history"><br></div><div class="battle-history">The opposing Magearna used <strong>Ice Beam</strong>!<br></div><div class="battle-history"><small>It's not very effective...</small><br></div><div class="battle-history"><small>(Toxapex lost <abbr title="−75/303">24.8%</abbr> of its health!)</small><br></div><div class="spacer battle-history"><br></div><div class="battle-history">Toxapex used <strong>Scald</strong>!<br></div><div class="battle-history"><small>(The opposing Magearna lost <abbr title="−29/301">9.6%</abbr> of its health!)</small><br></div><div class="spacer battle-history"><br></div><div class="battle-history">The opposing Magearna fainted!<br></div><div class="spacer battle-history"><br></div><div class="battle-history"><small>Toxapex restored a little HP using its Black Sludge!</small><br></div><div class="spacer battle-history"><br></div><div class="battle-history">yoce gamer 01 sent out Lopunny (<strong>Lopunny-Mega</strong>)!<br></div><div class="battle-history"><small>Pointed stones dug into the opposing Lopunny!</small><br></div><div class="spacer battle-history"><br></div><h2 class="battle-history">Turn 35</h2><div class="spacer battle-history"><br></div><div class="battle-history">The opposing Lopunny used <strong>Fake Out</strong>!<br></div><div class="battle-history"><small>(Toxapex lost <abbr title="−43/303">14.2%</abbr> of its health!)</small><br></div><div class="spacer battle-history"><br></div><div class="battle-history">Toxapex flinched and couldn't move!<br></div><div class="spacer battle-history"><br></div><div class="battle-history"><small>Toxapex restored a little HP using its Black Sludge!</small><br></div><div class="spacer battle-history"><br></div><h2 class="battle-history">Turn 36</h2><div class="spacer battle-history"><br></div><div class="battle-history">The opposing Lopunny used <strong>High Jump Kick</strong>!<br></div><div class="battle-history"><small>It's not very effective...</small><br></div><div class="battle-history"><small>(Toxapex lost <abbr title="−65/303">21.5%</abbr> of its health!)</small><br></div><div class="spacer battle-history"><br></div><div class="battle-history">Toxapex used <strong>Scald</strong>!<br></div><div class="battle-history"><small>(The opposing Lopunny lost <abbr title="−54/271">19.9%</abbr> of its health!)</small><br></div><div class="spacer battle-history"><br></div><div class="battle-history"><small>Toxapex restored a little HP using its Black Sludge!</small><br></div><div class="spacer battle-history"><br></div><h2 class="battle-history">Turn 37</h2><div class="spacer battle-history"><br></div><div class="battle-history">yoce gamer 01 withdrew Lopunny!<br></div><div class="battle-history">yoce gamer 01 sent out Rotom (<strong>Rotom-Wash</strong>)!<br></div><div class="battle-history"><small>Pointed stones dug into the opposing Rotom!</small><br></div><div class="spacer battle-history"><br></div><div class="battle-history">Toxapex used <strong>Recover</strong>!<br></div><div class="battle-history"><small>Toxapex restored its HP.</small><br></div><div class="spacer battle-history"><br></div><div class="battle-history"><small>The opposing Rotom restored a little HP using its Leftovers!</small><br></div><div class="spacer battle-history"><br></div><h2 class="battle-history">Turn 38</h2><div class="spacer battle-history"><br></div><div class="battle-history">Toxapex, come back!<br></div><div class="battle-history">Go! <strong>Zygarde</strong>!<br></div><div class="battle-history"><small>[Zygarde's Aura Break]</small><br><small>Zygarde reversed all other Pokémon's auras!</small><br></div><div class="spacer battle-history"><br></div><div class="battle-history">The opposing Rotom used <strong>Discharge</strong>!<br></div><div class="battle-history"><small>It doesn't affect Zygarde...</small><br></div><div class="spacer battle-history"><br></div><div class="battle-history"><small>The opposing Rotom restored a little HP using its Leftovers!</small><br></div><div class="spacer battle-history"><br></div><h2 class="battle-history">Turn 39</h2><div class="spacer battle-history"><br></div><div class="battle-history">Zygarde used <strong>Substitute</strong>!<br></div><div class="battle-history"><small>Zygarde put in a substitute!</small><br></div><div class="battle-history"><small>(Zygarde lost <abbr title="−91/365">24.9%</abbr> of its health!)</small><br></div><div class="spacer battle-history"><br></div><div class="battle-history">The opposing Rotom used <strong>Will-O-Wisp</strong>!<br></div><div class="battle-history"><small>But it failed!</small><br></div><div class="spacer battle-history"><br></div><div class="battle-history"><small>Zygarde restored a little HP using its Leftovers!</small><br></div><div class="battle-history"><small>The opposing Rotom restored a little HP using its Leftovers!</small><br></div><div class="spacer battle-history"><br></div><h2 class="battle-history">Turn 40</h2><div class="spacer battle-history"><br></div><div class="battle-history">Zygarde used <strong>Thousand Arrows</strong>!<br></div><div class="battle-history"><small>It's super effective!</small><br></div><div class="battle-history"><small>(The opposing Rotom lost <abbr title="−137/304">45.1%</abbr> of its health!)</small><br></div><div class="spacer battle-history"><br></div><div class="battle-history">The opposing Rotom fainted!<br></div><div class="spacer battle-history"><br></div><div class="battle-history"><small>Zygarde restored a little HP using its Leftovers!</small><br></div><div class="spacer battle-history"><br></div><div class="battle-history">yoce gamer 01 sent out Lopunny (<strong>Lopunny-Mega</strong>)!<br></div><div class="battle-history"><small>Pointed stones dug into the opposing Lopunny!</small><br></div><div class="spacer battle-history"><br></div><h2 class="battle-history">Turn 41</h2><div class="spacer battle-history"><br></div><div class="battle-history">Zygarde used <strong>Protect</strong>!<br></div><div class="battle-history"><small>Zygarde protected itself!</small><br></div><div class="spacer battle-history"><br></div><div class="battle-history">The opposing Lopunny used <strong>Fake Out</strong>!<br></div><div class="battle-history"><small>Zygarde protected itself!</small><br></div><div class="spacer battle-history"><br></div><div class="battle-history"><small>Zygarde restored a little HP using its Leftovers!</small><br></div><div class="spacer battle-history"><br></div><h2 class="battle-history">Turn 42</h2><div class="spacer battle-history"><br></div><div class="battle-history">The opposing Lopunny used <strong>Ice Punch</strong>!<br></div><div class="battle-history"><small>It's super effective!</small><br></div><div class="battle-history"><small>Zygarde's substitute faded!</small><br></div><div class="spacer battle-history"><br></div><div class="battle-history">Zygarde used <strong>Thousand Arrows</strong>!<br></div><div class="battle-history"><small>(The opposing Lopunny lost <abbr title="−157/271">57.9%</abbr> of its health!)</small><br></div><div class="spacer battle-history"><br></div><div class="battle-history"><small>Zygarde restored a little HP using its Leftovers!</small><br></div><div class="spacer battle-history"><br></div><h2 class="battle-history">Turn 43</h2><div class="spacer battle-history"><br></div><div class="battle-history">Zygarde, come back!<br></div><div class="battle-history">Go! <strong>Toxapex</strong>!<br></div><div class="spacer battle-history"><br></div><div class="battle-history">The opposing Lopunny used <strong>Ice Punch</strong>!<br></div><div class="battle-history"><small>It's not very effective...</small><br></div><div class="battle-history"><small>(Toxapex lost <abbr title="−27/303">8.9%</abbr> of its health!)</small><br></div><div class="battle-history"><small>Toxapex was frozen solid!</small><br></div><div class="spacer battle-history"><br></div><div class="battle-history"><small>Toxapex restored a little HP using its Black Sludge!</small><br></div><div class="spacer battle-history"><br></div><h2 class="battle-history">Turn 44</h2><div class="spacer battle-history"><br></div><div class="battle-history">yoce gamer 01 withdrew Lopunny!<br></div><div class="battle-history">yoce gamer 01 sent out <strong>Mimikyu</strong>!<br></div><div class="battle-history"><small>Pointed stones dug into the opposing Mimikyu!</small><br></div><div class="battle-history"><small>Toxapex's Scald melted the ice!</small><br></div><div class="spacer battle-history"><br></div><div class="battle-history">Toxapex used <strong>Scald</strong>!<br></div><div class="battle-history"><small>[The opposing Mimikyu's Disguise]</small><br><small>Its disguise served it as a decoy!</small><br></div><div class="battle-history"><small>(The opposing Mimikyu lost <abbr title="0/251">0%</abbr> of its health!)</small><br></div><div class="battle-history">The opposing Mimikyu's disguise was busted!<br></div><div class="spacer battle-history"><br></div><div class="battle-history"><small>Toxapex restored a little HP using its Black Sludge!</small><br></div><div class="spacer battle-history"><br></div><h2 class="battle-history">Turn 45</h2><div class="spacer battle-history"><br></div><div class="battle-history">The opposing Mimikyu used <strong>Swords Dance</strong>!<br></div><div class="battle-history"><small>The opposing Mimikyu's Attack rose sharply!</small><br></div><div class="spacer battle-history"><br></div><div class="battle-history">Toxapex used <strong>Scald</strong>!<br></div><div class="battle-history"><small>(The opposing Mimikyu lost <abbr title="−52/251">20.7%</abbr> of its health!)</small><br></div><div class="battle-history"><small>The opposing Mimikyu was burned!</small><br></div><div class="spacer battle-history"><br></div><div class="battle-history"><small>The opposing Mimikyu was hurt by its burn!</small><br></div><div class="spacer battle-history"><br></div><h2 class="battle-history">Turn 46</h2><div class="spacer battle-history"><br></div><div class="battle-history">The opposing Mimikyu used <strong>Swords Dance</strong>!<br></div><div class="battle-history"><small>The opposing Mimikyu's Attack rose sharply!</small><br></div><div class="spacer battle-history"><br></div><div class="battle-history">Toxapex used <strong>Scald</strong>!<br></div><div class="battle-history"><small>(The opposing Mimikyu lost <abbr title="−51/251">20.3%</abbr> of its health!)</small><br></div><div class="spacer battle-history"><br></div><div class="battle-history"><small>The opposing Mimikyu was hurt by its burn!</small><br></div><div class="spacer battle-history"><br></div><h2 class="battle-history">Turn 47</h2><div class="spacer battle-history"><br></div><div class="battle-history">The opposing Mimikyu used <strong>Play Rough</strong>!<br></div><div class="battle-history"><small>It's not very effective...</small><br></div><div class="battle-history"><small>(Toxapex lost <abbr title="−81/303">26.7%</abbr> of its health!)</small><br></div><div class="battle-history"><small>The opposing Mimikyu lost some of its HP!</small><br></div><div class="spacer battle-history"><br></div><div class="battle-history">Toxapex used <strong>Infestation</strong>!<br></div><div class="battle-history"><small>It's not very effective...</small><br></div><div class="battle-history"><small>A critical hit!</small><br></div><div class="battle-history"><small>(The opposing Mimikyu lost <abbr title="−3/251">1.2%</abbr> of its health!)</small><br></div><div class="battle-history"><small>The opposing Mimikyu has been afflicted with an infestation by Toxapex!</small><br></div><div class="spacer battle-history"><br></div><div class="battle-history"><small>Toxapex restored a little HP using its Black Sludge!</small><br></div><div class="battle-history"><small>The opposing Mimikyu was hurt by its burn!</small><br></div><div class="battle-history"><small>The opposing Mimikyu is hurt by Infestation!</small><br></div><div class="spacer battle-history"><br></div><h2 class="battle-history">Turn 48</h2><div class="spacer battle-history"><br></div><div class="battle-history">The opposing Mimikyu used <strong>Wood Hammer</strong>!<br></div><div class="battle-history"><small>(Toxapex lost <abbr title="−129/303">42.6%</abbr> of its health!)</small><br></div><div class="battle-history"><small>The opposing Mimikyu is damaged by the recoil!</small><br></div><div class="spacer battle-history"><br></div><div class="battle-history">The opposing Mimikyu fainted!<br></div><div class="battle-history">Toxapex used <strong>Recover</strong>!<br></div><div class="battle-history"><small>Toxapex restored its HP.</small><br></div><div class="spacer battle-history"><br></div><div class="battle-history"><small>Toxapex restored a little HP using its Black Sludge!</small><br></div><div class="spacer battle-history"><br></div><div class="battle-history">yoce gamer 01 sent out <strong>Greninja</strong>!<br></div><div class="battle-history"><small>Pointed stones dug into the opposing Greninja!</small><br></div><div class="spacer battle-history"><br></div><h2 class="battle-history">Turn 49</h2><div class="spacer battle-history"><br></div><div class="battle-history">The opposing Greninja used <strong>Extrasensory</strong>!<br></div><div class="spacer battle-history"><br></div><div class="battle-history"><small>[The opposing Greninja's Protean]</small><br><small>The opposing Greninja transformed into the Psychic type!</small><br></div><div class="battle-history"><small>It's super effective!</small><br></div><div class="battle-history"><small>(Toxapex lost <abbr title="−158/303">52.1%</abbr> of its health!)</small><br></div><div class="spacer battle-history"><br></div><div class="battle-history">Toxapex used <strong>Infestation</strong>!<br></div><div class="battle-history"><small>It's super effective!</small><br></div><div class="battle-history"><small>(The opposing Greninja lost <abbr title="−26/285">9.1%</abbr> of its health!)</small><br></div><div class="battle-history"><small>The opposing Greninja has been afflicted with an infestation by Toxapex!</small><br></div><div class="spacer battle-history"><br></div><div class="battle-history"><small>Toxapex restored a little HP using its Black Sludge!</small><br></div><div class="battle-history"><small>The opposing Greninja is hurt by Infestation!</small><br></div><div class="spacer battle-history"><br></div><h2 class="battle-history">Turn 50</h2><div class="spacer battle-history"><br></div><div class="battle-history">Toxapex, come back!<br></div><div class="battle-history">Go! <strong>Zygarde</strong>!<br></div><div class="battle-history"><small>[Zygarde's Aura Break]</small><br><small>Zygarde reversed all other Pokémon's auras!</small><br></div><div class="spacer battle-history"><br></div><div class="battle-history">The opposing Greninja used <strong>Extrasensory</strong>!<br></div><div class="battle-history"><small>(Zygarde lost <abbr title="−123/365">33.7%</abbr> of its health!)</small><br></div><div class="spacer battle-history"><br></div><div class="battle-history"><small>Zygarde restored a little HP using its Leftovers!</small><br></div><div class="spacer battle-history"><br></div><h2 class="battle-history">Turn 51</h2><div class="spacer battle-history"><br></div><div class="battle-history">Zygarde used <strong>Protect</strong>!<br></div><div class="battle-history"><small>Zygarde protected itself!</small><br></div><div class="spacer battle-history"><br></div><div class="battle-history">The opposing Greninja used <strong>Extrasensory</strong>!<br></div><div class="battle-history"><small>Zygarde protected itself!</small><br></div><div class="spacer battle-history"><br></div><div class="battle-history"><small>Zygarde restored a little HP using its Leftovers!</small><br></div><div class="spacer battle-history"><br></div><h2 class="battle-history">Turn 52</h2><div class="spacer battle-history"><br></div><div class="battle-history">The opposing Greninja used <strong>Extrasensory</strong>!<br></div><div class="battle-history"><small>(Zygarde lost <abbr title="−121/365">33.2%</abbr> of its health!)</small><br></div><div class="spacer battle-history"><br></div><div class="battle-history">Zygarde used <strong>Thousand Arrows</strong>!<br></div><div class="battle-history"><small>(The opposing Greninja lost <abbr title="−21/285">7.4%</abbr> of its health!)</small><br></div><div class="spacer battle-history"><br></div><div class="battle-history">The opposing Greninja fainted!<br></div><div class="spacer battle-history"><br></div><div class="battle-history"><small>Zygarde restored a little HP using its Leftovers!</small><br></div><div class="spacer battle-history"><br></div><div class="battle-history">yoce gamer 01 sent out Lopunny (<strong>Lopunny-Mega</strong>)!<br></div><div class="battle-history"><small>Pointed stones dug into the opposing Lopunny!</small><br></div><div class="spacer battle-history"><br></div><h2 class="battle-history">Turn 53</h2><div class="chat chatmessage-megalucariofire"><strong style="color:hsl(111,72%,38.38242833648551%)"><small>☆</small><span class="username" data-name="MegaツlucarioFire✘">MegaツlucarioFire✘</span>:</strong> <em>g_g</em></div><div class="chat chatmessage-yocegamer01"><strong style="color:hsl(322,46%,46%)"><small>☆</small><span class="username" data-name="yoce gamer 01">yoce gamer 01</span>:</strong> <em>Gg xd</em></div><div class="spacer battle-history"><br></div><div class="battle-history">The opposing Lopunny used <strong>Ice Punch</strong>!<br></div><div class="battle-history"><small>It's super effective!</small><br></div><div class="battle-history"><small>(Zygarde lost <abbr title="−184/365">50.4%</abbr> of its health!)</small><br></div><div class="spacer battle-history"><br></div><div class="battle-history">Zygarde fainted!<br></div><div class="spacer battle-history"><br></div><div class="battle-history">Go! <strong>Toxapex</strong>!<br></div><div class="spacer battle-history"><br></div><h2 class="battle-history">Turn 54</h2><div class="spacer battle-history"><br></div><div class="battle-history">The opposing Lopunny used <strong>High Jump Kick</strong>!<br></div><div class="battle-history"><small>It's not very effective...</small><br></div><div class="battle-history"><small>(Toxapex lost <abbr title="−63/303">20.8%</abbr> of its health!)</small><br></div><div class="spacer battle-history"><br></div><div class="battle-history">Toxapex used <strong>Scald</strong>!<br></div><div class="battle-history"><small>(The opposing Lopunny lost <abbr title="−12/271">4.4%</abbr> of its health!)</small><br></div><div class="spacer battle-history"><br></div><div class="battle-history">The opposing Lopunny fainted!<br></div><div class="spacer battle-history"><br></div><div class="battle-history"><strong>MegaツlucarioFire✘</strong> won the battle!<br></div></div><div class="inner-preempt"></div></div></div>
</div>
<script>
let daily = Math.floor(Date.now()/1000/60/60/24);document.write('<script src="https://play.pokemonshowdown.com/js/replay-embed.js?version'+daily+'"></'+'script>');
</script>
