<!DOCTYPE html>
<meta charset="utf-8" />
<!-- version 1 -->
<title>OU replay: thiagomax500 vs. DraconSer</title>
<style>
html,body {font-family:Verdana, sans-serif;font-size:10pt;margin:0;padding:0;}body{padding:12px 0;} .battle-log {font-family:Verdana, sans-serif;font-size:10pt;} .battle-log-inline {border:1px solid #AAAAAA;background:#EEF2F5;color:black;max-width:640px;margin:0 auto 80px;padding-bottom:5px;} .battle-log .inner {padding:4px 8px 0px 8px;} .battle-log .inner-preempt {padding:0 8px 4px 8px;} .battle-log .inner-after {margin-top:0.5em;} .battle-log h2 {margin:0.5em -8px;padding:4px 8px;border:1px solid #AAAAAA;background:#E0E7EA;border-left:0;border-right:0;font-family:Verdana, sans-serif;font-size:13pt;} .battle-log .chat {vertical-align:middle;padding:3px 0 3px 0;font-size:8pt;} .battle-log .chat strong {color:#40576A;} .battle-log .chat em {padding:1px 4px 1px 3px;color:#000000;font-style:normal;} .chat.mine {background:rgba(0,0,0,0.05);margin-left:-8px;margin-right:-8px;padding-left:8px;padding-right:8px;} .spoiler {color:#BBBBBB;background:#BBBBBB;padding:0px 3px;} .spoiler:hover, .spoiler:active, .spoiler-shown {color:#000000;background:#E2E2E2;padding:0px 3px;} .spoiler a {color:#BBBBBB;} .spoiler:hover a, .spoiler:active a, .spoiler-shown a {color:#2288CC;} .chat code, .chat .spoiler:hover code, .chat .spoiler:active code, .chat .spoiler-shown code {border:1px solid #C0C0C0;background:#EEEEEE;color:black;padding:0 2px;} .chat .spoiler code {border:1px solid #CCCCCC;background:#CCCCCC;color:#CCCCCC;} .battle-log .rated {padding:3px 4px;} .battle-log .rated strong {color:white;background:#89A;padding:1px 4px;border-radius:4px;} .spacer {margin-top:0.5em;} .message-announce {background:#6688AA;color:white;padding:1px 4px 2px;} .message-announce a, .broadcast-green a, .broadcast-blue a, .broadcast-red a {color:#DDEEFF;} .broadcast-green {background-color:#559955;color:white;padding:2px 4px;} .broadcast-blue {background-color:#6688AA;color:white;padding:2px 4px;} .infobox {border:1px solid #6688AA;padding:2px 4px;} .infobox-limited {max-height:200px;overflow:auto;overflow-x:hidden;} .broadcast-red {background-color:#AA5544;color:white;padding:2px 4px;} .message-learn-canlearn {font-weight:bold;color:#228822;text-decoration:underline;} .message-learn-cannotlearn {font-weight:bold;color:#CC2222;text-decoration:underline;} .message-effect-weak {font-weight:bold;color:#CC2222;} .message-effect-resist {font-weight:bold;color:#6688AA;} .message-effect-immune {font-weight:bold;color:#666666;} .message-learn-list {margin-top:0;margin-bottom:0;} .message-throttle-notice, .message-error {color:#992222;} .message-overflow, .chat small.message-overflow {font-size:0pt;} .message-overflow::before {font-size:9pt;content:'...';} .subtle {color:#3A4A66;}
</style>
<div class="wrapper replay-wrapper" style="max-width:1180px;margin:0 auto">
<input type="hidden" name="replayid" value="destiny-ou-500058" />
<div class="battle"></div><div class="battle-log"></div><div class="replay-controls"></div><div class="replay-controls-2"></div>
<h1 style="font-weight:normal;text-align:center"><strong>OU</strong><br /><a href="http://pokemonshowdown.com/users/thiagomax500" class="subtle" target="_blank">thiagomax500</a> vs. <a href="http://pokemonshowdown.com/users/draconser" class="subtle" target="_blank">DraconSer</a></h1>
<script type="text/plain" class="battle-log-data">|player|p1|thiagomax500|169
|teamsize|p1|6
|player|p2|DraconSer|1084
|teamsize|p2|6
|teamsize|p1|6
|teamsize|p2|6
|gametype|singles
|gen|7
|tier|OU
|seed|28412,54904,26115,42754
|rule|Cláusula-Mod de Dormir: solo puedes dormir a uno de tus oponentes a la vez.
|rule|Cláusula de Especie: Hasta un Pokémon de cada especie
|rule|Cláusula de Golpe Fulminante: los movimientos fulminantes (OHKO) estan prohibidos
|rule|Cláusula de Veleta: la habilidad Veleta está prohibida
|rule|Cláusula de Movimientos Evasivos: los movimientos de Evasión están prohibidos.
|rule|Cláusula de Batallas Eternas: forzar batallas eternas está prohibido
|clearpoke
|poke|p1|Nidoking, M|item
|poke|p1|Gardevoir, F|item
|poke|p1|Garchomp, M|item
|poke|p1|Metagross|item
|poke|p1|Weavile, F|item
|poke|p1|Aerodactyl, F|item
|poke|p2|Kyurem-Black, shiny|item
|poke|p2|Kommo-o, F, shiny|item
|poke|p2|Garchomp, F, shiny|item
|poke|p2|Dragonite, M, shiny|item
|poke|p2|Charizard, M, shiny|item
|poke|p2|Guzzlord, shiny|item
|teampreview|undefined
|choice|*|*team 213456
|choice|*team 321456|*
|choice|team 3, 2, 1, 4, 5, 6|team 2, 1, 3, 4, 5, 6
|
|start
|switch|p1a: Garchomp|Garchomp, M|357\/357
|switch|p2a: Kommo-o|Kommo-o, F, shiny|291\/291
|turn|1
|choice|*|*move 4
|choice|*move 1 mega|*
|choice|move aquatail mega|move dragondance
|
|-mega|p1a: Garchomp|Garchomp|Garchompite
|detailschange|p1a: Garchomp|Garchomp-Mega, M
|move|p2a: Kommo-o|Dragon Dance|p2a: Kommo-o
|-boost|p2a: Kommo-o|atk|1
|-boost|p2a: Kommo-o|spe|1
|move|p1a: Garchomp|Aqua Tail|p2a: Kommo-o
|-resisted|p2a: Kommo-o
|-damage|p2a: Kommo-o|248\/291
|
|upkeep
|turn|2
|choice|*|*move 1
|choice|*move 4|*
|choice|move dragontail|move dragonclaw
|
|move|p2a: Kommo-o|Dragon Claw|p1a: Garchomp
|-supereffective|p1a: Garchomp
|-damage|p1a: Garchomp|0 fnt
|-damage|p2a: Kommo-o|219\/291|[from] item: Life Orb
|faint|p1a: Garchomp
|
|upkeep
|choice|*switch 4|*
|choice|switch 4|
|
|switch|p1a: Metagross|Metagross|301\/301
|turn|3
|choice|*move 2|*
|choice|*|*move 2
|choice|move rockslide|move closecombat
|
|move|p2a: Kommo-o|Close Combat|p1a: Metagross
|-damage|p1a: Metagross|0 fnt
|-unboost|p2a: Kommo-o|def|1
|-unboost|p2a: Kommo-o|spd|1
|-damage|p2a: Kommo-o|190\/291|[from] item: Life Orb
|faint|p1a: Metagross
|
|upkeep
|choice|*switch 2|*
|choice|switch 2|
|
|switch|p1a: Gardevoir|Gardevoir, F|277\/277
|turn|4
|choice|*|*move 3
|choice|*move 1|*
|choice|move shadowball|move poisonjab
|
|move|p2a: Kommo-o|Poison Jab|p1a: Gardevoir
|-supereffective|p1a: Gardevoir
|-damage|p1a: Gardevoir|0 fnt
|-damage|p2a: Kommo-o|161\/291|[from] item: Life Orb
|faint|p1a: Gardevoir
|
|upkeep
|choice|*switch 6|*
|choice|switch 6|
|
|switch|p1a: Aerodactyl|Aerodactyl, F|301\/301
|turn|5
|choice|*|*move 2
|choice|*move 1|*
|choice|move dragonpulse|move closecombat
|
|move|p2a: Kommo-o|Close Combat|p1a: Aerodactyl
|-crit|p1a: Aerodactyl
|-damage|p1a: Aerodactyl|0 fnt
|-unboost|p2a: Kommo-o|def|1
|-unboost|p2a: Kommo-o|spd|1
|-damage|p2a: Kommo-o|132\/291|[from] item: Life Orb
|faint|p1a: Aerodactyl
|
|upkeep
|-message|thiagomax500 se rindió.
|
|win|DraconSer
</script>
</div>
<div class="battle-log battle-log-inline"><div class="inner"><div class="battle-options"></div><div class="inner"><div class=""><small>Format:</small> <br><strong>OU</strong></div><div class=""><small><em>Cláusula-Mod de Dormir:</em> solo puedes dormir a uno de tus oponentes a la vez.</small></div><div class=""><small><em>Cláusula de Especie:</em> Hasta un Pokémon de cada especie</small></div><div class=""><small><em>Cláusula de Golpe Fulminante:</em> los movimientos fulminantes (OHKO) estan prohibidos</small></div><div class=""><small><em>Cláusula de Veleta:</em> la habilidad Veleta está prohibida</small></div><div class=""><small><em>Cláusula de Movimientos Evasivos:</em> los movimientos de Evasión están prohibidos.</small></div><div class=""><small><em>Cláusula de Batallas Eternas:</em> forzar batallas eternas está prohibido</small></div><div class="chat battle-history"><strong>thiagomax500's team:</strong> <em style="color:#445566;display:block;">Nidoking / Gardevoir / Garchomp / Metagross / Weavile / Aerodactyl</em></div><div class="chat battle-history"><strong>DraconSer's team:</strong> <em style="color:#445566;display:block;">Kyurem-Black / Kommo-o / Garchomp / Dragonite / Charizard / Guzzlord</em></div><div class="spacer battle-history"><br></div><div class="battle-history">Battle started between thiagomax500 and DraconSer!<br></div><div class="spacer battle-history"><br></div><div class="battle-history">Go! <strong>Garchomp</strong>!<br></div><div class="spacer battle-history"><br></div><div class="battle-history">DraconSer sent out <strong>Kommo-o</strong>!<br></div><div class="spacer battle-history"><br></div><h2 class="battle-history">Turn 1</h2><div class="spacer battle-history"><br></div><div class="battle-history"><small>Garchomp's Garchompite is reacting to the Key Stone!</small><br>Garchomp has Mega Evolved into Mega Garchomp!<br></div><div class="spacer battle-history"><br></div><div class="battle-history">The opposing Kommo-o used <strong>Dragon Dance</strong>!<br></div><div class="battle-history"><small>The opposing Kommo-o's Attack rose!</small><br></div><div class="battle-history"><small>The opposing Kommo-o's Speed rose!</small><br></div><div class="spacer battle-history"><br></div><div class="battle-history">Garchomp used <strong>Aqua Tail</strong>!<br></div><div class="battle-history"><small>It's not very effective...</small><br></div><div class="battle-history"><small>(The opposing Kommo-o lost <abbr title="−43/291">14.8%</abbr> of its health!)</small><br></div><div class="spacer battle-history"><br></div><h2 class="battle-history">Turn 2</h2><div class="spacer battle-history"><br></div><div class="battle-history">The opposing Kommo-o used <strong>Dragon Claw</strong>!<br></div><div class="battle-history"><small>It's super effective!</small><br></div><div class="battle-history"><small>(Garchomp lost <abbr title="−357/357">100%</abbr> of its health!)</small><br></div><div class="battle-history"><small>The opposing Kommo-o lost some of its HP!</small><br></div><div class="spacer battle-history"><br></div><div class="battle-history">Garchomp fainted!<br></div><div class="spacer battle-history"><br></div><div class="battle-history">Go! <strong>Metagross</strong>!<br></div><div class="spacer battle-history"><br></div><h2 class="battle-history">Turn 3</h2><div class="spacer battle-history"><br></div><div class="battle-history">The opposing Kommo-o used <strong>Close Combat</strong>!<br></div><div class="battle-history"><small>(Metagross lost <abbr title="−301/301">100%</abbr> of its health!)</small><br></div><div class="battle-history"><small>The opposing Kommo-o's Defense fell!</small><br></div><div class="battle-history"><small>The opposing Kommo-o's Special Defense fell!</small><br></div><div class="battle-history"><small>The opposing Kommo-o lost some of its HP!</small><br></div><div class="spacer battle-history"><br></div><div class="battle-history">Metagross fainted!<br></div><div class="spacer battle-history"><br></div><div class="battle-history">Go! <strong>Gardevoir</strong>!<br></div><div class="spacer battle-history"><br></div><h2 class="battle-history">Turn 4</h2><div class="spacer battle-history"><br></div><div class="battle-history">The opposing Kommo-o used <strong>Poison Jab</strong>!<br></div><div class="battle-history"><small>It's super effective!</small><br></div><div class="battle-history"><small>(Gardevoir lost <abbr title="−277/277">100%</abbr> of its health!)</small><br></div><div class="battle-history"><small>The opposing Kommo-o lost some of its HP!</small><br></div><div class="spacer battle-history"><br></div><div class="battle-history">Gardevoir fainted!<br></div><div class="spacer battle-history"><br></div><div class="battle-history">Go! <strong>Aerodactyl</strong>!<br></div><div class="spacer battle-history"><br></div><h2 class="battle-history">Turn 5</h2><div class="spacer battle-history"><br></div><div class="battle-history">The opposing Kommo-o used <strong>Close Combat</strong>!<br></div><div class="battle-history"><small>A critical hit!</small><br></div><div class="battle-history"><small>(Aerodactyl lost <abbr title="−301/301">100%</abbr> of its health!)</small><br></div><div class="battle-history"><small>The opposing Kommo-o's Defense fell!</small><br></div><div class="battle-history"><small>The opposing Kommo-o's Special Defense fell!</small><br></div><div class="battle-history"><small>The opposing Kommo-o lost some of its HP!</small><br></div><div class="spacer battle-history"><br></div><div class="battle-history">Aerodactyl fainted!<br></div><div class="spacer battle-history"><br></div><div class="battle-history"><small>thiagomax500 se rindió.</small><br></div><div class="spacer battle-history"><br></div><div class="battle-history"><strong>DraconSer</strong> won the battle!<br></div></div><div class="inner-preempt"></div></div></div>
</div>
<script>
let daily = Math.floor(Date.now()/1000/60/60/24);document.write('<script src="https://play.pokemonshowdown.com/js/replay-embed.js?version'+daily+'"></'+'script>');
</script>
