<!DOCTYPE html>
<meta charset="utf-8" />
<!-- version 1 -->
<title>OU replay: Kalu vv vs. Tōshirō2Hitsugaya</title>
<style>
html,body {font-family:Verdana, sans-serif;font-size:10pt;margin:0;padding:0;}body{padding:12px 0;} .battle-log {font-family:Verdana, sans-serif;font-size:10pt;} .battle-log-inline {border:1px solid #AAAAAA;background:#EEF2F5;color:black;max-width:640px;margin:0 auto 80px;padding-bottom:5px;} .battle-log .inner {padding:4px 8px 0px 8px;} .battle-log .inner-preempt {padding:0 8px 4px 8px;} .battle-log .inner-after {margin-top:0.5em;} .battle-log h2 {margin:0.5em -8px;padding:4px 8px;border:1px solid #AAAAAA;background:#E0E7EA;border-left:0;border-right:0;font-family:Verdana, sans-serif;font-size:13pt;} .battle-log .chat {vertical-align:middle;padding:3px 0 3px 0;font-size:8pt;} .battle-log .chat strong {color:#40576A;} .battle-log .chat em {padding:1px 4px 1px 3px;color:#000000;font-style:normal;} .chat.mine {background:rgba(0,0,0,0.05);margin-left:-8px;margin-right:-8px;padding-left:8px;padding-right:8px;} .spoiler {color:#BBBBBB;background:#BBBBBB;padding:0px 3px;} .spoiler:hover, .spoiler:active, .spoiler-shown {color:#000000;background:#E2E2E2;padding:0px 3px;} .spoiler a {color:#BBBBBB;} .spoiler:hover a, .spoiler:active a, .spoiler-shown a {color:#2288CC;} .chat code, .chat .spoiler:hover code, .chat .spoiler:active code, .chat .spoiler-shown code {border:1px solid #C0C0C0;background:#EEEEEE;color:black;padding:0 2px;} .chat .spoiler code {border:1px solid #CCCCCC;background:#CCCCCC;color:#CCCCCC;} .battle-log .rated {padding:3px 4px;} .battle-log .rated strong {color:white;background:#89A;padding:1px 4px;border-radius:4px;} .spacer {margin-top:0.5em;} .message-announce {background:#6688AA;color:white;padding:1px 4px 2px;} .message-announce a, .broadcast-green a, .broadcast-blue a, .broadcast-red a {color:#DDEEFF;} .broadcast-green {background-color:#559955;color:white;padding:2px 4px;} .broadcast-blue {background-color:#6688AA;color:white;padding:2px 4px;} .infobox {border:1px solid #6688AA;padding:2px 4px;} .infobox-limited {max-height:200px;overflow:auto;overflow-x:hidden;} .broadcast-red {background-color:#AA5544;color:white;padding:2px 4px;} .message-learn-canlearn {font-weight:bold;color:#228822;text-decoration:underline;} .message-learn-cannotlearn {font-weight:bold;color:#CC2222;text-decoration:underline;} .message-effect-weak {font-weight:bold;color:#CC2222;} .message-effect-resist {font-weight:bold;color:#6688AA;} .message-effect-immune {font-weight:bold;color:#666666;} .message-learn-list {margin-top:0;margin-bottom:0;} .message-throttle-notice, .message-error {color:#992222;} .message-overflow, .chat small.message-overflow {font-size:0pt;} .message-overflow::before {font-size:9pt;content:'...';} .subtle {color:#3A4A66;}
</style>
<div class="wrapper replay-wrapper" style="max-width:1180px;margin:0 auto">
<input type="hidden" name="replayid" value="destiny-ou-512395" />
<div class="battle"></div><div class="battle-log"></div><div class="replay-controls"></div><div class="replay-controls-2"></div>
<h1 style="font-weight:normal;text-align:center"><strong>OU</strong><br /><a href="http://pokemonshowdown.com/users/kaluvv" class="subtle" target="_blank">Kalu vv</a> vs. <a href="http://pokemonshowdown.com/users/tshir2hitsugaya" class="subtle" target="_blank">Tōshirō2Hitsugaya</a></h1>
<script type="text/plain" class="battle-log-data">|unlink|||tour
|player|p1|Kalu vv|kaluvv.gif?c9dcdc0b
|teamsize|p1|6
|player|p2|Tōshirō2Hitsugaya|1067
|teamsize|p2|6
|teamsize|p1|6
|teamsize|p2|6
|gametype|singles
|gen|7
|tier|OU
|seed|35836,830,8624,18282
|rule|Cláusula-Mod de Dormir: solo puedes dormir a uno de tus oponentes a la vez.
|rule|Cláusula de Especie: Hasta un Pokémon de cada especie
|rule|Cláusula de Golpe Fulminante: los movimientos fulminantes (OHKO) estan prohibidos
|rule|Cláusula de Veleta: la habilidad Veleta está prohibida
|rule|Cláusula de Movimientos Evasivos: los movimientos de Evasión están prohibidos.
|rule|Cláusula de Batallas Eternas: forzar batallas eternas está prohibido
|clearpoke
|poke|p1|Heatran, F|item
|poke|p1|Tangrowth, M|item
|poke|p1|Tornadus-Therian, M|item
|poke|p1|Medicham, M|item
|poke|p1|Zygarde|item
|poke|p1|Weavile, F|item
|poke|p2|Dragonite, M|item
|poke|p2|Politoed, F|item
|poke|p2|Kingdra, F|item
|poke|p2|Latias, F|item
|poke|p2|Jirachi|item
|poke|p2|Keldeo|item
|teampreview|undefined
|c|☆Tōshirō2Hitsugaya|alv
|choice|*team 523416|*
|c|☆Kalu vv|q es eso
|c|☆Kalu vv|por qué no peli?
|c|☆Tōshirō2Hitsugaya|nose lo invento mi primo
|c|☆Tōshirō2Hitsugaya|dijo que lo probara
|c|☆Kalu vv|tu primo es mank? :v
|c|☆Tōshirō2Hitsugaya|asi que veamos que tal
|c|☆Tōshirō2Hitsugaya|aveces
|choice|*|*team 213456
|choice|team 5, 2, 3, 4, 1, 6|team 2, 1, 3, 4, 5, 6
|
|start
|switch|p1a: Zygarde|Zygarde|359\/359
|switch|p2a: Politoed|Politoed, F|384\/384
|-ability|p1a: Zygarde|Aura Break
|-weather|RainDance|[from] ability: Drizzle|[of] p2a: Politoed
|turn|1
|c|☆Kalu vv|dragonite thunder hurricane
|c|☆Kalu vv|un clásico pasado de moda
|choice|*|*move 1
|choice|*move 4|*
|choice|move glare|move scald
|
|move|p1a: Zygarde|Glare|p2a: Politoed
|-status|p2a: Politoed|par
|cant|p2a: Politoed|par
|
|-weather|RainDance|[upkeep]
|upkeep
|turn|2
|choice|*switch 2|*
|c|☆Tōshirō2Hitsugaya|alv deslumbrar
|choice|*|*switch 2
|choice|switch 2|switch 2
|
|switch|p1a: Tangrowth|Tangrowth, M|404\/404
|switch|p2a: Dragonite|Dragonite, M|329\/329
|
|-weather|RainDance|[upkeep]
|upkeep
|turn|3
|choice|*|*move 1
|choice|*move 3|*
|choice|move hiddenpower|move hurricane
|
|move|p2a: Dragonite|Hurricane|p1a: Tangrowth
|-supereffective|p1a: Tangrowth
|-damage|p1a: Tangrowth|61\/404
|-damage|p2a: Dragonite|297\/329|[from] item: Life Orb
|move|p1a: Tangrowth|Hidden Power|p2a: Dragonite
|-supereffective|p2a: Dragonite
|-damage|p2a: Dragonite|89\/329
|
|-weather|RainDance|[upkeep]
|upkeep
|turn|4
|choice|*|*move 2
|choice|*switch 6|*
|choice|switch 6|move extremespeed
|
|switch|p1a: Weavile|Weavile, F|281\/281
|-ability|p1a: Weavile|Pressure
|move|p2a: Dragonite|Extreme Speed|p1a: Weavile
|-damage|p1a: Weavile|119\/281
|-damage|p2a: Dragonite|57\/329|[from] item: Life Orb
|
|-weather|RainDance|[upkeep]
|upkeep
|turn|5
|choice|*move 2|*
|choice|*|*switch 2
|choice|*switch 2|*
|choice|switch 2|switch 2
|
|switch|p1a: Zygarde|Zygarde|359\/359
|-ability|p1a: Zygarde|Aura Break
|switch|p2a: Politoed|Politoed, F|384\/384 par
|
|-weather|RainDance|[upkeep]
|upkeep
|turn|6
|choice|*|*move 1
|player|p1|
|inactive|Reloj de batalla ENCENDIDO. El jugador inactivo será descalificado (solicitado por Tōshirō2Hitsugaya).
|inactiveoff|El cronómetro ha sido APAGADO.
|player|p1|Kalu vv|kaluvv.gif?c9dcdc0b
|choice|*move 1|*
|choice|move thousandarrows|move scald
|
|move|p1a: Zygarde|Thousand Arrows|p2a: Politoed
|-damage|p2a: Politoed|183\/384 par
|move|p2a: Politoed|Scald|p1a: Zygarde
|-damage|p1a: Zygarde|224\/359
|
|-weather|RainDance|[upkeep]
|upkeep
|turn|7
|c|☆Tōshirō2Hitsugaya|ya iva a joder con el time
|choice|*move 1|*
|choice|*|*move 2
|choice|move thousandarrows|move rest
|
|move|p1a: Zygarde|Thousand Arrows|p2a: Politoed
|-damage|p2a: Politoed|0 fnt
|faint|p2a: Politoed
|
|-weather|RainDance|[upkeep]
|upkeep
|c|☆Kalu vv|mmalo
|c|☆Kalu vv|:v
|choice|*|*switch 6
|choice||switch 6
|
|switch|p2a: Keldeo|Keldeo|323\/323
|turn|8
|choice|*switch 6|*
|choice|*|*move 4
|choice|switch 6|move focusblast
|
|switch|p1a: Tangrowth|Tangrowth, M|195\/404
|move|p2a: Keldeo|Focus Blast|p1a: Tangrowth|[miss]
|-miss|p2a: Keldeo|p1a: Tangrowth
|
|-weather|none
|upkeep
|turn|9
|choice|*|*switch 2
|choice|*switch 3|*
|choice|switch 3|switch 2
|
|switch|p2a: Dragonite|Dragonite, M|57\/329
|switch|p1a: Tornadus|Tornadus-Therian, M|361\/361
|
|upkeep
|turn|10
|choice|*|*move 3
|choice|*move 3|*
|choice|move uturn|move thunder
|
|move|p1a: Tornadus|U-turn|p2a: Dragonite
|-resisted|p2a: Dragonite
|-damage|p2a: Dragonite|29\/329
|choice|*switch 6|*
|choice|switch 6|
|
|switch|p1a: Zygarde|Zygarde|224\/359|[from]move: U-turn
|-ability|p1a: Zygarde|Aura Break
|move|p2a: Dragonite|Thunder|p1a: Zygarde
|-immune|p1a: Zygarde|[msg]
|
|upkeep
|turn|11
|choice|*|*move 4
|choice|*|*switch 2
|choice|*move 3|*
|choice|move extremespeed|switch 2
|
|switch|p2a: Keldeo|Keldeo|323\/323
|move|p1a: Zygarde|Extreme Speed|p2a: Keldeo
|-damage|p2a: Keldeo|189\/323
|
|upkeep
|turn|12
|choice|*switch 6|*
|choice|*|*move 2
|choice|switch 6|move hydropump
|
|switch|p1a: Tornadus|Tornadus-Therian, M|361\/361
|move|p2a: Keldeo|Hydro Pump|p1a: Tornadus
|-damage|p1a: Tornadus|31\/361
|
|upkeep
|turn|13
|choice|*|*move 2
|choice|*move 4|*
|choice|move hurricane|move hydropump
|
|move|p1a: Tornadus|Hurricane|p2a: Keldeo|[miss]
|-miss|p1a: Tornadus|p2a: Keldeo
|move|p2a: Keldeo|Hydro Pump|p1a: Tornadus
|-damage|p1a: Tornadus|0 fnt
|faint|p1a: Tornadus
|
|upkeep
|c|☆Kalu vv|:)
|choice|*switch 3|*
|choice|switch 3|
|
|switch|p1a: Tangrowth|Tangrowth, M|329\/404
|turn|14
|choice|*move 1|*
|choice|*|*switch 2
|choice|move gigadrain|switch 2
|
|switch|p2a: Dragonite|Dragonite, M|29\/329
|move|p1a: Tangrowth|Giga Drain|p2a: Dragonite
|-resisted|p2a: Dragonite
|-damage|p2a: Dragonite|4\/329
|-heal|p1a: Tangrowth|342\/404|[from] drain|[of] p2a: Dragonite
|
|upkeep
|turn|15
|choice|*|*move 1
|c|☆Kalu vv|WTF
|choice|*move 3|*
|choice|move hiddenpower|move hurricane
|
|move|p2a: Dragonite|Hurricane|p1a: Tangrowth
|-supereffective|p1a: Tangrowth
|-damage|p1a: Tangrowth|20\/404
|-start|p1a: Tangrowth|confusion
|-damage|p2a: Dragonite|0 fnt|[from] item: Life Orb
|faint|p2a: Dragonite
|-activate|p1a: Tangrowth|confusion
|move|p1a: Tangrowth|Hidden Power|p2: Dragonite|[notarget]
|-notarget
|
|upkeep
|choice|*|*switch 2
|choice||switch 2
|
|switch|p2a: Keldeo|Keldeo|189\/323
|turn|16
|choice|*switch 6|*
|choice|*|*move 3
|choice|switch 6|move secretsword
|
|switch|p1a: Zygarde|Zygarde|224\/359
|-ability|p1a: Zygarde|Aura Break
|move|p2a: Keldeo|Secret Sword|p1a: Zygarde
|-damage|p1a: Zygarde|29\/359
|
|upkeep
|turn|17
|choice|*|*move 3
|choice|*move 3|*
|choice|move extremespeed|move secretsword
|
|move|p1a: Zygarde|Extreme Speed|p2a: Keldeo
|-damage|p2a: Keldeo|36\/323
|move|p2a: Keldeo|Secret Sword|p1a: Zygarde
|-damage|p1a: Zygarde|0 fnt
|faint|p1a: Zygarde
|
|upkeep
|choice|*switch 4|*
|choice|switch 4|
|
|switch|p1a: Medicham|Medicham, M|261\/261
|turn|18
|choice|*move 1 mega|*
|choice|*|*switch 4
|choice|move fakeout mega|switch 4
|
|switch|p2a: Latias|Latias, F|364\/364
|-mega|p1a: Medicham|Medicham|Medichamite
|detailschange|p1a: Medicham|Medicham-Mega, M
|move|p1a: Medicham|Fake Out|p2a: Latias
|-damage|p2a: Latias|274\/364
|
|upkeep
|turn|19
|choice|*move 2|*
|choice|*|*move 2 mega
|choice|move icepunch|move dragonpulse mega
|
|-mega|p2a: Latias|Latias|Latiasite
|detailschange|p2a: Latias|Latias-Mega, F
|move|p2a: Latias|Dragon Pulse|p1a: Medicham
|-damage|p1a: Medicham|96\/261
|move|p1a: Medicham|Ice Punch|p2a: Latias
|-supereffective|p2a: Latias
|-damage|p2a: Latias|16\/364
|
|upkeep
|turn|20
|choice|*|*move 2
|choice|*switch 2|*
|choice|switch 2|move dragonpulse
|
|switch|p1a: Weavile|Weavile, F|119\/281
|-ability|p1a: Weavile|Pressure
|move|p2a: Latias|Dragon Pulse|p1a: Weavile
|-damage|p1a: Weavile|0 fnt
|faint|p1a: Weavile
|
|upkeep
|choice|*switch 6|*
|choice|switch 6|
|
|switch|p1a: Tangrowth|Tangrowth, M|154\/404
|turn|21
|choice|*switch 5|*
|c|☆Kalu vv|la +kas
|choice|*|*move 2
|choice|switch 5|move dragonpulse
|
|switch|p1a: Heatran|Heatran, F|327\/327
|move|p2a: Latias|Dragon Pulse|p1a: Heatran
|-resisted|p1a: Heatran
|-damage|p1a: Heatran|266\/327
|
|upkeep
|turn|22
|choice|*|*move 3
|choice|*move 3|*
|choice|move flashcannon|move surf
|
|move|p2a: Latias|Surf|p1a: Heatran
|-supereffective|p1a: Heatran
|-damage|p1a: Heatran|106\/327
|move|p1a: Heatran|Flash Cannon|p2a: Latias
|-damage|p2a: Latias|0 fnt
|faint|p2a: Latias
|
|upkeep
|choice|*|*switch 4
|choice||switch 4
|
|switch|p2a: Keldeo|Keldeo|36\/323
|turn|23
|choice|*|*move 4
|choice|*move 2|*
|choice|move stealthrock|move focusblast
|
|move|p2a: Keldeo|Focus Blast|p1a: Heatran
|-supereffective|p1a: Heatran
|-damage|p1a: Heatran|0 fnt
|faint|p1a: Heatran
|
|upkeep
|choice|*switch 2|*
|choice|switch 2|
|
|switch|p1a: Medicham|Medicham-Mega, M|96\/261
|turn|24
|choice|*move 4|*
|choice|*|*move 4
|choice|move highjumpkick|move focusblast
|
|move|p2a: Keldeo|Focus Blast|p1a: Medicham|[miss]
|-miss|p2a: Keldeo|p1a: Medicham
|move|p1a: Medicham|High Jump Kick|p2a: Keldeo
|-damage|p2a: Keldeo|0 fnt
|faint|p2a: Keldeo
|
|upkeep
|choice|*|*switch 5
|choice||switch 5
|
|switch|p2a: Jirachi|Jirachi|404\/404
|turn|25
|choice|*|*move 2
|choice|*move 4|*
|choice|move highjumpkick|move ironhead
|
|move|p1a: Medicham|High Jump Kick|p2a: Jirachi
|-damage|p2a: Jirachi|16\/404
|move|p2a: Jirachi|Iron Head|p1a: Medicham
|-damage|p1a: Medicham|0 fnt
|faint|p1a: Medicham
|
|-heal|p2a: Jirachi|41\/404|[from] item: Leftovers
|upkeep
|choice|*switch 5|*
|choice|switch 5|
|
|switch|p1a: Tangrowth|Tangrowth, M|288\/404
|turn|26
|choice|*move 1|*
|choice|*|*move 2
|choice|move gigadrain|move ironhead
|
|move|p2a: Jirachi|Iron Head|p1a: Tangrowth
|-damage|p1a: Tangrowth|212\/404
|cant|p1a: Tangrowth|flinch
|
|-heal|p2a: Jirachi|66\/404|[from] item: Leftovers
|upkeep
|turn|27
|choice|*|*move 2
|c|☆Kalu vv|mi suerte no es normal
|choice|*move 1|*
|choice|move gigadrain|move ironhead
|
|move|p2a: Jirachi|Iron Head|p1a: Tangrowth
|-damage|p1a: Tangrowth|140\/404
|cant|p1a: Tangrowth|flinch
|
|-heal|p2a: Jirachi|91\/404|[from] item: Leftovers
|upkeep
|turn|28
|choice|*|*move 2
|choice|*move 1|*
|choice|move gigadrain|move ironhead
|
|move|p2a: Jirachi|Iron Head|p1a: Tangrowth
|-damage|p1a: Tangrowth|62\/404
|move|p1a: Tangrowth|Giga Drain|p2a: Jirachi
|-resisted|p2a: Jirachi
|-damage|p2a: Jirachi|59\/404
|-heal|p1a: Tangrowth|78\/404|[from] drain|[of] p2a: Jirachi
|
|-heal|p2a: Jirachi|84\/404|[from] item: Leftovers
|upkeep
|turn|29
|c|☆Tōshirō2Hitsugaya|la mia igual bro
|choice|*|*move 2
|choice|*move 1|*
|choice|move gigadrain|move ironhead
|
|move|p2a: Jirachi|Iron Head|p1a: Tangrowth
|-crit|p1a: Tangrowth
|-damage|p1a: Tangrowth|0 fnt
|faint|p1a: Tangrowth
|
|win|Tōshirō2Hitsugaya
|c| Lord Ander ♛|:ripper:
</script>
</div>
<div class="battle-log battle-log-inline"><div class="inner"><div class="battle-options"></div><div class="inner"><div class=""><small>Format:</small> <br><strong>OU</strong></div><div class=""><small><em>Cláusula-Mod de Dormir:</em> solo puedes dormir a uno de tus oponentes a la vez.</small></div><div class=""><small><em>Cláusula de Especie:</em> Hasta un Pokémon de cada especie</small></div><div class=""><small><em>Cláusula de Golpe Fulminante:</em> los movimientos fulminantes (OHKO) estan prohibidos</small></div><div class=""><small><em>Cláusula de Veleta:</em> la habilidad Veleta está prohibida</small></div><div class=""><small><em>Cláusula de Movimientos Evasivos:</em> los movimientos de Evasión están prohibidos.</small></div><div class=""><small><em>Cláusula de Batallas Eternas:</em> forzar batallas eternas está prohibido</small></div><div class="chat battle-history"><strong>Kalu vv's team:</strong> <em style="color:#445566;display:block;">Heatran / Tangrowth / Tornadus-Therian / Medicham / Zygarde / Weavile</em></div><div class="chat battle-history"><strong>Tōshirō2Hitsugaya's team:</strong> <em style="color:#445566;display:block;">Dragonite / Politoed / Kingdra / Latias / Jirachi / Keldeo</em></div><div class="chat chatmessage-tshir2hitsugaya"><strong style="color:hsl(336,83%,47%)"><small>☆</small><span class="username" data-name="Tōshirō2Hitsugaya">Tōshirō2Hitsugaya</span>:</strong> <em>alv</em></div><div class="chat chatmessage-kaluvv"><strong style="color:hsl(26,40%,41%)"><small>☆</small><span class="username" data-name="Kalu vv">Kalu vv</span>:</strong> <em>q es eso</em></div><div class="chat chatmessage-kaluvv"><strong style="color:hsl(26,40%,41%)"><small>☆</small><span class="username" data-name="Kalu vv">Kalu vv</span>:</strong> <em>por qué no peli?</em></div><div class="chat chatmessage-tshir2hitsugaya"><strong style="color:hsl(336,83%,47%)"><small>☆</small><span class="username" data-name="Tōshirō2Hitsugaya">Tōshirō2Hitsugaya</span>:</strong> <em>nose lo invento mi primo</em></div><div class="chat chatmessage-tshir2hitsugaya"><strong style="color:hsl(336,83%,47%)"><small>☆</small><span class="username" data-name="Tōshirō2Hitsugaya">Tōshirō2Hitsugaya</span>:</strong> <em>dijo que lo probara</em></div><div class="chat chatmessage-kaluvv"><strong style="color:hsl(26,40%,41%)"><small>☆</small><span class="username" data-name="Kalu vv">Kalu vv</span>:</strong> <em>tu primo es mank? :v</em></div><div class="chat chatmessage-tshir2hitsugaya"><strong style="color:hsl(336,83%,47%)"><small>☆</small><span class="username" data-name="Tōshirō2Hitsugaya">Tōshirō2Hitsugaya</span>:</strong> <em>asi que veamos que tal</em></div><div class="chat chatmessage-tshir2hitsugaya"><strong style="color:hsl(336,83%,47%)"><small>☆</small><span class="username" data-name="Tōshirō2Hitsugaya">Tōshirō2Hitsugaya</span>:</strong> <em>aveces</em></div><div class="spacer battle-history"><br></div><div class="battle-history">Battle started between Kalu vv and Tōshirō2Hitsugaya!<br></div><div class="spacer battle-history"><br></div><div class="battle-history">Go! <strong>Zygarde</strong>!<br></div><div class="spacer battle-history"><br></div><div class="battle-history">Tōshirō2Hitsugaya sent out <strong>Politoed</strong>!<br></div><div class="battle-history"><small>[Zygarde's Aura Break]</small><br><small>Zygarde reversed all other Pokémon's auras!</small><br></div><div class="battle-history"><small>[The opposing Politoed's Drizzle]</small><br><small>It started to rain!</small><br></div><div class="spacer battle-history"><br></div><h2 class="battle-history">Turn 1</h2><div class="chat chatmessage-kaluvv"><strong style="color:hsl(26,40%,41%)"><small>☆</small><span class="username" data-name="Kalu vv">Kalu vv</span>:</strong> <em>dragonite thunder hurricane</em></div><div class="chat chatmessage-kaluvv"><strong style="color:hsl(26,40%,41%)"><small>☆</small><span class="username" data-name="Kalu vv">Kalu vv</span>:</strong> <em>un clásico pasado de moda</em></div><div class="spacer battle-history"><br></div><div class="battle-history">Zygarde used <strong>Glare</strong>!<br></div><div class="battle-history"><small>The opposing Politoed is paralyzed! It may be unable to move!</small><br></div><div class="spacer battle-history"><br></div><div class="battle-history">The opposing Politoed is paralyzed! It can't move!<br></div><div class="spacer battle-history"><br></div><div class="battle-history"><small>(Rain continues to fall!)</small><br></div><div class="spacer battle-history"><br></div><h2 class="battle-history">Turn 2</h2><div class="chat chatmessage-tshir2hitsugaya"><strong style="color:hsl(336,83%,47%)"><small>☆</small><span class="username" data-name="Tōshirō2Hitsugaya">Tōshirō2Hitsugaya</span>:</strong> <em>alv deslumbrar</em></div><div class="spacer battle-history"><br></div><div class="battle-history">Zygarde, come back!<br></div><div class="battle-history">Go! <strong>Tangrowth</strong>!<br></div><div class="spacer battle-history"><br></div><div class="battle-history">Tōshirō2Hitsugaya withdrew Politoed!<br></div><div class="battle-history">Tōshirō2Hitsugaya sent out <strong>Dragonite</strong>!<br></div><div class="spacer battle-history"><br></div><div class="battle-history"><small>(Rain continues to fall!)</small><br></div><div class="spacer battle-history"><br></div><h2 class="battle-history">Turn 3</h2><div class="spacer battle-history"><br></div><div class="battle-history">The opposing Dragonite used <strong>Hurricane</strong>!<br></div><div class="battle-history"><small>It's super effective!</small><br></div><div class="battle-history"><small>(Tangrowth lost <abbr title="−343/404">84.9%</abbr> of its health!)</small><br></div><div class="battle-history"><small>The opposing Dragonite lost some of its HP!</small><br></div><div class="spacer battle-history"><br></div><div class="battle-history">Tangrowth used <strong>Hidden Power</strong>!<br></div><div class="battle-history"><small>It's super effective!</small><br></div><div class="battle-history"><small>(The opposing Dragonite lost <abbr title="−208/329">63.2%</abbr> of its health!)</small><br></div><div class="spacer battle-history"><br></div><div class="battle-history"><small>(Rain continues to fall!)</small><br></div><div class="spacer battle-history"><br></div><h2 class="battle-history">Turn 4</h2><div class="spacer battle-history"><br></div><div class="battle-history">Tangrowth, come back!<br></div><div class="battle-history">Go! <strong>Weavile</strong>!<br></div><div class="battle-history"><small>[Weavile's Pressure]</small><br><small>Weavile is exerting its pressure!</small><br></div><div class="spacer battle-history"><br></div><div class="battle-history">The opposing Dragonite used <strong>Extreme Speed</strong>!<br></div><div class="battle-history"><small>(Weavile lost <abbr title="−162/281">57.7%</abbr> of its health!)</small><br></div><div class="battle-history"><small>The opposing Dragonite lost some of its HP!</small><br></div><div class="spacer battle-history"><br></div><div class="battle-history"><small>(Rain continues to fall!)</small><br></div><div class="spacer battle-history"><br></div><h2 class="battle-history">Turn 5</h2><div class="spacer battle-history"><br></div><div class="battle-history">Weavile, come back!<br></div><div class="battle-history">Go! <strong>Zygarde</strong>!<br></div><div class="battle-history"><small>[Zygarde's Aura Break]</small><br><small>Zygarde reversed all other Pokémon's auras!</small><br></div><div class="spacer battle-history"><br></div><div class="battle-history">Tōshirō2Hitsugaya withdrew Dragonite!<br></div><div class="battle-history">Tōshirō2Hitsugaya sent out <strong>Politoed</strong>!<br></div><div class="spacer battle-history"><br></div><div class="battle-history"><small>(Rain continues to fall!)</small><br></div><div class="spacer battle-history"><br></div><h2 class="battle-history">Turn 6</h2><div class="chat message-error">Reloj de batalla ENCENDIDO. El jugador inactivo será descalificado (solicitado por Tōshirō2Hitsugaya).</div><div class="chat message-error">El cronómetro ha sido APAGADO.</div><div class="spacer battle-history"><br></div><div class="battle-history">Zygarde used <strong>Thousand Arrows</strong>!<br></div><div class="battle-history"><small>(The opposing Politoed lost <abbr title="−201/384">52.3%</abbr> of its health!)</small><br></div><div class="spacer battle-history"><br></div><div class="battle-history">The opposing Politoed used <strong>Scald</strong>!<br></div><div class="battle-history"><small>(Zygarde lost <abbr title="−135/359">37.6%</abbr> of its health!)</small><br></div><div class="spacer battle-history"><br></div><div class="battle-history"><small>(Rain continues to fall!)</small><br></div><div class="spacer battle-history"><br></div><h2 class="battle-history">Turn 7</h2><div class="chat chatmessage-tshir2hitsugaya"><strong style="color:hsl(336,83%,47%)"><small>☆</small><span class="username" data-name="Tōshirō2Hitsugaya">Tōshirō2Hitsugaya</span>:</strong> <em>ya iva a joder con el time</em></div><div class="spacer battle-history"><br></div><div class="battle-history">Zygarde used <strong>Thousand Arrows</strong>!<br></div><div class="battle-history"><small>(The opposing Politoed lost <abbr title="−183/384">47.7%</abbr> of its health!)</small><br></div><div class="spacer battle-history"><br></div><div class="battle-history">The opposing Politoed fainted!<br></div><div class="spacer battle-history"><br></div><div class="battle-history"><small>(Rain continues to fall!)</small><br></div><div class="chat chatmessage-kaluvv"><strong style="color:hsl(26,40%,41%)"><small>☆</small><span class="username" data-name="Kalu vv">Kalu vv</span>:</strong> <em>mmalo</em></div><div class="chat chatmessage-kaluvv"><strong style="color:hsl(26,40%,41%)"><small>☆</small><span class="username" data-name="Kalu vv">Kalu vv</span>:</strong> <em>:v</em></div><div class="spacer battle-history"><br></div><div class="battle-history">Tōshirō2Hitsugaya sent out <strong>Keldeo</strong>!<br></div><div class="spacer battle-history"><br></div><h2 class="battle-history">Turn 8</h2><div class="spacer battle-history"><br></div><div class="battle-history">Zygarde, come back!<br></div><div class="battle-history">Go! <strong>Tangrowth</strong>!<br></div><div class="spacer battle-history"><br></div><div class="battle-history">The opposing Keldeo used <strong>Focus Blast</strong>!<br></div><div class="battle-history"><small>Tangrowth avoided the attack!</small><br></div><div class="spacer battle-history"><br></div><div class="battle-history"><small>The rain stopped.</small><br></div><div class="spacer battle-history"><br></div><h2 class="battle-history">Turn 9</h2><div class="spacer battle-history"><br></div><div class="battle-history">Tōshirō2Hitsugaya withdrew Keldeo!<br></div><div class="battle-history">Tōshirō2Hitsugaya sent out <strong>Dragonite</strong>!<br></div><div class="spacer battle-history"><br></div><div class="battle-history">Tangrowth, come back!<br></div><div class="battle-history">Go! Tornadus (<strong>Tornadus-Therian</strong>)!<br></div><div class="spacer battle-history"><br></div><h2 class="battle-history">Turn 10</h2><div class="spacer battle-history"><br></div><div class="battle-history">Tornadus used <strong>U-turn</strong>!<br></div><div class="battle-history"><small>It's not very effective...</small><br></div><div class="battle-history"><small>(The opposing Dragonite lost <abbr title="−28/329">8.5%</abbr> of its health!)</small><br></div><div class="spacer battle-history"><br></div><div class="battle-history">Tornadus went back to Kalu vv!<br></div><div class="battle-history">Go! <strong>Zygarde</strong>!<br></div><div class="battle-history"><small>[Zygarde's Aura Break]</small><br><small>Zygarde reversed all other Pokémon's auras!</small><br></div><div class="spacer battle-history"><br></div><div class="battle-history">The opposing Dragonite used <strong>Thunder</strong>!<br></div><div class="battle-history"><small>It doesn't affect Zygarde...</small><br></div><div class="spacer battle-history"><br></div><h2 class="battle-history">Turn 11</h2><div class="spacer battle-history"><br></div><div class="battle-history">Tōshirō2Hitsugaya withdrew Dragonite!<br></div><div class="battle-history">Tōshirō2Hitsugaya sent out <strong>Keldeo</strong>!<br></div><div class="spacer battle-history"><br></div><div class="battle-history">Zygarde used <strong>Extreme Speed</strong>!<br></div><div class="battle-history"><small>(The opposing Keldeo lost <abbr title="−134/323">41.5%</abbr> of its health!)</small><br></div><div class="spacer battle-history"><br></div><h2 class="battle-history">Turn 12</h2><div class="spacer battle-history"><br></div><div class="battle-history">Zygarde, come back!<br></div><div class="battle-history">Go! Tornadus (<strong>Tornadus-Therian</strong>)!<br></div><div class="spacer battle-history"><br></div><div class="battle-history">The opposing Keldeo used <strong>Hydro Pump</strong>!<br></div><div class="battle-history"><small>(Tornadus lost <abbr title="−330/361">91.4%</abbr> of its health!)</small><br></div><div class="spacer battle-history"><br></div><h2 class="battle-history">Turn 13</h2><div class="spacer battle-history"><br></div><div class="battle-history">Tornadus used <strong>Hurricane</strong>!<br></div><div class="battle-history"><small>The opposing Keldeo avoided the attack!</small><br></div><div class="spacer battle-history"><br></div><div class="battle-history">The opposing Keldeo used <strong>Hydro Pump</strong>!<br></div><div class="battle-history"><small>(Tornadus lost <abbr title="−31/361">8.6%</abbr> of its health!)</small><br></div><div class="spacer battle-history"><br></div><div class="battle-history">Tornadus fainted!<br></div><div class="chat chatmessage-kaluvv"><strong style="color:hsl(26,40%,41%)"><small>☆</small><span class="username" data-name="Kalu vv">Kalu vv</span>:</strong> <em>:)</em></div><div class="spacer battle-history"><br></div><div class="battle-history">Go! <strong>Tangrowth</strong>!<br></div><div class="spacer battle-history"><br></div><h2 class="battle-history">Turn 14</h2><div class="spacer battle-history"><br></div><div class="battle-history">Tōshirō2Hitsugaya withdrew Keldeo!<br></div><div class="battle-history">Tōshirō2Hitsugaya sent out <strong>Dragonite</strong>!<br></div><div class="spacer battle-history"><br></div><div class="battle-history">Tangrowth used <strong>Giga Drain</strong>!<br></div><div class="battle-history"><small>It's not very effective...</small><br></div><div class="battle-history"><small>(The opposing Dragonite lost <abbr title="−25/329">7.6%</abbr> of its health!)</small><br></div><div class="battle-history"><small>The opposing Dragonite had its energy drained!</small><br></div><div class="spacer battle-history"><br></div><h2 class="battle-history">Turn 15</h2><div class="chat chatmessage-kaluvv"><strong style="color:hsl(26,40%,41%)"><small>☆</small><span class="username" data-name="Kalu vv">Kalu vv</span>:</strong> <em>WTF</em></div><div class="spacer battle-history"><br></div><div class="battle-history">The opposing Dragonite used <strong>Hurricane</strong>!<br></div><div class="battle-history"><small>It's super effective!</small><br></div><div class="battle-history"><small>(Tangrowth lost <abbr title="−322/404">79.7%</abbr> of its health!)</small><br></div><div class="battle-history"><small>Tangrowth became confused!</small><br></div><div class="battle-history"><small>The opposing Dragonite lost some of its HP!</small><br></div><div class="spacer battle-history"><br></div><div class="battle-history">The opposing Dragonite fainted!<br></div><div class="battle-history"><small>Tangrowth is confused!</small><br></div><div class="battle-history">Tangrowth used <strong>Hidden Power</strong>!<br></div><div class="battle-history"><small>But there was no target...</small><br></div><div class="spacer battle-history"><br></div><div class="battle-history">Tōshirō2Hitsugaya sent out <strong>Keldeo</strong>!<br></div><div class="spacer battle-history"><br></div><h2 class="battle-history">Turn 16</h2><div class="spacer battle-history"><br></div><div class="battle-history">Tangrowth, come back!<br></div><div class="battle-history">Go! <strong>Zygarde</strong>!<br></div><div class="battle-history"><small>[Zygarde's Aura Break]</small><br><small>Zygarde reversed all other Pokémon's auras!</small><br></div><div class="spacer battle-history"><br></div><div class="battle-history">The opposing Keldeo used <strong>Secret Sword</strong>!<br></div><div class="battle-history"><small>(Zygarde lost <abbr title="−195/359">54.3%</abbr> of its health!)</small><br></div><div class="spacer battle-history"><br></div><h2 class="battle-history">Turn 17</h2><div class="spacer battle-history"><br></div><div class="battle-history">Zygarde used <strong>Extreme Speed</strong>!<br></div><div class="battle-history"><small>(The opposing Keldeo lost <abbr title="−153/323">47.4%</abbr> of its health!)</small><br></div><div class="spacer battle-history"><br></div><div class="battle-history">The opposing Keldeo used <strong>Secret Sword</strong>!<br></div><div class="battle-history"><small>(Zygarde lost <abbr title="−29/359">8.1%</abbr> of its health!)</small><br></div><div class="spacer battle-history"><br></div><div class="battle-history">Zygarde fainted!<br></div><div class="spacer battle-history"><br></div><div class="battle-history">Go! <strong>Medicham</strong>!<br></div><div class="spacer battle-history"><br></div><h2 class="battle-history">Turn 18</h2><div class="spacer battle-history"><br></div><div class="battle-history">Tōshirō2Hitsugaya withdrew Keldeo!<br></div><div class="battle-history">Tōshirō2Hitsugaya sent out <strong>Latias</strong>!<br></div><div class="spacer battle-history"><br></div><div class="battle-history"><small>Medicham's Medichamite is reacting to the Key Stone!</small><br>Medicham has Mega Evolved into Mega Medicham!<br></div><div class="spacer battle-history"><br></div><div class="battle-history">Medicham used <strong>Fake Out</strong>!<br></div><div class="battle-history"><small>(The opposing Latias lost <abbr title="−90/364">24.7%</abbr> of its health!)</small><br></div><div class="spacer battle-history"><br></div><h2 class="battle-history">Turn 19</h2><div class="spacer battle-history"><br></div><div class="battle-history"><small>The opposing Latias's Latiasite is reacting to the Key Stone!</small><br>The opposing Latias has Mega Evolved into Mega Latias!<br></div><div class="spacer battle-history"><br></div><div class="battle-history">The opposing Latias used <strong>Dragon Pulse</strong>!<br></div><div class="battle-history"><small>(Medicham lost <abbr title="−165/261">63.2%</abbr> of its health!)</small><br></div><div class="spacer battle-history"><br></div><div class="battle-history">Medicham used <strong>Ice Punch</strong>!<br></div><div class="battle-history"><small>It's super effective!</small><br></div><div class="battle-history"><small>(The opposing Latias lost <abbr title="−258/364">70.9%</abbr> of its health!)</small><br></div><div class="spacer battle-history"><br></div><h2 class="battle-history">Turn 20</h2><div class="spacer battle-history"><br></div><div class="battle-history">Medicham, come back!<br></div><div class="battle-history">Go! <strong>Weavile</strong>!<br></div><div class="battle-history"><small>[Weavile's Pressure]</small><br><small>Weavile is exerting its pressure!</small><br></div><div class="spacer battle-history"><br></div><div class="battle-history">The opposing Latias used <strong>Dragon Pulse</strong>!<br></div><div class="battle-history"><small>(Weavile lost <abbr title="−119/281">42.3%</abbr> of its health!)</small><br></div><div class="spacer battle-history"><br></div><div class="battle-history">Weavile fainted!<br></div><div class="spacer battle-history"><br></div><div class="battle-history">Go! <strong>Tangrowth</strong>!<br></div><div class="spacer battle-history"><br></div><h2 class="battle-history">Turn 21</h2><div class="chat chatmessage-kaluvv"><strong style="color:hsl(26,40%,41%)"><small>☆</small><span class="username" data-name="Kalu vv">Kalu vv</span>:</strong> <em>la +kas</em></div><div class="spacer battle-history"><br></div><div class="battle-history">Tangrowth, come back!<br></div><div class="battle-history">Go! <strong>Heatran</strong>!<br></div><div class="spacer battle-history"><br></div><div class="battle-history">The opposing Latias used <strong>Dragon Pulse</strong>!<br></div><div class="battle-history"><small>It's not very effective...</small><br></div><div class="battle-history"><small>(Heatran lost <abbr title="−61/327">18.7%</abbr> of its health!)</small><br></div><div class="spacer battle-history"><br></div><h2 class="battle-history">Turn 22</h2><div class="spacer battle-history"><br></div><div class="battle-history">The opposing Latias used <strong>Surf</strong>!<br></div><div class="battle-history"><small>It's super effective!</small><br></div><div class="battle-history"><small>(Heatran lost <abbr title="−160/327">48.9%</abbr> of its health!)</small><br></div><div class="spacer battle-history"><br></div><div class="battle-history">Heatran used <strong>Flash Cannon</strong>!<br></div><div class="battle-history"><small>(The opposing Latias lost <abbr title="−16/364">4.4%</abbr> of its health!)</small><br></div><div class="spacer battle-history"><br></div><div class="battle-history">The opposing Latias fainted!<br></div><div class="spacer battle-history"><br></div><div class="battle-history">Tōshirō2Hitsugaya sent out <strong>Keldeo</strong>!<br></div><div class="spacer battle-history"><br></div><h2 class="battle-history">Turn 23</h2><div class="spacer battle-history"><br></div><div class="battle-history">The opposing Keldeo used <strong>Focus Blast</strong>!<br></div><div class="battle-history"><small>It's super effective!</small><br></div><div class="battle-history"><small>(Heatran lost <abbr title="−106/327">32.4%</abbr> of its health!)</small><br></div><div class="spacer battle-history"><br></div><div class="battle-history">Heatran fainted!<br></div><div class="spacer battle-history"><br></div><div class="battle-history">Go! Medicham (<strong>Medicham-Mega</strong>)!<br></div><div class="spacer battle-history"><br></div><h2 class="battle-history">Turn 24</h2><div class="spacer battle-history"><br></div><div class="battle-history">The opposing Keldeo used <strong>Focus Blast</strong>!<br></div><div class="battle-history"><small>Medicham avoided the attack!</small><br></div><div class="spacer battle-history"><br></div><div class="battle-history">Medicham used <strong>High Jump Kick</strong>!<br></div><div class="battle-history"><small>(The opposing Keldeo lost <abbr title="−36/323">11.1%</abbr> of its health!)</small><br></div><div class="spacer battle-history"><br></div><div class="battle-history">The opposing Keldeo fainted!<br></div><div class="spacer battle-history"><br></div><div class="battle-history">Tōshirō2Hitsugaya sent out <strong>Jirachi</strong>!<br></div><div class="spacer battle-history"><br></div><h2 class="battle-history">Turn 25</h2><div class="spacer battle-history"><br></div><div class="battle-history">Medicham used <strong>High Jump Kick</strong>!<br></div><div class="battle-history"><small>(The opposing Jirachi lost <abbr title="−388/404">96.0%</abbr> of its health!)</small><br></div><div class="spacer battle-history"><br></div><div class="battle-history">The opposing Jirachi used <strong>Iron Head</strong>!<br></div><div class="battle-history"><small>(Medicham lost <abbr title="−96/261">36.8%</abbr> of its health!)</small><br></div><div class="spacer battle-history"><br></div><div class="battle-history">Medicham fainted!<br></div><div class="spacer battle-history"><br></div><div class="battle-history"><small>The opposing Jirachi restored a little HP using its Leftovers!</small><br></div><div class="spacer battle-history"><br></div><div class="battle-history">Go! <strong>Tangrowth</strong>!<br></div><div class="spacer battle-history"><br></div><h2 class="battle-history">Turn 26</h2><div class="spacer battle-history"><br></div><div class="battle-history">The opposing Jirachi used <strong>Iron Head</strong>!<br></div><div class="battle-history"><small>(Tangrowth lost <abbr title="−76/404">18.8%</abbr> of its health!)</small><br></div><div class="spacer battle-history"><br></div><div class="battle-history">Tangrowth flinched and couldn't move!<br></div><div class="spacer battle-history"><br></div><div class="battle-history"><small>The opposing Jirachi restored a little HP using its Leftovers!</small><br></div><div class="spacer battle-history"><br></div><h2 class="battle-history">Turn 27</h2><div class="chat chatmessage-kaluvv"><strong style="color:hsl(26,40%,41%)"><small>☆</small><span class="username" data-name="Kalu vv">Kalu vv</span>:</strong> <em>mi suerte no es normal</em></div><div class="spacer battle-history"><br></div><div class="battle-history">The opposing Jirachi used <strong>Iron Head</strong>!<br></div><div class="battle-history"><small>(Tangrowth lost <abbr title="−72/404">17.8%</abbr> of its health!)</small><br></div><div class="spacer battle-history"><br></div><div class="battle-history">Tangrowth flinched and couldn't move!<br></div><div class="spacer battle-history"><br></div><div class="battle-history"><small>The opposing Jirachi restored a little HP using its Leftovers!</small><br></div><div class="spacer battle-history"><br></div><h2 class="battle-history">Turn 28</h2><div class="spacer battle-history"><br></div><div class="battle-history">The opposing Jirachi used <strong>Iron Head</strong>!<br></div><div class="battle-history"><small>(Tangrowth lost <abbr title="−78/404">19.3%</abbr> of its health!)</small><br></div><div class="spacer battle-history"><br></div><div class="battle-history">Tangrowth used <strong>Giga Drain</strong>!<br></div><div class="battle-history"><small>It's not very effective...</small><br></div><div class="battle-history"><small>(The opposing Jirachi lost <abbr title="−32/404">7.9%</abbr> of its health!)</small><br></div><div class="battle-history"><small>The opposing Jirachi had its energy drained!</small><br></div><div class="spacer battle-history"><br></div><div class="battle-history"><small>The opposing Jirachi restored a little HP using its Leftovers!</small><br></div><div class="spacer battle-history"><br></div><h2 class="battle-history">Turn 29</h2><div class="chat chatmessage-tshir2hitsugaya"><strong style="color:hsl(336,83%,47%)"><small>☆</small><span class="username" data-name="Tōshirō2Hitsugaya">Tōshirō2Hitsugaya</span>:</strong> <em>la mia igual bro</em></div><div class="spacer battle-history"><br></div><div class="battle-history">The opposing Jirachi used <strong>Iron Head</strong>!<br></div><div class="battle-history"><small>A critical hit!</small><br></div><div class="battle-history"><small>(Tangrowth lost <abbr title="−78/404">19.3%</abbr> of its health!)</small><br></div><div class="spacer battle-history"><br></div><div class="battle-history">Tangrowth fainted!<br></div><div class="spacer battle-history"><br></div><div class="battle-history"><strong>Tōshirō2Hitsugaya</strong> won the battle!<br></div><div class="chat chatmessage-lordander"><strong style="color:hsl(342,88%,40.918808770181535%)"><small> </small><span class="username" data-name="Lord Ander ♛">Lord Ander ♛</span>:</strong> <em>:ripper:</em></div></div><div class="inner-preempt"></div></div></div>
</div>
<script>
let daily = Math.floor(Date.now()/1000/60/60/24);document.write('<script src="https://play.pokemonshowdown.com/js/replay-embed.js?version'+daily+'"></'+'script>');
</script>
