<!DOCTYPE html>
<meta charset="utf-8" />
<!-- version 1 -->
<title>OU replay: Marcos Pardo vs. RedShadow Z</title>
<style>
html,body {font-family:Verdana, sans-serif;font-size:10pt;margin:0;padding:0;}body{padding:12px 0;} .battle-log {font-family:Verdana, sans-serif;font-size:10pt;} .battle-log-inline {border:1px solid #AAAAAA;background:#EEF2F5;color:black;max-width:640px;margin:0 auto 80px;padding-bottom:5px;} .battle-log .inner {padding:4px 8px 0px 8px;} .battle-log .inner-preempt {padding:0 8px 4px 8px;} .battle-log .inner-after {margin-top:0.5em;} .battle-log h2 {margin:0.5em -8px;padding:4px 8px;border:1px solid #AAAAAA;background:#E0E7EA;border-left:0;border-right:0;font-family:Verdana, sans-serif;font-size:13pt;} .battle-log .chat {vertical-align:middle;padding:3px 0 3px 0;font-size:8pt;} .battle-log .chat strong {color:#40576A;} .battle-log .chat em {padding:1px 4px 1px 3px;color:#000000;font-style:normal;} .chat.mine {background:rgba(0,0,0,0.05);margin-left:-8px;margin-right:-8px;padding-left:8px;padding-right:8px;} .spoiler {color:#BBBBBB;background:#BBBBBB;padding:0px 3px;} .spoiler:hover, .spoiler:active, .spoiler-shown {color:#000000;background:#E2E2E2;padding:0px 3px;} .spoiler a {color:#BBBBBB;} .spoiler:hover a, .spoiler:active a, .spoiler-shown a {color:#2288CC;} .chat code, .chat .spoiler:hover code, .chat .spoiler:active code, .chat .spoiler-shown code {border:1px solid #C0C0C0;background:#EEEEEE;color:black;padding:0 2px;} .chat .spoiler code {border:1px solid #CCCCCC;background:#CCCCCC;color:#CCCCCC;} .battle-log .rated {padding:3px 4px;} .battle-log .rated strong {color:white;background:#89A;padding:1px 4px;border-radius:4px;} .spacer {margin-top:0.5em;} .message-announce {background:#6688AA;color:white;padding:1px 4px 2px;} .message-announce a, .broadcast-green a, .broadcast-blue a, .broadcast-red a {color:#DDEEFF;} .broadcast-green {background-color:#559955;color:white;padding:2px 4px;} .broadcast-blue {background-color:#6688AA;color:white;padding:2px 4px;} .infobox {border:1px solid #6688AA;padding:2px 4px;} .infobox-limited {max-height:200px;overflow:auto;overflow-x:hidden;} .broadcast-red {background-color:#AA5544;color:white;padding:2px 4px;} .message-learn-canlearn {font-weight:bold;color:#228822;text-decoration:underline;} .message-learn-cannotlearn {font-weight:bold;color:#CC2222;text-decoration:underline;} .message-effect-weak {font-weight:bold;color:#CC2222;} .message-effect-resist {font-weight:bold;color:#6688AA;} .message-effect-immune {font-weight:bold;color:#666666;} .message-learn-list {margin-top:0;margin-bottom:0;} .message-throttle-notice, .message-error {color:#992222;} .message-overflow, .chat small.message-overflow {font-size:0pt;} .message-overflow::before {font-size:9pt;content:'...';} .subtle {color:#3A4A66;}
</style>
<div class="wrapper replay-wrapper" style="max-width:1180px;margin:0 auto">
<input type="hidden" name="replayid" value="destiny-ou-508093" />
<div class="battle"></div><div class="battle-log"></div><div class="replay-controls"></div><div class="replay-controls-2"></div>
<h1 style="font-weight:normal;text-align:center"><strong>OU</strong><br /><a href="http://pokemonshowdown.com/users/marcospardo" class="subtle" target="_blank">Marcos Pardo</a> vs. <a href="http://pokemonshowdown.com/users/redshadowz" class="subtle" target="_blank">RedShadow Z</a></h1>
<script type="text/plain" class="battle-log-data">|player|p1|Marcos Pardo|266
|teamsize|p1|6
|player|p2|RedShadow Z|1003
|teamsize|p2|6
|teamsize|p1|6
|teamsize|p2|6
|gametype|singles
|gen|7
|tier|OU
|seed|39880,34739,12934,9003
|rule|Cláusula-Mod de Dormir: solo puedes dormir a uno de tus oponentes a la vez.
|rule|Cláusula de Especie: Hasta un Pokémon de cada especie
|rule|Cláusula de Golpe Fulminante: los movimientos fulminantes (OHKO) estan prohibidos
|rule|Cláusula de Veleta: la habilidad Veleta está prohibida
|rule|Cláusula de Movimientos Evasivos: los movimientos de Evasión están prohibidos.
|rule|Cláusula de Batallas Eternas: forzar batallas eternas está prohibido
|clearpoke
|poke|p1|Milotic, F|item
|poke|p1|Espeon, F|item
|poke|p1|Luxray, F|item
|poke|p1|Onix, M|item
|poke|p1|Talonflame, M|item
|poke|p1|Exeggutor-Alola, M|item
|poke|p2|Magmortar, F|item
|poke|p2|Charizard, M|item
|poke|p2|Heatran, F, shiny|item
|poke|p2|Victini|item
|poke|p2|Infernape, F|item
|poke|p2|Incineroar, M|item
|teampreview|undefined
|c| DraconSer|.___.
|choice|*team 423156|*
|c| DraconSer|a ese monotayp lo quiero enfrentar : D
|choice|*|*team 623451
|choice|team 4, 2, 3, 1, 5, 6|team 6, 2, 3, 4, 5, 1
|
|start
|switch|p1a: Onix|Onix, M|211\/211
|switch|p2a: Incineroar|Incineroar, M|394\/394
|-ability|p2a: Incineroar|Intimidate|boost
|-unboost|p1a: Onix|atk|1
|turn|1
|choice|*move 1|*
|choice|*|*move 4
|choice|move stealthrock|move swordsdance
|
|move|p1a: Onix|Stealth Rock|p2a: Incineroar
|-sidestart|p2: RedShadow Z|move: Stealth Rock
|move|p2a: Incineroar|Swords Dance|p2a: Incineroar
|-boost|p2a: Incineroar|atk|2
|
|upkeep
|turn|2
|choice|*|*move 1
|choice|*move 4|*
|choice|move earthquake|move earthquake
|
|move|p1a: Onix|Earthquake|p2a: Incineroar
|-supereffective|p2a: Incineroar
|-damage|p2a: Incineroar|254\/394
|move|p2a: Incineroar|Earthquake|p1a: Onix
|-supereffective|p1a: Onix
|-damage|p1a: Onix|11\/211
|
|upkeep
|turn|3
|choice|*|*move 1
|choice|*switch 4|*
|choice|switch 4|move earthquake
|
|switch|p1a: Milotic|Milotic, F|331\/331
|move|p2a: Incineroar|Earthquake|p1a: Milotic
|-damage|p1a: Milotic|61\/331
|
|-status|p1a: Milotic|brn|[from] item: Flame Orb
|upkeep
|turn|4
|choice|*move 1|*
|choice|*|*move 1
|choice|move scald|move earthquake
|
|move|p1a: Milotic|Scald|p2a: Incineroar
|-supereffective|p2a: Incineroar
|-damage|p2a: Incineroar|24\/394
|move|p2a: Incineroar|Earthquake|p1a: Milotic
|-damage|p1a: Milotic|0 fnt
|faint|p1a: Milotic
|
|upkeep
|choice|*switch 4|*
|choice|switch 4|
|
|switch|p1a: Onix|Onix, M|11\/211
|turn|5
|choice|*move 4|*
|choice|*|*switch 2
|choice|move earthquake|switch 2
|
|switch|p2a: Charizard|Charizard, M|297\/297
|-damage|p2a: Charizard|149\/297|[from] Stealth Rock
|move|p1a: Onix|Earthquake|p2a: Charizard
|-immune|p2a: Charizard|[msg]
|
|upkeep
|turn|6
|choice|*move 3|*
|c| DraconSer|esto y orgulloso :,V
|choice|*|*move 3
|choice|move rockslide|move dragondance
|
|move|p2a: Charizard|Dragon Dance|p2a: Charizard
|-boost|p2a: Charizard|atk|1
|-boost|p2a: Charizard|spe|1
|move|p1a: Onix|Rock Slide|p2a: Charizard
|-supereffective|p2a: Charizard
|-damage|p2a: Charizard|0 fnt
|faint|p2a: Charizard
|
|upkeep
|choice|*|*switch 2
|choice||switch 2
|
|switch|p2a: Incineroar|Incineroar, M|24\/394
|-damage|p2a: Incineroar|0 fnt|[from] Stealth Rock
|faint|p2a: Incineroar
|choice|*|*switch 5
|choice||switch 5
|
|switch|p2a: Infernape|Infernape, F|293\/293
|-damage|p2a: Infernape|257\/293|[from] Stealth Rock
|turn|7
|choice|*move 4|*
|choice|*|*move 2
|choice|move earthquake|move flamethrower
|
|move|p2a: Infernape|Flamethrower|p1a: Onix
|-resisted|p1a: Onix
|-damage|p1a: Onix|0 fnt
|faint|p1a: Onix
|
|upkeep
|choice|*switch 2|*
|choice|switch 2|
|
|switch|p1a: Espeon|Espeon, F|271\/271
|turn|8
|choice|*|*move 3
|choice|*move 1|*
|choice|move psychic|move swordsdance
|
|move|p2a: Infernape|Swords Dance|p2a: Infernape
|-boost|p2a: Infernape|atk|2
|move|p1a: Espeon|Psychic|p2a: Infernape
|-supereffective|p2a: Infernape
|-damage|p2a: Infernape|0 fnt
|-damage|p1a: Espeon|244\/271|[from] item: Life Orb
|faint|p2a: Infernape
|
|upkeep
|choice|*|*switch 3
|choice||switch 3
|
|switch|p2a: Heatran|Heatran, F, shiny|386\/386
|-damage|p2a: Heatran|338\/386|[from] Stealth Rock
|turn|9
|choice|*|*move 2
|choice|*move 4|*
|choice|move calmmind|move protect
|
|move|p2a: Heatran|Protect|p2a: Heatran
|-singleturn|p2a: Heatran|Protect
|move|p1a: Espeon|Calm Mind|p1a: Espeon
|-boost|p1a: Espeon|spa|1
|-boost|p1a: Espeon|spd|1
|
|-heal|p2a: Heatran|362\/386|[from] item: Leftovers
|upkeep
|turn|10
|choice|*move 4|*
|choice|*|*move 3
|choice|move calmmind|move crunch
|
|move|p1a: Espeon|Calm Mind|p1a: Espeon
|-boost|p1a: Espeon|spa|1
|-boost|p1a: Espeon|spd|1
|move|p2a: Heatran|Crunch|p1a: Espeon
|-supereffective|p1a: Espeon
|-damage|p1a: Espeon|8\/271
|
|-heal|p2a: Heatran|386\/386|[from] item: Leftovers
|upkeep
|turn|11
|choice|*|*move 2
|choice|*move 2|*
|choice|move shadowball|move protect
|
|move|p2a: Heatran|Protect|p2a: Heatran
|-singleturn|p2a: Heatran|Protect
|move|p1a: Espeon|Shadow Ball|p2a: Heatran
|-activate|p2a: Heatran|move: Protect
|
|upkeep
|turn|12
|choice|*move 2|*
|choice|*|*move 3
|choice|move shadowball|move crunch
|
|move|p1a: Espeon|Shadow Ball|p2a: Heatran
|-damage|p2a: Heatran|160\/386
|-unboost|p2a: Heatran|spd|1
|-damage|p1a: Espeon|0 fnt|[from] item: Life Orb
|faint|p1a: Espeon
|move|p2a: Heatran|Crunch|p1: Espeon|[notarget]
|-notarget
|
|-heal|p2a: Heatran|184\/386|[from] item: Leftovers
|upkeep
|choice|*switch 3|*
|choice|switch 3|
|
|switch|p1a: Luxray|Luxray, F|302\/302
|-ability|p1a: Luxray|Intimidate|boost
|-unboost|p2a: Heatran|atk|1
|turn|13
|choice|*|*move 2
|choice|*switch 5|*
|choice|switch 5|move protect
|
|switch|p1a: Talonflame|Talonflame, M|298\/298
|move|p2a: Heatran|Protect|p2a: Heatran
|-fail|p2a: Heatran
|
|-heal|p2a: Heatran|208\/386|[from] item: Leftovers
|upkeep
|turn|14
|choice|*|*move 2
|choice|*move 1 zmove|*
|choice|move flareblitz zmove|move protect
|
|move|p2a: Heatran|Protect|p2a: Heatran
|-singleturn|p2a: Heatran|Protect
|-zpower|p1a: Talonflame
|move|p1a: Talonflame|Inferno Overdrive|p2a: Heatran|[zeffect]
|-start|p2a: Heatran|ability: Flash Fire
|
|-heal|p2a: Heatran|232\/386|[from] item: Leftovers
|upkeep
|turn|15
|choice|*move 2|*
|choice|*|*move 3
|choice|move swordsdance|move crunch
|
|move|p1a: Talonflame|Swords Dance|p1a: Talonflame
|-boost|p1a: Talonflame|atk|2
|move|p2a: Heatran|Crunch|p1a: Talonflame
|-crit|p1a: Talonflame
|-damage|p1a: Talonflame|154\/298
|
|-heal|p2a: Heatran|256\/386|[from] item: Leftovers
|upkeep
|turn|16
|choice|*|*move 2
|choice|*move 1|*
|choice|move flareblitz|move protect
|
|move|p2a: Heatran|Protect|p2a: Heatran
|-singleturn|p2a: Heatran|Protect
|move|p1a: Talonflame|Flare Blitz|p2a: Heatran
|-activate|p2a: Heatran|move: Protect
|
|-heal|p2a: Heatran|280\/386|[from] item: Leftovers
|upkeep
|turn|17
|choice|*|*move 2
|choice|*move 1|*
|choice|move flareblitz|move protect
|
|move|p2a: Heatran|Protect|p2a: Heatran
|-fail|p2a: Heatran
|move|p1a: Talonflame|Flare Blitz|p2a: Heatran
|-immune|p2a: Heatran|[msg]|[from] ability: Flash Fire
|
|-heal|p2a: Heatran|304\/386|[from] item: Leftovers
|upkeep
|turn|18
|choice|*|*move 3
|choice|*move 1|*
|choice|move flareblitz|move crunch
|
|move|p1a: Talonflame|Flare Blitz|p2a: Heatran
|-immune|p2a: Heatran|[msg]|[from] ability: Flash Fire
|move|p2a: Heatran|Crunch|p1a: Talonflame
|-damage|p1a: Talonflame|84\/298
|-unboost|p1a: Talonflame|def|1
|
|-heal|p2a: Heatran|328\/386|[from] item: Leftovers
|upkeep
|turn|19
|choice|*|*move 3
|choice|*switch 6|*
|choice|switch 6|move crunch
|
|switch|p1a: Exeggutor|Exeggutor-Alola, M|331\/331
|-item|p2a: Heatran|Leftovers|[from] ability: Frisk|[of] p1a: Exeggutor|[identify]
|move|p2a: Heatran|Crunch|p1a: Exeggutor
|-damage|p1a: Exeggutor|277\/331
|
|-heal|p2a: Heatran|352\/386|[from] item: Leftovers
|-heal|p1a: Exeggutor|297\/331|[from] item: Leftovers
|upkeep
|turn|20
|choice|*|*move 2
|choice|*move 2|*
|choice|move leechseed|move protect
|
|move|p2a: Heatran|Protect|p2a: Heatran
|-singleturn|p2a: Heatran|Protect
|move|p1a: Exeggutor|Leech Seed|p2a: Heatran
|-activate|p2a: Heatran|move: Protect
|
|-heal|p2a: Heatran|376\/386|[from] item: Leftovers
|-heal|p1a: Exeggutor|317\/331|[from] item: Leftovers
|upkeep
|turn|21
|choice|*|*move 1
|choice|*move 2|*
|choice|move leechseed|move flamethrower
|
|move|p2a: Heatran|Flamethrower|p1a: Exeggutor
|-damage|p1a: Exeggutor|92\/331
|-status|p1a: Exeggutor|brn
|move|p1a: Exeggutor|Leech Seed|p2a: Heatran
|-start|p2a: Heatran|move: Leech Seed
|
|-heal|p2a: Heatran|386\/386|[from] item: Leftovers
|-heal|p1a: Exeggutor|112\/331 brn|[from] item: Leftovers
|-damage|p2a: Heatran|338\/386|[from] Leech Seed|[of] p1a: Exeggutor
|-heal|p1a: Exeggutor|160\/331 brn|[silent]
|-damage|p1a: Exeggutor|140\/331 brn|[from] brn
|upkeep
|turn|22
|choice|*move 3|*
|choice|*|*move 1
|choice|move protect|move flamethrower
|
|move|p1a: Exeggutor|Protect|p1a: Exeggutor
|-singleturn|p1a: Exeggutor|Protect
|move|p2a: Heatran|Flamethrower|p1a: Exeggutor
|-activate|p1a: Exeggutor|move: Protect
|
|-heal|p2a: Heatran|362\/386|[from] item: Leftovers
|-heal|p1a: Exeggutor|160\/331 brn|[from] item: Leftovers
|-damage|p2a: Heatran|314\/386|[from] Leech Seed|[of] p1a: Exeggutor
|-heal|p1a: Exeggutor|208\/331 brn|[silent]
|-damage|p1a: Exeggutor|188\/331 brn|[from] brn
|upkeep
|turn|23
|choice|*|*move 2
|choice|*move 1|*
|choice|move gigadrain|move protect
|
|move|p2a: Heatran|Protect|p2a: Heatran
|-singleturn|p2a: Heatran|Protect
|move|p1a: Exeggutor|Giga Drain|p2a: Heatran
|-activate|p2a: Heatran|move: Protect
|
|-heal|p2a: Heatran|338\/386|[from] item: Leftovers
|-heal|p1a: Exeggutor|208\/331 brn|[from] item: Leftovers
|-damage|p2a: Heatran|290\/386|[from] Leech Seed|[of] p1a: Exeggutor
|-heal|p1a: Exeggutor|256\/331 brn|[silent]
|-damage|p1a: Exeggutor|236\/331 brn|[from] brn
|upkeep
|turn|24
|choice|*move 1|*
|choice|*|*move 1
|choice|move gigadrain|move flamethrower
|
|move|p2a: Heatran|Flamethrower|p1a: Exeggutor
|-damage|p1a: Exeggutor|13\/331 brn
|move|p1a: Exeggutor|Giga Drain|p2a: Heatran
|-resisted|p2a: Heatran
|-damage|p2a: Heatran|244\/386
|-heal|p1a: Exeggutor|36\/331 brn|[from] drain|[of] p2a: Heatran
|
|-heal|p2a: Heatran|268\/386|[from] item: Leftovers
|-heal|p1a: Exeggutor|56\/331 brn|[from] item: Leftovers
|-damage|p2a: Heatran|220\/386|[from] Leech Seed|[of] p1a: Exeggutor
|-heal|p1a: Exeggutor|104\/331 brn|[silent]
|-damage|p1a: Exeggutor|84\/331 brn|[from] brn
|upkeep
|turn|25
|choice|*|*move 2
|choice|*move 3|*
|choice|move protect|move protect
|
|move|p2a: Heatran|Protect|p2a: Heatran
|-singleturn|p2a: Heatran|Protect
|move|p1a: Exeggutor|Protect|p1a: Exeggutor
|-fail|p1a: Exeggutor
|
|-heal|p2a: Heatran|244\/386|[from] item: Leftovers
|-heal|p1a: Exeggutor|104\/331 brn|[from] item: Leftovers
|-damage|p2a: Heatran|196\/386|[from] Leech Seed|[of] p1a: Exeggutor
|-heal|p1a: Exeggutor|152\/331 brn|[silent]
|-damage|p1a: Exeggutor|132\/331 brn|[from] brn
|upkeep
|turn|26
|choice|*|*move 1
|choice|*move 1|*
|choice|move gigadrain|move flamethrower
|
|move|p2a: Heatran|Flamethrower|p1a: Exeggutor
|-damage|p1a: Exeggutor|0 fnt
|faint|p1a: Exeggutor
|
|-heal|p2a: Heatran|220\/386|[from] item: Leftovers
|upkeep
|choice|*switch 5|*
|choice|switch 5|
|
|switch|p1a: Luxray|Luxray, F|302\/302
|-ability|p1a: Luxray|Intimidate|boost
|-unboost|p2a: Heatran|atk|1
|turn|27
|choice|*|*move 2
|choice|*move 3|*
|choice|move crunch|move protect
|
|move|p2a: Heatran|Protect|p2a: Heatran
|-singleturn|p2a: Heatran|Protect
|move|p1a: Luxray|Crunch|p2a: Heatran
|-activate|p2a: Heatran|move: Protect
|
|-heal|p2a: Heatran|244\/386|[from] item: Leftovers
|-damage|p2a: Heatran|196\/386|[from] Leech Seed|[of] p1a: Luxray
|upkeep
|turn|28
|choice|*|*move 4
|choice|*move 3|*
|choice|move crunch|move earthquake
|
|move|p1a: Luxray|Crunch|p2a: Heatran
|-damage|p2a: Heatran|108\/386
|move|p2a: Heatran|Earthquake|p1a: Luxray
|-supereffective|p1a: Luxray
|-damage|p1a: Luxray|192\/302
|
|-heal|p2a: Heatran|132\/386|[from] item: Leftovers
|-damage|p2a: Heatran|84\/386|[from] Leech Seed|[of] p1a: Luxray
|-heal|p1a: Luxray|240\/302|[silent]
|upkeep
|turn|29
|choice|*move 3|*
|choice|*|*switch 4
|choice|move crunch|switch 4
|
|-end|p2a: Heatran|ability: Flash Fire|[silent]
|switch|p2a: Victini|Victini|341\/341
|-damage|p2a: Victini|256\/341|[from] Stealth Rock
|move|p1a: Luxray|Crunch|p2a: Victini
|-supereffective|p2a: Victini
|-damage|p2a: Victini|68\/341
|
|upkeep
|turn|30
|choice|*move 3|*
|choice|*|*move 4
|choice|move crunch|move dazzlinggleam
|
|move|p2a: Victini|Dazzling Gleam|p1a: Luxray
|-damage|p1a: Luxray|149\/302
|-heal|p2a: Victini|79\/341|[from] item: Shell Bell|[of] p1a: Luxray
|move|p1a: Luxray|Crunch|p2a: Victini
|-supereffective|p2a: Victini
|-damage|p2a: Victini|0 fnt
|faint|p2a: Victini
|
|upkeep
|choice|*|*switch 6
|choice||switch 6
|
|switch|p2a: Magmortar|Magmortar, F|354\/354
|-damage|p2a: Magmortar|266\/354|[from] Stealth Rock
|turn|31
|choice|*|*move 2 zmove
|choice|*switch 6|*
|choice|switch 6|move flamethrower zmove
|
|switch|p1a: Talonflame|Talonflame, M|84\/298
|-zpower|p2a: Magmortar
|move|p2a: Magmortar|Inferno Overdrive|p1a: Talonflame|[zeffect]
|-resisted|p1a: Talonflame
|-damage|p1a: Talonflame|0 fnt
|faint|p1a: Talonflame
|
|upkeep
|choice|*switch 6|*
|choice|switch 6|
|
|switch|p1a: Luxray|Luxray, F|149\/302
|-ability|p1a: Luxray|Intimidate|boost
|-unboost|p2a: Magmortar|atk|1
|turn|32
|choice|*|*move 2
|choice|*move 1|*
|choice|move thunderfang|move flamethrower
|
|move|p1a: Luxray|Thunder Fang|p2a: Magmortar
|-damage|p2a: Magmortar|107\/354
|-status|p2a: Magmortar|par
|move|p2a: Magmortar|Flamethrower|p1a: Luxray
|-damage|p1a: Luxray|0 fnt
|faint|p1a: Luxray
|
|win|RedShadow Z
|c|☆RedShadow Z| GG
</script>
</div>
<div class="battle-log battle-log-inline"><div class="inner"><div class="battle-options"></div><div class="inner"><div class=""><small>Format:</small> <br><strong>OU</strong></div><div class=""><small><em>Cláusula-Mod de Dormir:</em> solo puedes dormir a uno de tus oponentes a la vez.</small></div><div class=""><small><em>Cláusula de Especie:</em> Hasta un Pokémon de cada especie</small></div><div class=""><small><em>Cláusula de Golpe Fulminante:</em> los movimientos fulminantes (OHKO) estan prohibidos</small></div><div class=""><small><em>Cláusula de Veleta:</em> la habilidad Veleta está prohibida</small></div><div class=""><small><em>Cláusula de Movimientos Evasivos:</em> los movimientos de Evasión están prohibidos.</small></div><div class=""><small><em>Cláusula de Batallas Eternas:</em> forzar batallas eternas está prohibido</small></div><div class="chat battle-history"><strong>Marcos Pardo's team:</strong> <em style="color:#445566;display:block;">Milotic / Espeon / Luxray / Onix / Talonflame / Exeggutor-Alola</em></div><div class="chat battle-history"><strong>RedShadow Z's team:</strong> <em style="color:#445566;display:block;">Magmortar / Charizard / Heatran / Victini / Infernape / Incineroar</em></div><div class="chat chatmessage-draconser"><strong style="color:hsl(100,46%,42%)"><small> </small><span class="username" data-name="DraconSer">DraconSer</span>:</strong> <em>.___.</em></div><div class="chat chatmessage-draconser"><strong style="color:hsl(100,46%,42%)"><small> </small><span class="username" data-name="DraconSer">DraconSer</span>:</strong> <em>a ese monotayp lo quiero enfrentar : D</em></div><div class="spacer battle-history"><br></div><div class="battle-history">Battle started between Marcos Pardo and RedShadow Z!<br></div><div class="spacer battle-history"><br></div><div class="battle-history">Go! <strong>Onix</strong>!<br></div><div class="spacer battle-history"><br></div><div class="battle-history">RedShadow Z sent out <strong>Incineroar</strong>!<br></div><div class="battle-history"><small>[The opposing Incineroar's Intimidate]</small><br></div><div class="battle-history"><small>Onix's Attack fell!</small><br></div><div class="spacer battle-history"><br></div><h2 class="battle-history">Turn 1</h2><div class="spacer battle-history"><br></div><div class="battle-history">Onix used <strong>Stealth Rock</strong>!<br></div><div class="battle-history"><small>Pointed stones float in the air around the opposing team!</small><br></div><div class="spacer battle-history"><br></div><div class="battle-history">The opposing Incineroar used <strong>Swords Dance</strong>!<br></div><div class="battle-history"><small>The opposing Incineroar's Attack rose sharply!</small><br></div><div class="spacer battle-history"><br></div><h2 class="battle-history">Turn 2</h2><div class="spacer battle-history"><br></div><div class="battle-history">Onix used <strong>Earthquake</strong>!<br></div><div class="battle-history"><small>It's super effective!</small><br></div><div class="battle-history"><small>(The opposing Incineroar lost <abbr title="−140/394">35.5%</abbr> of its health!)</small><br></div><div class="spacer battle-history"><br></div><div class="battle-history">The opposing Incineroar used <strong>Earthquake</strong>!<br></div><div class="battle-history"><small>It's super effective!</small><br></div><div class="battle-history"><small>(Onix lost <abbr title="−200/211">94.8%</abbr> of its health!)</small><br></div><div class="spacer battle-history"><br></div><h2 class="battle-history">Turn 3</h2><div class="spacer battle-history"><br></div><div class="battle-history">Onix, come back!<br></div><div class="battle-history">Go! <strong>Milotic</strong>!<br></div><div class="spacer battle-history"><br></div><div class="battle-history">The opposing Incineroar used <strong>Earthquake</strong>!<br></div><div class="battle-history"><small>(Milotic lost <abbr title="−270/331">81.6%</abbr> of its health!)</small><br></div><div class="spacer battle-history"><br></div><div class="battle-history"><small>Milotic was burned!</small><br></div><div class="spacer battle-history"><br></div><h2 class="battle-history">Turn 4</h2><div class="spacer battle-history"><br></div><div class="battle-history">Milotic used <strong>Scald</strong>!<br></div><div class="battle-history"><small>It's super effective!</small><br></div><div class="battle-history"><small>(The opposing Incineroar lost <abbr title="−230/394">58.4%</abbr> of its health!)</small><br></div><div class="spacer battle-history"><br></div><div class="battle-history">The opposing Incineroar used <strong>Earthquake</strong>!<br></div><div class="battle-history"><small>(Milotic lost <abbr title="−61/331">18.4%</abbr> of its health!)</small><br></div><div class="spacer battle-history"><br></div><div class="battle-history">Milotic fainted!<br></div><div class="spacer battle-history"><br></div><div class="battle-history">Go! <strong>Onix</strong>!<br></div><div class="spacer battle-history"><br></div><h2 class="battle-history">Turn 5</h2><div class="spacer battle-history"><br></div><div class="battle-history">RedShadow Z withdrew Incineroar!<br></div><div class="battle-history">RedShadow Z sent out <strong>Charizard</strong>!<br></div><div class="battle-history"><small>Pointed stones dug into the opposing Charizard!</small><br></div><div class="spacer battle-history"><br></div><div class="battle-history">Onix used <strong>Earthquake</strong>!<br></div><div class="battle-history"><small>It doesn't affect the opposing Charizard...</small><br></div><div class="spacer battle-history"><br></div><h2 class="battle-history">Turn 6</h2><div class="chat chatmessage-draconser"><strong style="color:hsl(100,46%,42%)"><small> </small><span class="username" data-name="DraconSer">DraconSer</span>:</strong> <em>esto y orgulloso :,V</em></div><div class="spacer battle-history"><br></div><div class="battle-history">The opposing Charizard used <strong>Dragon Dance</strong>!<br></div><div class="battle-history"><small>The opposing Charizard's Attack rose!</small><br></div><div class="battle-history"><small>The opposing Charizard's Speed rose!</small><br></div><div class="spacer battle-history"><br></div><div class="battle-history">Onix used <strong>Rock Slide</strong>!<br></div><div class="battle-history"><small>It's super effective!</small><br></div><div class="battle-history"><small>(The opposing Charizard lost <abbr title="−149/297">50.2%</abbr> of its health!)</small><br></div><div class="spacer battle-history"><br></div><div class="battle-history">The opposing Charizard fainted!<br></div><div class="spacer battle-history"><br></div><div class="battle-history">RedShadow Z sent out <strong>Incineroar</strong>!<br></div><div class="battle-history"><small>Pointed stones dug into the opposing Incineroar!</small><br></div><div class="spacer battle-history"><br></div><div class="battle-history">The opposing Incineroar fainted!<br></div><div class="spacer battle-history"><br></div><div class="battle-history">RedShadow Z sent out <strong>Infernape</strong>!<br></div><div class="battle-history"><small>Pointed stones dug into the opposing Infernape!</small><br></div><div class="spacer battle-history"><br></div><h2 class="battle-history">Turn 7</h2><div class="spacer battle-history"><br></div><div class="battle-history">The opposing Infernape used <strong>Flamethrower</strong>!<br></div><div class="battle-history"><small>It's not very effective...</small><br></div><div class="battle-history"><small>(Onix lost <abbr title="−11/211">5.2%</abbr> of its health!)</small><br></div><div class="spacer battle-history"><br></div><div class="battle-history">Onix fainted!<br></div><div class="spacer battle-history"><br></div><div class="battle-history">Go! <strong>Espeon</strong>!<br></div><div class="spacer battle-history"><br></div><h2 class="battle-history">Turn 8</h2><div class="spacer battle-history"><br></div><div class="battle-history">The opposing Infernape used <strong>Swords Dance</strong>!<br></div><div class="battle-history"><small>The opposing Infernape's Attack rose sharply!</small><br></div><div class="spacer battle-history"><br></div><div class="battle-history">Espeon used <strong>Psychic</strong>!<br></div><div class="battle-history"><small>It's super effective!</small><br></div><div class="battle-history"><small>(The opposing Infernape lost <abbr title="−257/293">87.7%</abbr> of its health!)</small><br></div><div class="battle-history"><small>Espeon lost some of its HP!</small><br></div><div class="spacer battle-history"><br></div><div class="battle-history">The opposing Infernape fainted!<br></div><div class="spacer battle-history"><br></div><div class="battle-history">RedShadow Z sent out <strong>Heatran</strong>!<br></div><div class="battle-history"><small>Pointed stones dug into the opposing Heatran!</small><br></div><div class="spacer battle-history"><br></div><h2 class="battle-history">Turn 9</h2><div class="spacer battle-history"><br></div><div class="battle-history">The opposing Heatran used <strong>Protect</strong>!<br></div><div class="battle-history"><small>The opposing Heatran protected itself!</small><br></div><div class="spacer battle-history"><br></div><div class="battle-history">Espeon used <strong>Calm Mind</strong>!<br></div><div class="battle-history"><small>Espeon's Special Attack rose!</small><br></div><div class="battle-history"><small>Espeon's Special Defense rose!</small><br></div><div class="spacer battle-history"><br></div><div class="battle-history"><small>The opposing Heatran restored a little HP using its Leftovers!</small><br></div><div class="spacer battle-history"><br></div><h2 class="battle-history">Turn 10</h2><div class="spacer battle-history"><br></div><div class="battle-history">Espeon used <strong>Calm Mind</strong>!<br></div><div class="battle-history"><small>Espeon's Special Attack rose!</small><br></div><div class="battle-history"><small>Espeon's Special Defense rose!</small><br></div><div class="spacer battle-history"><br></div><div class="battle-history">The opposing Heatran used <strong>Crunch</strong>!<br></div><div class="battle-history"><small>It's super effective!</small><br></div><div class="battle-history"><small>(Espeon lost <abbr title="−236/271">87.1%</abbr> of its health!)</small><br></div><div class="spacer battle-history"><br></div><div class="battle-history"><small>The opposing Heatran restored a little HP using its Leftovers!</small><br></div><div class="spacer battle-history"><br></div><h2 class="battle-history">Turn 11</h2><div class="spacer battle-history"><br></div><div class="battle-history">The opposing Heatran used <strong>Protect</strong>!<br></div><div class="battle-history"><small>The opposing Heatran protected itself!</small><br></div><div class="spacer battle-history"><br></div><div class="battle-history">Espeon used <strong>Shadow Ball</strong>!<br></div><div class="battle-history"><small>The opposing Heatran protected itself!</small><br></div><div class="spacer battle-history"><br></div><h2 class="battle-history">Turn 12</h2><div class="spacer battle-history"><br></div><div class="battle-history">Espeon used <strong>Shadow Ball</strong>!<br></div><div class="battle-history"><small>(The opposing Heatran lost <abbr title="−226/386">58.5%</abbr> of its health!)</small><br></div><div class="battle-history"><small>The opposing Heatran's Special Defense fell!</small><br></div><div class="battle-history"><small>Espeon lost some of its HP!</small><br></div><div class="spacer battle-history"><br></div><div class="battle-history">Espeon fainted!<br></div><div class="battle-history">The opposing Heatran used <strong>Crunch</strong>!<br></div><div class="battle-history"><small>But there was no target...</small><br></div><div class="spacer battle-history"><br></div><div class="battle-history"><small>The opposing Heatran restored a little HP using its Leftovers!</small><br></div><div class="spacer battle-history"><br></div><div class="battle-history">Go! <strong>Luxray</strong>!<br></div><div class="battle-history"><small>[Luxray's Intimidate]</small><br></div><div class="battle-history"><small>The opposing Heatran's Attack fell!</small><br></div><div class="spacer battle-history"><br></div><h2 class="battle-history">Turn 13</h2><div class="spacer battle-history"><br></div><div class="battle-history">Luxray, come back!<br></div><div class="battle-history">Go! <strong>Talonflame</strong>!<br></div><div class="spacer battle-history"><br></div><div class="battle-history">The opposing Heatran used <strong>Protect</strong>!<br></div><div class="battle-history"><small>But it failed!</small><br></div><div class="spacer battle-history"><br></div><div class="battle-history"><small>The opposing Heatran restored a little HP using its Leftovers!</small><br></div><div class="spacer battle-history"><br></div><h2 class="battle-history">Turn 14</h2><div class="spacer battle-history"><br></div><div class="battle-history">The opposing Heatran used <strong>Protect</strong>!<br></div><div class="battle-history"><small>The opposing Heatran protected itself!</small><br></div><div class="battle-history"><small>Talonflame surrounded itself with its Z-Power!</small><br></div><div class="spacer battle-history"><br></div><div class="battle-history">Talonflame used <strong>Inferno Overdrive</strong>!<br></div><div class="battle-history"><small>[The opposing Heatran's Flash Fire]</small><br><small>The power of the opposing Heatran's Fire-type moves rose!</small><br></div><div class="spacer battle-history"><br></div><div class="battle-history"><small>The opposing Heatran restored a little HP using its Leftovers!</small><br></div><div class="spacer battle-history"><br></div><h2 class="battle-history">Turn 15</h2><div class="spacer battle-history"><br></div><div class="battle-history">Talonflame used <strong>Swords Dance</strong>!<br></div><div class="battle-history"><small>Talonflame's Attack rose sharply!</small><br></div><div class="spacer battle-history"><br></div><div class="battle-history">The opposing Heatran used <strong>Crunch</strong>!<br></div><div class="battle-history"><small>A critical hit!</small><br></div><div class="battle-history"><small>(Talonflame lost <abbr title="−144/298">48.3%</abbr> of its health!)</small><br></div><div class="spacer battle-history"><br></div><div class="battle-history"><small>The opposing Heatran restored a little HP using its Leftovers!</small><br></div><div class="spacer battle-history"><br></div><h2 class="battle-history">Turn 16</h2><div class="spacer battle-history"><br></div><div class="battle-history">The opposing Heatran used <strong>Protect</strong>!<br></div><div class="battle-history"><small>The opposing Heatran protected itself!</small><br></div><div class="spacer battle-history"><br></div><div class="battle-history">Talonflame used <strong>Flare Blitz</strong>!<br></div><div class="battle-history"><small>The opposing Heatran protected itself!</small><br></div><div class="spacer battle-history"><br></div><div class="battle-history"><small>The opposing Heatran restored a little HP using its Leftovers!</small><br></div><div class="spacer battle-history"><br></div><h2 class="battle-history">Turn 17</h2><div class="spacer battle-history"><br></div><div class="battle-history">The opposing Heatran used <strong>Protect</strong>!<br></div><div class="battle-history"><small>But it failed!</small><br></div><div class="spacer battle-history"><br></div><div class="battle-history">Talonflame used <strong>Flare Blitz</strong>!<br></div><div class="battle-history"><small>[The opposing Heatran's Flash Fire]</small><br><small>It doesn't affect the opposing Heatran...</small><br></div><div class="spacer battle-history"><br></div><div class="battle-history"><small>The opposing Heatran restored a little HP using its Leftovers!</small><br></div><div class="spacer battle-history"><br></div><h2 class="battle-history">Turn 18</h2><div class="spacer battle-history"><br></div><div class="battle-history">Talonflame used <strong>Flare Blitz</strong>!<br></div><div class="battle-history"><small>[The opposing Heatran's Flash Fire]</small><br><small>It doesn't affect the opposing Heatran...</small><br></div><div class="spacer battle-history"><br></div><div class="battle-history">The opposing Heatran used <strong>Crunch</strong>!<br></div><div class="battle-history"><small>(Talonflame lost <abbr title="−70/298">23.5%</abbr> of its health!)</small><br></div><div class="battle-history"><small>Talonflame's Defense fell!</small><br></div><div class="spacer battle-history"><br></div><div class="battle-history"><small>The opposing Heatran restored a little HP using its Leftovers!</small><br></div><div class="spacer battle-history"><br></div><h2 class="battle-history">Turn 19</h2><div class="spacer battle-history"><br></div><div class="battle-history">Talonflame, come back!<br></div><div class="battle-history">Go! Exeggutor (<strong>Exeggutor-Alola</strong>)!<br></div><div class="battle-history"><small>[Exeggutor's Frisk]</small><br><small>Exeggutor frisked the opposing Heatran and found its Leftovers!</small><br></div><div class="spacer battle-history"><br></div><div class="battle-history">The opposing Heatran used <strong>Crunch</strong>!<br></div><div class="battle-history"><small>(Exeggutor lost <abbr title="−54/331">16.3%</abbr> of its health!)</small><br></div><div class="spacer battle-history"><br></div><div class="battle-history"><small>The opposing Heatran restored a little HP using its Leftovers!</small><br></div><div class="battle-history"><small>Exeggutor restored a little HP using its Leftovers!</small><br></div><div class="spacer battle-history"><br></div><h2 class="battle-history">Turn 20</h2><div class="spacer battle-history"><br></div><div class="battle-history">The opposing Heatran used <strong>Protect</strong>!<br></div><div class="battle-history"><small>The opposing Heatran protected itself!</small><br></div><div class="spacer battle-history"><br></div><div class="battle-history">Exeggutor used <strong>Leech Seed</strong>!<br></div><div class="battle-history"><small>The opposing Heatran protected itself!</small><br></div><div class="spacer battle-history"><br></div><div class="battle-history"><small>The opposing Heatran restored a little HP using its Leftovers!</small><br></div><div class="battle-history"><small>Exeggutor restored a little HP using its Leftovers!</small><br></div><div class="spacer battle-history"><br></div><h2 class="battle-history">Turn 21</h2><div class="spacer battle-history"><br></div><div class="battle-history">The opposing Heatran used <strong>Flamethrower</strong>!<br></div><div class="battle-history"><small>(Exeggutor lost <abbr title="−225/331">68.0%</abbr> of its health!)</small><br></div><div class="battle-history"><small>Exeggutor was burned!</small><br></div><div class="spacer battle-history"><br></div><div class="battle-history">Exeggutor used <strong>Leech Seed</strong>!<br></div><div class="battle-history"><small>The opposing Heatran was seeded!</small><br></div><div class="spacer battle-history"><br></div><div class="battle-history"><small>The opposing Heatran restored a little HP using its Leftovers!</small><br></div><div class="battle-history"><small>Exeggutor restored a little HP using its Leftovers!</small><br></div><div class="battle-history"><small>The opposing Heatran's health is sapped by Leech Seed!</small><br></div><div class="battle-history"><small>Exeggutor was hurt by its burn!</small><br></div><div class="spacer battle-history"><br></div><h2 class="battle-history">Turn 22</h2><div class="spacer battle-history"><br></div><div class="battle-history">Exeggutor used <strong>Protect</strong>!<br></div><div class="battle-history"><small>Exeggutor protected itself!</small><br></div><div class="spacer battle-history"><br></div><div class="battle-history">The opposing Heatran used <strong>Flamethrower</strong>!<br></div><div class="battle-history"><small>Exeggutor protected itself!</small><br></div><div class="spacer battle-history"><br></div><div class="battle-history"><small>The opposing Heatran restored a little HP using its Leftovers!</small><br></div><div class="battle-history"><small>Exeggutor restored a little HP using its Leftovers!</small><br></div><div class="battle-history"><small>The opposing Heatran's health is sapped by Leech Seed!</small><br></div><div class="battle-history"><small>Exeggutor was hurt by its burn!</small><br></div><div class="spacer battle-history"><br></div><h2 class="battle-history">Turn 23</h2><div class="spacer battle-history"><br></div><div class="battle-history">The opposing Heatran used <strong>Protect</strong>!<br></div><div class="battle-history"><small>The opposing Heatran protected itself!</small><br></div><div class="spacer battle-history"><br></div><div class="battle-history">Exeggutor used <strong>Giga Drain</strong>!<br></div><div class="battle-history"><small>The opposing Heatran protected itself!</small><br></div><div class="spacer battle-history"><br></div><div class="battle-history"><small>The opposing Heatran restored a little HP using its Leftovers!</small><br></div><div class="battle-history"><small>Exeggutor restored a little HP using its Leftovers!</small><br></div><div class="battle-history"><small>The opposing Heatran's health is sapped by Leech Seed!</small><br></div><div class="battle-history"><small>Exeggutor was hurt by its burn!</small><br></div><div class="spacer battle-history"><br></div><h2 class="battle-history">Turn 24</h2><div class="spacer battle-history"><br></div><div class="battle-history">The opposing Heatran used <strong>Flamethrower</strong>!<br></div><div class="battle-history"><small>(Exeggutor lost <abbr title="−223/331">67.4%</abbr> of its health!)</small><br></div><div class="spacer battle-history"><br></div><div class="battle-history">Exeggutor used <strong>Giga Drain</strong>!<br></div><div class="battle-history"><small>It's not very effective...</small><br></div><div class="battle-history"><small>(The opposing Heatran lost <abbr title="−46/386">11.9%</abbr> of its health!)</small><br></div><div class="battle-history"><small>The opposing Heatran had its energy drained!</small><br></div><div class="spacer battle-history"><br></div><div class="battle-history"><small>The opposing Heatran restored a little HP using its Leftovers!</small><br></div><div class="battle-history"><small>Exeggutor restored a little HP using its Leftovers!</small><br></div><div class="battle-history"><small>The opposing Heatran's health is sapped by Leech Seed!</small><br></div><div class="battle-history"><small>Exeggutor was hurt by its burn!</small><br></div><div class="spacer battle-history"><br></div><h2 class="battle-history">Turn 25</h2><div class="spacer battle-history"><br></div><div class="battle-history">The opposing Heatran used <strong>Protect</strong>!<br></div><div class="battle-history"><small>The opposing Heatran protected itself!</small><br></div><div class="spacer battle-history"><br></div><div class="battle-history">Exeggutor used <strong>Protect</strong>!<br></div><div class="battle-history"><small>But it failed!</small><br></div><div class="spacer battle-history"><br></div><div class="battle-history"><small>The opposing Heatran restored a little HP using its Leftovers!</small><br></div><div class="battle-history"><small>Exeggutor restored a little HP using its Leftovers!</small><br></div><div class="battle-history"><small>The opposing Heatran's health is sapped by Leech Seed!</small><br></div><div class="battle-history"><small>Exeggutor was hurt by its burn!</small><br></div><div class="spacer battle-history"><br></div><h2 class="battle-history">Turn 26</h2><div class="spacer battle-history"><br></div><div class="battle-history">The opposing Heatran used <strong>Flamethrower</strong>!<br></div><div class="battle-history"><small>(Exeggutor lost <abbr title="−132/331">39.9%</abbr> of its health!)</small><br></div><div class="spacer battle-history"><br></div><div class="battle-history">Exeggutor fainted!<br></div><div class="spacer battle-history"><br></div><div class="battle-history"><small>The opposing Heatran restored a little HP using its Leftovers!</small><br></div><div class="spacer battle-history"><br></div><div class="battle-history">Go! <strong>Luxray</strong>!<br></div><div class="battle-history"><small>[Luxray's Intimidate]</small><br></div><div class="battle-history"><small>The opposing Heatran's Attack fell!</small><br></div><div class="spacer battle-history"><br></div><h2 class="battle-history">Turn 27</h2><div class="spacer battle-history"><br></div><div class="battle-history">The opposing Heatran used <strong>Protect</strong>!<br></div><div class="battle-history"><small>The opposing Heatran protected itself!</small><br></div><div class="spacer battle-history"><br></div><div class="battle-history">Luxray used <strong>Crunch</strong>!<br></div><div class="battle-history"><small>The opposing Heatran protected itself!</small><br></div><div class="spacer battle-history"><br></div><div class="battle-history"><small>The opposing Heatran restored a little HP using its Leftovers!</small><br></div><div class="battle-history"><small>The opposing Heatran's health is sapped by Leech Seed!</small><br></div><div class="spacer battle-history"><br></div><h2 class="battle-history">Turn 28</h2><div class="spacer battle-history"><br></div><div class="battle-history">Luxray used <strong>Crunch</strong>!<br></div><div class="battle-history"><small>(The opposing Heatran lost <abbr title="−88/386">22.8%</abbr> of its health!)</small><br></div><div class="spacer battle-history"><br></div><div class="battle-history">The opposing Heatran used <strong>Earthquake</strong>!<br></div><div class="battle-history"><small>It's super effective!</small><br></div><div class="battle-history"><small>(Luxray lost <abbr title="−110/302">36.4%</abbr> of its health!)</small><br></div><div class="spacer battle-history"><br></div><div class="battle-history"><small>The opposing Heatran restored a little HP using its Leftovers!</small><br></div><div class="battle-history"><small>The opposing Heatran's health is sapped by Leech Seed!</small><br></div><div class="spacer battle-history"><br></div><h2 class="battle-history">Turn 29</h2><div class="spacer battle-history"><br></div><div class="battle-history">RedShadow Z withdrew Heatran!<br></div><div class="battle-history">RedShadow Z sent out <strong>Victini</strong>!<br></div><div class="battle-history"><small>Pointed stones dug into the opposing Victini!</small><br></div><div class="spacer battle-history"><br></div><div class="battle-history">Luxray used <strong>Crunch</strong>!<br></div><div class="battle-history"><small>It's super effective!</small><br></div><div class="battle-history"><small>(The opposing Victini lost <abbr title="−188/341">55.1%</abbr> of its health!)</small><br></div><div class="spacer battle-history"><br></div><h2 class="battle-history">Turn 30</h2><div class="spacer battle-history"><br></div><div class="battle-history">The opposing Victini used <strong>Dazzling Gleam</strong>!<br></div><div class="battle-history"><small>(Luxray lost <abbr title="−91/302">30.1%</abbr> of its health!)</small><br></div><div class="battle-history"><small>The opposing Victini restored a little HP using its Shell Bell!</small><br></div><div class="spacer battle-history"><br></div><div class="battle-history">Luxray used <strong>Crunch</strong>!<br></div><div class="battle-history"><small>It's super effective!</small><br></div><div class="battle-history"><small>(The opposing Victini lost <abbr title="−79/341">23.2%</abbr> of its health!)</small><br></div><div class="spacer battle-history"><br></div><div class="battle-history">The opposing Victini fainted!<br></div><div class="spacer battle-history"><br></div><div class="battle-history">RedShadow Z sent out <strong>Magmortar</strong>!<br></div><div class="battle-history"><small>Pointed stones dug into the opposing Magmortar!</small><br></div><div class="spacer battle-history"><br></div><h2 class="battle-history">Turn 31</h2><div class="spacer battle-history"><br></div><div class="battle-history">Luxray, come back!<br></div><div class="battle-history">Go! <strong>Talonflame</strong>!<br></div><div class="battle-history"><small>The opposing Magmortar surrounded itself with its Z-Power!</small><br></div><div class="spacer battle-history"><br></div><div class="battle-history">The opposing Magmortar used <strong>Inferno Overdrive</strong>!<br></div><div class="battle-history"><small>It's not very effective...</small><br></div><div class="battle-history"><small>(Talonflame lost <abbr title="−84/298">28.2%</abbr> of its health!)</small><br></div><div class="spacer battle-history"><br></div><div class="battle-history">Talonflame fainted!<br></div><div class="spacer battle-history"><br></div><div class="battle-history">Go! <strong>Luxray</strong>!<br></div><div class="battle-history"><small>[Luxray's Intimidate]</small><br></div><div class="battle-history"><small>The opposing Magmortar's Attack fell!</small><br></div><div class="spacer battle-history"><br></div><h2 class="battle-history">Turn 32</h2><div class="spacer battle-history"><br></div><div class="battle-history">Luxray used <strong>Thunder Fang</strong>!<br></div><div class="battle-history"><small>(The opposing Magmortar lost <abbr title="−159/354">44.9%</abbr> of its health!)</small><br></div><div class="battle-history"><small>The opposing Magmortar is paralyzed! It may be unable to move!</small><br></div><div class="spacer battle-history"><br></div><div class="battle-history">The opposing Magmortar used <strong>Flamethrower</strong>!<br></div><div class="battle-history"><small>(Luxray lost <abbr title="−149/302">49.3%</abbr> of its health!)</small><br></div><div class="spacer battle-history"><br></div><div class="battle-history">Luxray fainted!<br></div><div class="spacer battle-history"><br></div><div class="battle-history"><strong>RedShadow Z</strong> won the battle!<br></div><div class="chat chatmessage-redshadowz"><strong style="color:hsl(75,69%,37.29097606824%)"><small>☆</small><span class="username" data-name="RedShadow Z">RedShadow Z</span>:</strong> <em> GG</em></div></div><div class="inner-preempt"></div></div></div>
</div>
<script>
let daily = Math.floor(Date.now()/1000/60/60/24);document.write('<script src="https://play.pokemonshowdown.com/js/replay-embed.js?version'+daily+'"></'+'script>');
</script>
