<!DOCTYPE html>
<meta charset="utf-8" />
<!-- version 1 -->
<title>OU replay: Gеrard Way vs. No man's hax</title>
<style>
html,body {font-family:Verdana, sans-serif;font-size:10pt;margin:0;padding:0;}body{padding:12px 0;} .battle-log {font-family:Verdana, sans-serif;font-size:10pt;} .battle-log-inline {border:1px solid #AAAAAA;background:#EEF2F5;color:black;max-width:640px;margin:0 auto 80px;padding-bottom:5px;} .battle-log .inner {padding:4px 8px 0px 8px;} .battle-log .inner-preempt {padding:0 8px 4px 8px;} .battle-log .inner-after {margin-top:0.5em;} .battle-log h2 {margin:0.5em -8px;padding:4px 8px;border:1px solid #AAAAAA;background:#E0E7EA;border-left:0;border-right:0;font-family:Verdana, sans-serif;font-size:13pt;} .battle-log .chat {vertical-align:middle;padding:3px 0 3px 0;font-size:8pt;} .battle-log .chat strong {color:#40576A;} .battle-log .chat em {padding:1px 4px 1px 3px;color:#000000;font-style:normal;} .chat.mine {background:rgba(0,0,0,0.05);margin-left:-8px;margin-right:-8px;padding-left:8px;padding-right:8px;} .spoiler {color:#BBBBBB;background:#BBBBBB;padding:0px 3px;} .spoiler:hover, .spoiler:active, .spoiler-shown {color:#000000;background:#E2E2E2;padding:0px 3px;} .spoiler a {color:#BBBBBB;} .spoiler:hover a, .spoiler:active a, .spoiler-shown a {color:#2288CC;} .chat code, .chat .spoiler:hover code, .chat .spoiler:active code, .chat .spoiler-shown code {border:1px solid #C0C0C0;background:#EEEEEE;color:black;padding:0 2px;} .chat .spoiler code {border:1px solid #CCCCCC;background:#CCCCCC;color:#CCCCCC;} .battle-log .rated {padding:3px 4px;} .battle-log .rated strong {color:white;background:#89A;padding:1px 4px;border-radius:4px;} .spacer {margin-top:0.5em;} .message-announce {background:#6688AA;color:white;padding:1px 4px 2px;} .message-announce a, .broadcast-green a, .broadcast-blue a, .broadcast-red a {color:#DDEEFF;} .broadcast-green {background-color:#559955;color:white;padding:2px 4px;} .broadcast-blue {background-color:#6688AA;color:white;padding:2px 4px;} .infobox {border:1px solid #6688AA;padding:2px 4px;} .infobox-limited {max-height:200px;overflow:auto;overflow-x:hidden;} .broadcast-red {background-color:#AA5544;color:white;padding:2px 4px;} .message-learn-canlearn {font-weight:bold;color:#228822;text-decoration:underline;} .message-learn-cannotlearn {font-weight:bold;color:#CC2222;text-decoration:underline;} .message-effect-weak {font-weight:bold;color:#CC2222;} .message-effect-resist {font-weight:bold;color:#6688AA;} .message-effect-immune {font-weight:bold;color:#666666;} .message-learn-list {margin-top:0;margin-bottom:0;} .message-throttle-notice, .message-error {color:#992222;} .message-overflow, .chat small.message-overflow {font-size:0pt;} .message-overflow::before {font-size:9pt;content:'...';} .subtle {color:#3A4A66;}
</style>
<div class="wrapper replay-wrapper" style="max-width:1180px;margin:0 auto">
<input type="hidden" name="replayid" value="destiny-ou-540156" />
<div class="battle"></div><div class="battle-log"></div><div class="replay-controls"></div><div class="replay-controls-2"></div>
<h1 style="font-weight:normal;text-align:center"><strong>OU</strong><br /><a href="http://pokemonshowdown.com/users/grardway" class="subtle" target="_blank">Gеrard Way</a> vs. <a href="http://pokemonshowdown.com/users/nomanshax" class="subtle" target="_blank">No man's hax</a></h1>
<script type="text/plain" class="battle-log-data">|unlink|||tour
|player|p1|Gеrard Way|grardway-13.gif?1b6a6db7
|teamsize|p1|6
|player|p2|No man's hax|nomanshax-17.gif?5712925b
|teamsize|p2|6
|teamsize|p1|6
|teamsize|p2|6
|gametype|singles
|gen|7
|tier|OU
|seed|50497,60925,6276,58233
|rule|Cláusula-Mod de Dormir: solo puedes dormir a uno de tus oponentes a la vez.
|rule|Cláusula de Especie: Hasta un Pokémon de cada especie
|rule|Cláusula de Golpe Fulminante: los movimientos fulminantes (OHKO) estan prohibidos
|rule|Cláusula de Veleta: la habilidad Veleta está prohibida
|rule|Cláusula de Movimientos Evasivos: los movimientos de Evasión están prohibidos.
|rule|Cláusula de Batallas Eternas: forzar batallas eternas está prohibido
|clearpoke
|poke|p1|Azumarill, F|item
|poke|p1|Zygarde|item
|poke|p1|Moltres|item
|poke|p1|Tapu Bulu|item
|poke|p1|Latias, F|item
|poke|p1|Avalugg, F|item
|poke|p2|Komala, F|item
|poke|p2|Charizard, F, shiny|item
|poke|p2|Starmie, shiny|item
|poke|p2|Tyranitar, F, shiny|item
|poke|p2|Tapu Lele|item
|poke|p2|Trevenant, M, shiny|item
|teampreview|undefined
|choice|*|*team 123456
|c|☆No man's hax|ahora si ya llego tu lodo puerca 
|c|☆Gеrard Way| no es fun
|c|☆Gеrard Way|Es alto mon
|c|☆Gеrard Way|Aunque bueno, depende del set
|c|☆No man's hax|es el mismo de siempre descuida
|c|☆Gеrard Way|El último komala que me sacaste era mierda :[
|choice|*team 213456|*
|choice|team 2, 1, 3, 4, 5, 6|team 1, 2, 3, 4, 5, 6
|
|start
|switch|p1a: Zygarde|Zygarde|358\/358
|switch|p2a: Komala|Komala, F|334\/334
|-ability|p1a: Zygarde|Aura Break
|-ability|p2a: Komala|Comatose
|turn|1
|choice|*move 1|*
|choice|*|*move 1
|choice|move thousandarrows|move sleeptalk
|
|move|p1a: Zygarde|Thousand Arrows|p2a: Komala
|-damage|p2a: Komala|27\/334
|move|p2a: Komala|Sleep Talk|p2a: Komala
|move|p2a: Komala|Last Resort|p1a: Zygarde|[from]Sleep Talk
|-damage|p1a: Zygarde|52\/358
|
|upkeep
|turn|2
|choice|*|*switch 6
|c|☆Gеrard Way|Ah, es el set bueno
|c|☆Gеrard Way|Ya veo
|choice|*move 1|*
|choice|move thousandarrows|switch 6
|
|switch|p2a: Trevenant|Trevenant, M, shiny|372\/372
|move|p1a: Zygarde|Thousand Arrows|p2a: Trevenant
|-resisted|p2a: Trevenant
|-damage|p2a: Trevenant|251\/372
|
|upkeep
|turn|3
|choice|*switch 3|*
|choice|*|*move 4
|choice|*switch 3|*
|choice|switch 3|move curse
|
|switch|p1a: Moltres|Moltres|383\/383
|-ability|p1a: Moltres|Pressure
|move|p2a: Trevenant|Curse|p1a: Moltres
|-start|p1a: Moltres|Curse|[of] p2a: Trevenant
|-damage|p2a: Trevenant|65\/372
|-enditem|p2a: Trevenant|Sitrus Berry|[eat]
|-heal|p2a: Trevenant|158\/372|[from] item: Sitrus Berry
|
|-damage|p1a: Moltres|288\/383|[from] Curse
|upkeep
|turn|4
|choice|*|*switch 4
|choice|*switch 3|*
|choice|switch 3|switch 4
|
|switch|p1a: Zygarde|Zygarde|52\/358
|-ability|p1a: Zygarde|Aura Break
|switch|p2a: Tyranitar|Tyranitar, F, shiny|403\/403
|-weather|Sandstorm|[from] ability: Sand Stream|[of] p2a: Tyranitar
|
|-weather|Sandstorm|[upkeep]
|upkeep
|turn|5
|choice|*move 1|*
|choice|*|*move 1
|choice|move thousandarrows|move stoneedge
|
|move|p1a: Zygarde|Thousand Arrows|p2a: Tyranitar
|-supereffective|p2a: Tyranitar
|-damage|p2a: Tyranitar|0 fnt
|faint|p2a: Tyranitar
|
|-weather|Sandstorm|[upkeep]
|upkeep
|c|☆No man's hax|esos missclick de reies
|choice|*|*switch 3
|choice||switch 3
|
|switch|p2a: Starmie|Starmie, shiny|261\/261
|turn|6
|choice|*|*move 2
|c|☆Gеrard Way|Venganza por lo de ayer del lele
|c|☆Gеrard Way|e.e
|choice|*|*move 3
|c|☆No man's hax|mas bien deberias vengarte por lo del red team
|c|☆No man's hax|eso si fue un asco
|choice|*switch 2|*
|choice|switch 2|move scald
|
|switch|p1a: Azumarill|Azumarill, F|404\/404
|move|p2a: Starmie|Scald|p1a: Azumarill
|-resisted|p1a: Azumarill
|-damage|p1a: Azumarill|363\/404
|-status|p1a: Azumarill|brn
|
|-weather|Sandstorm|[upkeep]
|-damage|p2a: Starmie|245\/261|[from] sandstorm
|-damage|p1a: Azumarill|338\/404 brn|[from] sandstorm
|-heal|p2a: Starmie|261\/261|[from] item: Leftovers
|-heal|p1a: Azumarill|363\/404 brn|[from] item: Leftovers
|-damage|p1a: Azumarill|338\/404 brn|[from] brn
|upkeep
|turn|7
|choice|*|*switch 4
|choice|*move 4|*
|choice|move toxic|switch 4
|
|switch|p2a: Trevenant|Trevenant, M, shiny|158\/372
|move|p1a: Azumarill|Toxic|p2a: Trevenant
|-status|p2a: Trevenant|tox
|
|-weather|Sandstorm|[upkeep]
|-damage|p2a: Trevenant|135\/372 tox|[from] sandstorm
|-damage|p1a: Azumarill|313\/404 brn|[from] sandstorm
|-heal|p1a: Azumarill|338\/404 brn|[from] item: Leftovers
|-damage|p2a: Trevenant|112\/372 tox|[from] psn
|-damage|p1a: Azumarill|313\/404 brn|[from] brn
|upkeep
|turn|8
|choice|*|*move 4
|choice|*switch 3|*
|choice|*|*switch 2
|choice|switch 3|switch 2
|
|switch|p2a: Charizard|Charizard, F, shiny|297\/297
|switch|p1a: Moltres|Moltres|288\/383
|-ability|p1a: Moltres|Pressure
|
|-weather|none
|-heal|p1a: Moltres|311\/383|[from] item: Leftovers
|upkeep
|turn|9
|choice|*|*switch 4
|choice|*switch 2|*
|choice|switch 2|switch 4
|
|switch|p2a: Starmie|Starmie, shiny|261\/261
|switch|p1a: Zygarde|Zygarde|52\/358
|-ability|p1a: Zygarde|Aura Break
|
|upkeep
|turn|10
|choice|*|*move 3
|choice|*switch 3|*
|choice|switch 3|move scald
|
|switch|p1a: Azumarill|Azumarill, F|313\/404 brn
|move|p2a: Starmie|Scald|p1a: Azumarill
|-resisted|p1a: Azumarill
|-damage|p1a: Azumarill|274\/404 brn
|
|-heal|p1a: Azumarill|299\/404 brn|[from] item: Leftovers
|-damage|p1a: Azumarill|274\/404 brn|[from] brn
|upkeep
|turn|11
|choice|*move 4|*
|choice|*|*switch 5
|choice|move toxic|switch 5
|
|switch|p2a: Tapu Lele|Tapu Lele|281\/281
|-fieldstart|move: Psychic Terrain|[from] ability: Psychic Surge|[of] p2a: Tapu Lele
|move|p1a: Azumarill|Toxic|p2a: Tapu Lele
|-status|p2a: Tapu Lele|tox
|
|-heal|p1a: Azumarill|299\/404 brn|[from] item: Leftovers
|-damage|p2a: Tapu Lele|264\/281 tox|[from] psn
|-damage|p1a: Azumarill|274\/404 brn|[from] brn
|upkeep
|turn|12
|choice|*|*switch 6
|choice|*move 3|*
|choice|move protect|switch 6
|
|switch|p2a: Komala|Komala, F|27\/334
|-ability|p2a: Komala|Comatose
|move|p1a: Azumarill|Protect|p1a: Azumarill
|-fail|p1a: Azumarill
|
|-heal|p1a: Azumarill|299\/404 brn|[from] item: Leftovers
|-damage|p1a: Azumarill|274\/404 brn|[from] brn
|upkeep
|turn|13
|choice|*move 3|*
|choice|*|*move 1
|choice|move protect|move sleeptalk
|
|move|p1a: Azumarill|Protect|p1a: Azumarill
|-singleturn|p1a: Azumarill|Protect
|move|p2a: Komala|Sleep Talk|p2a: Komala
|move|p2a: Komala|Last Resort|p1a: Azumarill|[from]Sleep Talk
|-activate|p1a: Azumarill|move: Protect
|
|-heal|p1a: Azumarill|299\/404 brn|[from] item: Leftovers
|-damage|p1a: Azumarill|274\/404 brn|[from] brn
|upkeep
|turn|14
|choice|*|*move 1
|choice|*move 2|*
|choice|move whirlpool|move sleeptalk
|
|move|p2a: Komala|Sleep Talk|p2a: Komala
|move|p2a: Komala|Last Resort|p1a: Azumarill|[from]Sleep Talk
|-damage|p1a: Azumarill|0 fnt
|faint|p1a: Azumarill
|
|upkeep
|choice|*switch 2|*
|choice|switch 2|
|
|switch|p1a: Moltres|Moltres|311\/383
|-ability|p1a: Moltres|Pressure
|turn|15
|choice|*move 3|*
|choice|*|*switch 5
|choice|move flamethrower|switch 5
|
|switch|p2a: Starmie|Starmie, shiny|261\/261
|move|p1a: Moltres|Flamethrower|p2a: Starmie
|-resisted|p2a: Starmie
|-damage|p2a: Starmie|194\/261
|
|-heal|p2a: Starmie|210\/261|[from] item: Leftovers
|-heal|p1a: Moltres|334\/383|[from] item: Leftovers
|-fieldend|move: Psychic Terrain
|upkeep
|turn|16
|choice|*|*move 2
|choice|*switch 4|*
|choice|switch 4|move thunderwave
|
|switch|p1a: Tapu Bulu|Tapu Bulu|343\/343
|-fieldstart|move: Grassy Terrain|[from] ability: Grassy Surge|[of] p1a: Tapu Bulu
|move|p2a: Starmie|Thunder Wave|p1a: Tapu Bulu|[miss]
|-miss|p2a: Starmie|p1a: Tapu Bulu
|
|-heal|p2a: Starmie|226\/261|[from] item: Leftovers
|-heal|p2a: Starmie|242\/261|[from] Grassy Terrain
|upkeep
|turn|17
|choice|*|*switch 2
|choice|*move 2|*
|choice|move hornleech|switch 2
|
|switch|p2a: Trevenant|Trevenant, M, shiny|112\/372 tox
|move|p1a: Tapu Bulu|Horn Leech|p2a: Trevenant
|-resisted|p2a: Trevenant
|-damage|p2a: Trevenant|13\/372 tox
|
|-heal|p2a: Trevenant|36\/372 tox|[from] Grassy Terrain
|-damage|p2a: Trevenant|13\/372 tox|[from] psn
|-item|p2a: Trevenant|Sitrus Berry|[from] ability: Harvest
|upkeep
|-enditem|p2a: Trevenant|Sitrus Berry|[eat]
|-heal|p2a: Trevenant|106\/372 tox|[from] item: Sitrus Berry
|turn|18
|choice|*|*move 2
|choice|*move 2 zmove|*
|choice|move hornleech zmove|move willowisp
|
|-zpower|p1a: Tapu Bulu
|move|p1a: Tapu Bulu|Bloom Doom|p2a: Trevenant|[zeffect]
|-resisted|p2a: Trevenant
|-damage|p2a: Trevenant|0 fnt
|faint|p2a: Trevenant
|
|upkeep
|choice|*|*switch 4
|choice||switch 4
|
|switch|p2a: Charizard|Charizard, F, shiny|297\/297
|turn|19
|choice|*switch 3|*
|choice|*|*switch 6
|choice|switch 3|switch 6
|
|switch|p2a: Tapu Lele|Tapu Lele|264\/281 tox
|-fieldstart|move: Psychic Terrain|[from] ability: Psychic Surge|[of] p2a: Tapu Lele
|switch|p1a: Zygarde|Zygarde|52\/358
|-ability|p1a: Zygarde|Aura Break
|
|-damage|p2a: Tapu Lele|247\/281 tox|[from] psn
|upkeep
|turn|20
|choice|*|*move 1
|choice|*switch 4|*
|choice|switch 4|move psyshock
|
|switch|p1a: Moltres|Moltres|334\/383
|-ability|p1a: Moltres|Pressure
|move|p2a: Tapu Lele|Psyshock|p1a: Moltres
|-damage|p1a: Moltres|94\/383
|
|-heal|p1a: Moltres|117\/383|[from] item: Leftovers
|-damage|p2a: Tapu Lele|213\/281 tox|[from] psn
|upkeep
|turn|21
|choice|*|*switch 6
|choice|*switch 5|*
|choice|switch 5|switch 6
|
|switch|p2a: Charizard|Charizard, F, shiny|297\/297
|switch|p1a: Latias|Latias, F|364\/364
|
|upkeep
|turn|22
|choice|*move 2 mega|*
|choice|*|*switch 5
|choice|move substitute mega|switch 5
|
|switch|p2a: Komala|Komala, F|27\/334
|-ability|p2a: Komala|Comatose
|-mega|p1a: Latias|Latias|Latiasite
|detailschange|p1a: Latias|Latias-Mega, F
|move|p1a: Latias|Substitute|p1a: Latias
|-start|p1a: Latias|Substitute
|-damage|p1a: Latias|273\/364
|
|upkeep
|turn|23
|choice|*|*move 1
|choice|*move 3|*
|choice|move storedpower|move sleeptalk
|
|move|p1a: Latias|Stored Power|p2a: Komala
|-damage|p2a: Komala|0 fnt
|faint|p2a: Komala
|
|-fieldend|move: Psychic Terrain
|upkeep
|c|☆Gеrard Way|gg
|c|☆No man's hax|bueno,gg
|c| ´Cusho|never give up
|c| ´Cusho|:3
|c|☆No man's hax|me da hueva alargar esto cual vil jey o viper la vdd
|-message|No man's hax se rindió.
|
|win|Gеrard Way
|c|+Camila Cruz猫田♡|
|c|☆Gеrard Way|
</script>
</div>
<div class="battle-log battle-log-inline"><div class="inner"><div class="battle-options"></div><div class="inner"><div class=""><small>Format:</small> <br><strong>OU</strong></div><div class=""><small><em>Cláusula-Mod de Dormir:</em> solo puedes dormir a uno de tus oponentes a la vez.</small></div><div class=""><small><em>Cláusula de Especie:</em> Hasta un Pokémon de cada especie</small></div><div class=""><small><em>Cláusula de Golpe Fulminante:</em> los movimientos fulminantes (OHKO) estan prohibidos</small></div><div class=""><small><em>Cláusula de Veleta:</em> la habilidad Veleta está prohibida</small></div><div class=""><small><em>Cláusula de Movimientos Evasivos:</em> los movimientos de Evasión están prohibidos.</small></div><div class=""><small><em>Cláusula de Batallas Eternas:</em> forzar batallas eternas está prohibido</small></div><div class="chat battle-history"><strong>Gеrard Way's team:</strong> <em style="color:#445566;display:block;">Azumarill / Zygarde / Moltres / Tapu Bulu / Latias / Avalugg</em></div><div class="chat battle-history"><strong>No man's hax's team:</strong> <em style="color:#445566;display:block;">Komala / Charizard / Starmie / Tyranitar / Tapu Lele / Trevenant</em></div><div class="chat chatmessage-nomanshax"><strong style="color:hsl(105,82%,35%)"><small>☆</small><span class="username" data-name="No man's hax">No man's hax</span>:</strong> <em>ahora si ya llego tu lodo puerca </em></div><div class="chat chatmessage-grardway"><strong style="color:hsl(23,56%,44%)"><small>☆</small><span class="username" data-name="Gеrard Way">Gеrard Way</span>:</strong> <em> no es fun</em></div><div class="chat chatmessage-grardway"><strong style="color:hsl(23,56%,44%)"><small>☆</small><span class="username" data-name="Gеrard Way">Gеrard Way</span>:</strong> <em>Es alto mon</em></div><div class="chat chatmessage-grardway"><strong style="color:hsl(23,56%,44%)"><small>☆</small><span class="username" data-name="Gеrard Way">Gеrard Way</span>:</strong> <em>Aunque bueno, depende del set</em></div><div class="chat chatmessage-nomanshax"><strong style="color:hsl(105,82%,35%)"><small>☆</small><span class="username" data-name="No man's hax">No man's hax</span>:</strong> <em>es el mismo de siempre descuida</em></div><div class="chat chatmessage-grardway"><strong style="color:hsl(23,56%,44%)"><small>☆</small><span class="username" data-name="Gеrard Way">Gеrard Way</span>:</strong> <em>El último komala que me sacaste era mierda :[</em></div><div class="spacer battle-history"><br></div><div class="battle-history">Battle started between Gеrard Way and No man's hax!<br></div><div class="spacer battle-history"><br></div><div class="battle-history">Go! <strong>Zygarde</strong>!<br></div><div class="spacer battle-history"><br></div><div class="battle-history">No man's hax sent out <strong>Komala</strong>!<br></div><div class="battle-history"><small>[Zygarde's Aura Break]</small><br><small>Zygarde reversed all other Pokémon's auras!</small><br></div><div class="battle-history"><small>[The opposing Komala's Comatose]</small><br><small>The opposing Komala is drowsing!</small><br></div><div class="spacer battle-history"><br></div><h2 class="battle-history">Turn 1</h2><div class="spacer battle-history"><br></div><div class="battle-history">Zygarde used <strong>Thousand Arrows</strong>!<br></div><div class="battle-history"><small>(The opposing Komala lost <abbr title="−307/334">91.9%</abbr> of its health!)</small><br></div><div class="spacer battle-history"><br></div><div class="battle-history">The opposing Komala used <strong>Sleep Talk</strong>!<br></div><div class="spacer battle-history"><br></div><div class="battle-history">The opposing Komala used <strong>Last Resort</strong>!<br></div><div class="battle-history"><small>(Zygarde lost <abbr title="−306/358">85.5%</abbr> of its health!)</small><br></div><div class="spacer battle-history"><br></div><h2 class="battle-history">Turn 2</h2><div class="chat chatmessage-grardway"><strong style="color:hsl(23,56%,44%)"><small>☆</small><span class="username" data-name="Gеrard Way">Gеrard Way</span>:</strong> <em>Ah, es el set bueno</em></div><div class="chat chatmessage-grardway"><strong style="color:hsl(23,56%,44%)"><small>☆</small><span class="username" data-name="Gеrard Way">Gеrard Way</span>:</strong> <em>Ya veo</em></div><div class="spacer battle-history"><br></div><div class="battle-history">No man's hax withdrew Komala!<br></div><div class="battle-history">No man's hax sent out <strong>Trevenant</strong>!<br></div><div class="spacer battle-history"><br></div><div class="battle-history">Zygarde used <strong>Thousand Arrows</strong>!<br></div><div class="battle-history"><small>It's not very effective...</small><br></div><div class="battle-history"><small>(The opposing Trevenant lost <abbr title="−121/372">32.5%</abbr> of its health!)</small><br></div><div class="spacer battle-history"><br></div><h2 class="battle-history">Turn 3</h2><div class="spacer battle-history"><br></div><div class="battle-history">Zygarde, come back!<br></div><div class="battle-history">Go! <strong>Moltres</strong>!<br></div><div class="battle-history"><small>[Moltres's Pressure]</small><br><small>Moltres is exerting its pressure!</small><br></div><div class="spacer battle-history"><br></div><div class="battle-history">The opposing Trevenant used <strong>Curse</strong>!<br></div><div class="battle-history"><small>The opposing Trevenant cut its own HP and put a curse on Moltres!</small><br></div><div class="battle-history"><small>(The opposing Trevenant lost <abbr title="−186/372">50%</abbr> of its health!)</small><br></div><div class="battle-history"><small>The opposing Trevenant ate its Sitrus Berry!</small><br></div><div class="battle-history"><small>The opposing Trevenant restored HP using its Sitrus Berry!</small><br></div><div class="spacer battle-history"><br></div><div class="battle-history"><small>Moltres is afflicted by the curse!</small><br></div><div class="spacer battle-history"><br></div><h2 class="battle-history">Turn 4</h2><div class="spacer battle-history"><br></div><div class="battle-history">Moltres, come back!<br></div><div class="battle-history">Go! <strong>Zygarde</strong>!<br></div><div class="battle-history"><small>[Zygarde's Aura Break]</small><br><small>Zygarde reversed all other Pokémon's auras!</small><br></div><div class="spacer battle-history"><br></div><div class="battle-history">No man's hax withdrew Trevenant!<br></div><div class="battle-history">No man's hax sent out <strong>Tyranitar</strong>!<br></div><div class="battle-history"><small>[The opposing Tyranitar's Sand Stream]</small><br><small>A sandstorm kicked up!</small><br></div><div class="spacer battle-history"><br></div><div class="battle-history"><small>The sandstorm is raging.</small><br></div><div class="spacer battle-history"><br></div><h2 class="battle-history">Turn 5</h2><div class="spacer battle-history"><br></div><div class="battle-history">Zygarde used <strong>Thousand Arrows</strong>!<br></div><div class="battle-history"><small>It's super effective!</small><br></div><div class="battle-history"><small>(The opposing Tyranitar lost <abbr title="−403/403">100%</abbr> of its health!)</small><br></div><div class="spacer battle-history"><br></div><div class="battle-history">The opposing Tyranitar fainted!<br></div><div class="spacer battle-history"><br></div><div class="battle-history"><small>The sandstorm is raging.</small><br></div><div class="chat chatmessage-nomanshax"><strong style="color:hsl(105,82%,35%)"><small>☆</small><span class="username" data-name="No man's hax">No man's hax</span>:</strong> <em>esos missclick de reies</em></div><div class="spacer battle-history"><br></div><div class="battle-history">No man's hax sent out <strong>Starmie</strong>!<br></div><div class="spacer battle-history"><br></div><h2 class="battle-history">Turn 6</h2><div class="chat chatmessage-grardway"><strong style="color:hsl(23,56%,44%)"><small>☆</small><span class="username" data-name="Gеrard Way">Gеrard Way</span>:</strong> <em>Venganza por lo de ayer del lele</em></div><div class="chat chatmessage-grardway"><strong style="color:hsl(23,56%,44%)"><small>☆</small><span class="username" data-name="Gеrard Way">Gеrard Way</span>:</strong> <em>e.e</em></div><div class="chat chatmessage-nomanshax"><strong style="color:hsl(105,82%,35%)"><small>☆</small><span class="username" data-name="No man's hax">No man's hax</span>:</strong> <em>mas bien deberias vengarte por lo del red team</em></div><div class="chat chatmessage-nomanshax"><strong style="color:hsl(105,82%,35%)"><small>☆</small><span class="username" data-name="No man's hax">No man's hax</span>:</strong> <em>eso si fue un asco</em></div><div class="spacer battle-history"><br></div><div class="battle-history">Zygarde, come back!<br></div><div class="battle-history">Go! <strong>Azumarill</strong>!<br></div><div class="spacer battle-history"><br></div><div class="battle-history">The opposing Starmie used <strong>Scald</strong>!<br></div><div class="battle-history"><small>It's not very effective...</small><br></div><div class="battle-history"><small>(Azumarill lost <abbr title="−41/404">10.1%</abbr> of its health!)</small><br></div><div class="battle-history"><small>Azumarill was burned!</small><br></div><div class="spacer battle-history"><br></div><div class="battle-history"><small>The sandstorm is raging.</small><br></div><div class="battle-history"><small>The opposing Starmie is buffeted by the sandstorm!</small><br></div><div class="battle-history"><small>Azumarill is buffeted by the sandstorm!</small><br></div><div class="battle-history"><small>The opposing Starmie restored a little HP using its Leftovers!</small><br></div><div class="battle-history"><small>Azumarill restored a little HP using its Leftovers!</small><br></div><div class="battle-history"><small>Azumarill was hurt by its burn!</small><br></div><div class="spacer battle-history"><br></div><h2 class="battle-history">Turn 7</h2><div class="spacer battle-history"><br></div><div class="battle-history">No man's hax withdrew Starmie!<br></div><div class="battle-history">No man's hax sent out <strong>Trevenant</strong>!<br></div><div class="spacer battle-history"><br></div><div class="battle-history">Azumarill used <strong>Toxic</strong>!<br></div><div class="battle-history"><small>The opposing Trevenant was badly poisoned!</small><br></div><div class="spacer battle-history"><br></div><div class="battle-history"><small>The sandstorm is raging.</small><br></div><div class="battle-history"><small>The opposing Trevenant is buffeted by the sandstorm!</small><br></div><div class="battle-history"><small>Azumarill is buffeted by the sandstorm!</small><br></div><div class="battle-history"><small>Azumarill restored a little HP using its Leftovers!</small><br></div><div class="battle-history"><small>The opposing Trevenant was hurt by poison!</small><br></div><div class="battle-history"><small>Azumarill was hurt by its burn!</small><br></div><div class="spacer battle-history"><br></div><h2 class="battle-history">Turn 8</h2><div class="spacer battle-history"><br></div><div class="battle-history">No man's hax withdrew Trevenant!<br></div><div class="battle-history">No man's hax sent out <strong>Charizard</strong>!<br></div><div class="spacer battle-history"><br></div><div class="battle-history">Azumarill, come back!<br></div><div class="battle-history">Go! <strong>Moltres</strong>!<br></div><div class="battle-history"><small>[Moltres's Pressure]</small><br><small>Moltres is exerting its pressure!</small><br></div><div class="spacer battle-history"><br></div><div class="battle-history"><small>The sandstorm subsided.</small><br></div><div class="battle-history"><small>Moltres restored a little HP using its Leftovers!</small><br></div><div class="spacer battle-history"><br></div><h2 class="battle-history">Turn 9</h2><div class="spacer battle-history"><br></div><div class="battle-history">No man's hax withdrew Charizard!<br></div><div class="battle-history">No man's hax sent out <strong>Starmie</strong>!<br></div><div class="spacer battle-history"><br></div><div class="battle-history">Moltres, come back!<br></div><div class="battle-history">Go! <strong>Zygarde</strong>!<br></div><div class="battle-history"><small>[Zygarde's Aura Break]</small><br><small>Zygarde reversed all other Pokémon's auras!</small><br></div><div class="spacer battle-history"><br></div><h2 class="battle-history">Turn 10</h2><div class="spacer battle-history"><br></div><div class="battle-history">Zygarde, come back!<br></div><div class="battle-history">Go! <strong>Azumarill</strong>!<br></div><div class="spacer battle-history"><br></div><div class="battle-history">The opposing Starmie used <strong>Scald</strong>!<br></div><div class="battle-history"><small>It's not very effective...</small><br></div><div class="battle-history"><small>(Azumarill lost <abbr title="−39/404">9.7%</abbr> of its health!)</small><br></div><div class="spacer battle-history"><br></div><div class="battle-history"><small>Azumarill restored a little HP using its Leftovers!</small><br></div><div class="battle-history"><small>Azumarill was hurt by its burn!</small><br></div><div class="spacer battle-history"><br></div><h2 class="battle-history">Turn 11</h2><div class="spacer battle-history"><br></div><div class="battle-history">No man's hax withdrew Starmie!<br></div><div class="battle-history">No man's hax sent out <strong>Tapu Lele</strong>!<br></div><div class="battle-history"><small>[The opposing Tapu Lele's Psychic Surge]</small><br><small>The battlefield got weird!</small><br></div><div class="spacer battle-history"><br></div><div class="battle-history">Azumarill used <strong>Toxic</strong>!<br></div><div class="battle-history"><small>The opposing Tapu Lele was badly poisoned!</small><br></div><div class="spacer battle-history"><br></div><div class="battle-history"><small>Azumarill restored a little HP using its Leftovers!</small><br></div><div class="battle-history"><small>The opposing Tapu Lele was hurt by poison!</small><br></div><div class="battle-history"><small>Azumarill was hurt by its burn!</small><br></div><div class="spacer battle-history"><br></div><h2 class="battle-history">Turn 12</h2><div class="spacer battle-history"><br></div><div class="battle-history">No man's hax withdrew Tapu Lele!<br></div><div class="battle-history">No man's hax sent out <strong>Komala</strong>!<br></div><div class="battle-history"><small>[The opposing Komala's Comatose]</small><br><small>The opposing Komala is drowsing!</small><br></div><div class="spacer battle-history"><br></div><div class="battle-history">Azumarill used <strong>Protect</strong>!<br></div><div class="battle-history"><small>But it failed!</small><br></div><div class="spacer battle-history"><br></div><div class="battle-history"><small>Azumarill restored a little HP using its Leftovers!</small><br></div><div class="battle-history"><small>Azumarill was hurt by its burn!</small><br></div><div class="spacer battle-history"><br></div><h2 class="battle-history">Turn 13</h2><div class="spacer battle-history"><br></div><div class="battle-history">Azumarill used <strong>Protect</strong>!<br></div><div class="battle-history"><small>Azumarill protected itself!</small><br></div><div class="spacer battle-history"><br></div><div class="battle-history">The opposing Komala used <strong>Sleep Talk</strong>!<br></div><div class="spacer battle-history"><br></div><div class="battle-history">The opposing Komala used <strong>Last Resort</strong>!<br></div><div class="battle-history"><small>Azumarill protected itself!</small><br></div><div class="spacer battle-history"><br></div><div class="battle-history"><small>Azumarill restored a little HP using its Leftovers!</small><br></div><div class="battle-history"><small>Azumarill was hurt by its burn!</small><br></div><div class="spacer battle-history"><br></div><h2 class="battle-history">Turn 14</h2><div class="spacer battle-history"><br></div><div class="battle-history">The opposing Komala used <strong>Sleep Talk</strong>!<br></div><div class="spacer battle-history"><br></div><div class="battle-history">The opposing Komala used <strong>Last Resort</strong>!<br></div><div class="battle-history"><small>(Azumarill lost <abbr title="−274/404">67.8%</abbr> of its health!)</small><br></div><div class="spacer battle-history"><br></div><div class="battle-history">Azumarill fainted!<br></div><div class="spacer battle-history"><br></div><div class="battle-history">Go! <strong>Moltres</strong>!<br></div><div class="battle-history"><small>[Moltres's Pressure]</small><br><small>Moltres is exerting its pressure!</small><br></div><div class="spacer battle-history"><br></div><h2 class="battle-history">Turn 15</h2><div class="spacer battle-history"><br></div><div class="battle-history">No man's hax withdrew Komala!<br></div><div class="battle-history">No man's hax sent out <strong>Starmie</strong>!<br></div><div class="spacer battle-history"><br></div><div class="battle-history">Moltres used <strong>Flamethrower</strong>!<br></div><div class="battle-history"><small>It's not very effective...</small><br></div><div class="battle-history"><small>(The opposing Starmie lost <abbr title="−67/261">25.7%</abbr> of its health!)</small><br></div><div class="spacer battle-history"><br></div><div class="battle-history"><small>The opposing Starmie restored a little HP using its Leftovers!</small><br></div><div class="battle-history"><small>Moltres restored a little HP using its Leftovers!</small><br></div><div class="battle-history"><small>The weirdness disappeared from the battlefield!</small><br></div><div class="spacer battle-history"><br></div><h2 class="battle-history">Turn 16</h2><div class="spacer battle-history"><br></div><div class="battle-history">Moltres, come back!<br></div><div class="battle-history">Go! <strong>Tapu Bulu</strong>!<br></div><div class="battle-history"><small>[Tapu Bulu's Grassy Surge]</small><br><small>Grass grew to cover the battlefield!</small><br></div><div class="spacer battle-history"><br></div><div class="battle-history">The opposing Starmie used <strong>Thunder Wave</strong>!<br></div><div class="battle-history"><small>Tapu Bulu avoided the attack!</small><br></div><div class="spacer battle-history"><br></div><div class="battle-history"><small>The opposing Starmie restored a little HP using its Leftovers!</small><br></div><div class="battle-history"><small>The opposing Starmie restored HP using its Grassy Terrain!</small><br></div><div class="spacer battle-history"><br></div><h2 class="battle-history">Turn 17</h2><div class="spacer battle-history"><br></div><div class="battle-history">No man's hax withdrew Starmie!<br></div><div class="battle-history">No man's hax sent out <strong>Trevenant</strong>!<br></div><div class="spacer battle-history"><br></div><div class="battle-history">Tapu Bulu used <strong>Horn Leech</strong>!<br></div><div class="battle-history"><small>It's not very effective...</small><br></div><div class="battle-history"><small>(The opposing Trevenant lost <abbr title="−99/372">26.6%</abbr> of its health!)</small><br></div><div class="spacer battle-history"><br></div><div class="battle-history"><small>The opposing Trevenant restored HP using its Grassy Terrain!</small><br></div><div class="battle-history"><small>The opposing Trevenant was hurt by poison!</small><br></div><div class="battle-history"><small>[The opposing Trevenant's Harvest]</small><br><small>The opposing Trevenant harvested one Sitrus Berry!</small><br></div><div class="spacer battle-history"><br></div><div class="battle-history"><small>The opposing Trevenant ate its Sitrus Berry!</small><br></div><div class="battle-history"><small>The opposing Trevenant restored HP using its Sitrus Berry!</small><br></div><div class="spacer battle-history"><br></div><h2 class="battle-history">Turn 18</h2><div class="spacer battle-history"><br></div><div class="battle-history"><small>Tapu Bulu surrounded itself with its Z-Power!</small><br></div><div class="spacer battle-history"><br></div><div class="battle-history">Tapu Bulu used <strong>Bloom Doom</strong>!<br></div><div class="battle-history"><small>It's not very effective...</small><br></div><div class="battle-history"><small>(The opposing Trevenant lost <abbr title="−106/372">28.5%</abbr> of its health!)</small><br></div><div class="spacer battle-history"><br></div><div class="battle-history">The opposing Trevenant fainted!<br></div><div class="spacer battle-history"><br></div><div class="battle-history">No man's hax sent out <strong>Charizard</strong>!<br></div><div class="spacer battle-history"><br></div><h2 class="battle-history">Turn 19</h2><div class="spacer battle-history"><br></div><div class="battle-history">No man's hax withdrew Charizard!<br></div><div class="battle-history">No man's hax sent out <strong>Tapu Lele</strong>!<br></div><div class="battle-history"><small>[The opposing Tapu Lele's Psychic Surge]</small><br><small>The battlefield got weird!</small><br></div><div class="spacer battle-history"><br></div><div class="battle-history">Tapu Bulu, come back!<br></div><div class="battle-history">Go! <strong>Zygarde</strong>!<br></div><div class="battle-history"><small>[Zygarde's Aura Break]</small><br><small>Zygarde reversed all other Pokémon's auras!</small><br></div><div class="spacer battle-history"><br></div><div class="battle-history"><small>The opposing Tapu Lele was hurt by poison!</small><br></div><div class="spacer battle-history"><br></div><h2 class="battle-history">Turn 20</h2><div class="spacer battle-history"><br></div><div class="battle-history">Zygarde, come back!<br></div><div class="battle-history">Go! <strong>Moltres</strong>!<br></div><div class="battle-history"><small>[Moltres's Pressure]</small><br><small>Moltres is exerting its pressure!</small><br></div><div class="spacer battle-history"><br></div><div class="battle-history">The opposing Tapu Lele used <strong>Psyshock</strong>!<br></div><div class="battle-history"><small>(Moltres lost <abbr title="−240/383">62.7%</abbr> of its health!)</small><br></div><div class="spacer battle-history"><br></div><div class="battle-history"><small>Moltres restored a little HP using its Leftovers!</small><br></div><div class="battle-history"><small>The opposing Tapu Lele was hurt by poison!</small><br></div><div class="spacer battle-history"><br></div><h2 class="battle-history">Turn 21</h2><div class="spacer battle-history"><br></div><div class="battle-history">No man's hax withdrew Tapu Lele!<br></div><div class="battle-history">No man's hax sent out <strong>Charizard</strong>!<br></div><div class="spacer battle-history"><br></div><div class="battle-history">Moltres, come back!<br></div><div class="battle-history">Go! <strong>Latias</strong>!<br></div><div class="spacer battle-history"><br></div><h2 class="battle-history">Turn 22</h2><div class="spacer battle-history"><br></div><div class="battle-history">No man's hax withdrew Charizard!<br></div><div class="battle-history">No man's hax sent out <strong>Komala</strong>!<br></div><div class="battle-history"><small>[The opposing Komala's Comatose]</small><br><small>The opposing Komala is drowsing!</small><br></div><div class="spacer battle-history"><br></div><div class="battle-history"><small>Latias's Latiasite is reacting to the Key Stone!</small><br>Latias has Mega Evolved into Mega Latias!<br></div><div class="spacer battle-history"><br></div><div class="battle-history">Latias used <strong>Substitute</strong>!<br></div><div class="battle-history"><small>Latias put in a substitute!</small><br></div><div class="battle-history"><small>(Latias lost <abbr title="−91/364">25%</abbr> of its health!)</small><br></div><div class="spacer battle-history"><br></div><h2 class="battle-history">Turn 23</h2><div class="spacer battle-history"><br></div><div class="battle-history">Latias used <strong>Stored Power</strong>!<br></div><div class="battle-history"><small>(The opposing Komala lost <abbr title="−27/334">8.1%</abbr> of its health!)</small><br></div><div class="spacer battle-history"><br></div><div class="battle-history">The opposing Komala fainted!<br></div><div class="spacer battle-history"><br></div><div class="battle-history"><small>The weirdness disappeared from the battlefield!</small><br></div><div class="chat chatmessage-grardway"><strong style="color:hsl(23,56%,44%)"><small>☆</small><span class="username" data-name="Gеrard Way">Gеrard Way</span>:</strong> <em>gg</em></div><div class="chat chatmessage-nomanshax"><strong style="color:hsl(105,82%,35%)"><small>☆</small><span class="username" data-name="No man's hax">No man's hax</span>:</strong> <em>bueno,gg</em></div><div class="chat chatmessage-cusho"><strong style="color:hsl(0,59%,50.84664459081895%)"><small> </small><span class="username" data-name="´Cusho">´Cusho</span>:</strong> <em>never give up</em></div><div class="chat chatmessage-cusho"><strong style="color:hsl(0,59%,50.84664459081895%)"><small> </small><span class="username" data-name="´Cusho">´Cusho</span>:</strong> <em>:3</em></div><div class="chat chatmessage-nomanshax"><strong style="color:hsl(105,82%,35%)"><small>☆</small><span class="username" data-name="No man's hax">No man's hax</span>:</strong> <em>me da hueva alargar esto cual vil jey o viper la vdd</em></div><div class="spacer battle-history"><br></div><div class="battle-history"><small>No man's hax se rindió.</small><br></div><div class="spacer battle-history"><br></div><div class="battle-history"><strong>Gеrard Way</strong> won the battle!<br></div><div class="chat chatmessage-camilacruz"><strong style="color:hsl(107,48%,44.819126939248115%)"><small>+</small><span class="username" data-name="Camila Cruz猫田♡">Camila Cruz猫田♡</span>:</strong> <em></em></div><div class="chat chatmessage-grardway"><strong style="color:hsl(23,56%,44%)"><small>☆</small><span class="username" data-name="Gеrard Way">Gеrard Way</span>:</strong> <em></em></div></div><div class="inner-preempt"></div></div></div>
</div>
<script>
let daily = Math.floor(Date.now()/1000/60/60/24);document.write('<script src="https://play.pokemonshowdown.com/js/replay-embed.js?version'+daily+'"></'+'script>');
</script>
