<!DOCTYPE html>
<meta charset="utf-8" />
<!-- version 1 -->
<title>OU replay: Araquanid15 vs. wicho_45</title>
<style>
html,body {font-family:Verdana, sans-serif;font-size:10pt;margin:0;padding:0;}body{padding:12px 0;} .battle-log {font-family:Verdana, sans-serif;font-size:10pt;} .battle-log-inline {border:1px solid #AAAAAA;background:#EEF2F5;color:black;max-width:640px;margin:0 auto 80px;padding-bottom:5px;} .battle-log .inner {padding:4px 8px 0px 8px;} .battle-log .inner-preempt {padding:0 8px 4px 8px;} .battle-log .inner-after {margin-top:0.5em;} .battle-log h2 {margin:0.5em -8px;padding:4px 8px;border:1px solid #AAAAAA;background:#E0E7EA;border-left:0;border-right:0;font-family:Verdana, sans-serif;font-size:13pt;} .battle-log .chat {vertical-align:middle;padding:3px 0 3px 0;font-size:8pt;} .battle-log .chat strong {color:#40576A;} .battle-log .chat em {padding:1px 4px 1px 3px;color:#000000;font-style:normal;} .chat.mine {background:rgba(0,0,0,0.05);margin-left:-8px;margin-right:-8px;padding-left:8px;padding-right:8px;} .spoiler {color:#BBBBBB;background:#BBBBBB;padding:0px 3px;} .spoiler:hover, .spoiler:active, .spoiler-shown {color:#000000;background:#E2E2E2;padding:0px 3px;} .spoiler a {color:#BBBBBB;} .spoiler:hover a, .spoiler:active a, .spoiler-shown a {color:#2288CC;} .chat code, .chat .spoiler:hover code, .chat .spoiler:active code, .chat .spoiler-shown code {border:1px solid #C0C0C0;background:#EEEEEE;color:black;padding:0 2px;} .chat .spoiler code {border:1px solid #CCCCCC;background:#CCCCCC;color:#CCCCCC;} .battle-log .rated {padding:3px 4px;} .battle-log .rated strong {color:white;background:#89A;padding:1px 4px;border-radius:4px;} .spacer {margin-top:0.5em;} .message-announce {background:#6688AA;color:white;padding:1px 4px 2px;} .message-announce a, .broadcast-green a, .broadcast-blue a, .broadcast-red a {color:#DDEEFF;} .broadcast-green {background-color:#559955;color:white;padding:2px 4px;} .broadcast-blue {background-color:#6688AA;color:white;padding:2px 4px;} .infobox {border:1px solid #6688AA;padding:2px 4px;} .infobox-limited {max-height:200px;overflow:auto;overflow-x:hidden;} .broadcast-red {background-color:#AA5544;color:white;padding:2px 4px;} .message-learn-canlearn {font-weight:bold;color:#228822;text-decoration:underline;} .message-learn-cannotlearn {font-weight:bold;color:#CC2222;text-decoration:underline;} .message-effect-weak {font-weight:bold;color:#CC2222;} .message-effect-resist {font-weight:bold;color:#6688AA;} .message-effect-immune {font-weight:bold;color:#666666;} .message-learn-list {margin-top:0;margin-bottom:0;} .message-throttle-notice, .message-error {color:#992222;} .message-overflow, .chat small.message-overflow {font-size:0pt;} .message-overflow::before {font-size:9pt;content:'...';} .subtle {color:#3A4A66;}
</style>
<div class="wrapper replay-wrapper" style="max-width:1180px;margin:0 auto">
<input type="hidden" name="replayid" value="destiny-ou-564622" />
<div class="battle"></div><div class="battle-log"></div><div class="replay-controls"></div><div class="replay-controls-2"></div>
<h1 style="font-weight:normal;text-align:center"><strong>OU</strong><br /><a href="http://pokemonshowdown.com/users/araquanid15" class="subtle" target="_blank">Araquanid15</a> vs. <a href="http://pokemonshowdown.com/users/wicho45" class="subtle" target="_blank">wicho_45</a></h1>
<script type="text/plain" class="battle-log-data">|player|p1|Araquanid15|265
|teamsize|p1|6
|player|p2|wicho_45|265
|teamsize|p2|6
|teamsize|p1|6
|teamsize|p2|6
|gametype|singles
|gen|7
|tier|OU
|seed|51406,34815,8133,17366
|rule|Cláusula-Mod de Dormir: solo puedes dormir a uno de tus oponentes a la vez.
|rule|Cláusula de Especie: Hasta un Pokémon de cada especie
|rule|Cláusula de Golpe Fulminante: los movimientos fulminantes (OHKO) estan prohibidos
|rule|Cláusula de Veleta: la habilidad Veleta está prohibida
|rule|Cláusula de Movimientos Evasivos: los movimientos de Evasión están prohibidos.
|rule|Cláusula de Batallas Eternas: forzar batallas eternas está prohibido
|clearpoke
|poke|p1|Butterfree, F|item
|poke|p1|Crustle, M|item
|poke|p1|Heracross, M|item
|poke|p1|Araquanid, F|item
|poke|p1|Volcarona, F|item
|poke|p1|Wormadam-Sandy, F|item
|poke|p2|Nidoking, M|item
|poke|p2|Beedrill, F|item
|poke|p2|Muk-Alola, F|item
|poke|p2|Gengar, M|item
|poke|p2|Dragalge, M|item
|poke|p2|Tentacruel, M|item
|teampreview|undefined
|choice|*team 123456|*
|choice|*|*team 623451
|choice|team 1, 2, 3, 4, 5, 6|team 6, 2, 3, 4, 5, 1
|
|start
|switch|p1a: Butterfree|Butterfree, F|262\/262
|switch|p2a: Tentacruel|Tentacruel, M|301\/301
|turn|1
|choice|*move 1|*
|choice|*|*move 4
|choice|move sleeppowder|move icebeam
|
|move|p2a: Tentacruel|Ice Beam|p1a: Butterfree
|-supereffective|p1a: Butterfree
|-damage|p1a: Butterfree|90\/262
|move|p1a: Butterfree|Sleep Powder|p2a: Tentacruel
|-status|p2a: Tentacruel|slp
|
|upkeep
|turn|2
|choice|*move 3|*
|choice|*|*move 2
|choice|move tailwind|move raindance
|
|cant|p2a: Tentacruel|slp
|move|p1a: Butterfree|Tailwind|p1a: Butterfree
|-sidestart|p1: Araquanid15|move: Tailwind
|
|upkeep
|turn|3
|choice|*|*move 2
|choice|*switch 3|*
|choice|switch 3|move raindance
|
|switch|p1a: Heracross|Heracross, M|302\/302
|cant|p2a: Tentacruel|slp
|
|upkeep
|turn|4
|choice|*move 2 mega|*
|choice|*|*move 2
|choice|move swordsdance mega|move raindance
|
|-mega|p1a: Heracross|Heracross|Heracronite
|detailschange|p1a: Heracross|Heracross-Mega, M
|move|p1a: Heracross|Swords Dance|p1a: Heracross
|-boost|p1a: Heracross|atk|2
|cant|p2a: Tentacruel|slp
|
|upkeep
|turn|5
|choice|*move 4|*
|choice|*|*switch 6
|choice|move pinmissile|switch 6
|
|switch|p2a: Nidoking|Nidoking, M|303\/303
|move|p1a: Heracross|Pin Missile|p2a: Nidoking|[miss]
|-miss|p1a: Heracross|p2a: Nidoking
|
|-sideend|p1: Araquanid15|move: Tailwind
|upkeep
|turn|6
|choice|*|*move 1
|choice|*move 4|*
|choice|move pinmissile|move outrage
|
|move|p2a: Nidoking|Outrage|p1a: Heracross
|-damage|p1a: Heracross|189\/302
|-damage|p2a: Nidoking|273\/303|[from] item: Life Orb
|move|p1a: Heracross|Pin Missile|p2a: Nidoking
|-resisted|p2a: Nidoking
|-damage|p2a: Nidoking|213\/303
|-resisted|p2a: Nidoking
|-damage|p2a: Nidoking|142\/303
|-resisted|p2a: Nidoking
|-damage|p2a: Nidoking|75\/303
|-resisted|p2a: Nidoking
|-damage|p2a: Nidoking|14\/303
|-resisted|p2a: Nidoking
|-damage|p2a: Nidoking|0 fnt
|-hitcount|p2a: Nidoking|5
|faint|p2a: Nidoking
|
|upkeep
|c|☆Araquanid15|95% de precisión
|choice|*|*switch 4
|choice||switch 4
|
|switch|p2a: Gengar|Gengar, M|261\/261
|turn|7
|c|☆Araquanid15|y falla!
|choice|*move 4|*
|choice|*|*move 3
|choice|move pinmissile|move dazzlinggleam
|
|move|p2a: Gengar|Dazzling Gleam|p1a: Heracross
|-supereffective|p1a: Heracross
|-damage|p1a: Heracross|21\/302
|move|p1a: Heracross|Pin Missile|p2a: Gengar
|-resisted|p2a: Gengar
|-damage|p2a: Gengar|223\/261
|-start|p1a: Heracross|Disable|Pin Missile|[from] ability: Cursed Body|[of] p2a: Gengar
|-resisted|p2a: Gengar
|-damage|p2a: Gengar|184\/261
|-resisted|p2a: Gengar
|-damage|p2a: Gengar|146\/261
|-resisted|p2a: Gengar
|-damage|p2a: Gengar|105\/261
|-resisted|p2a: Gengar
|-damage|p2a: Gengar|63\/261
|-hitcount|p2a: Gengar|5
|
|upkeep
|turn|8
|choice|*|*move 4
|choice|*move 1|*
|choice|move rockblast|move hiddenpower
|
|move|p2a: Gengar|Hidden Power|p1a: Heracross
|-damage|p1a: Heracross|0 fnt
|faint|p1a: Heracross
|
|upkeep
|choice|*switch 6|*
|choice|switch 6|
|
|switch|p1a: Wormadam|Wormadam-Sandy, F|262\/262
|turn|9
|choice|*move 4|*
|choice|*|*move 4
|choice|move suckerpunch|move hiddenpower
|
|move|p1a: Wormadam|Sucker Punch|p2a: Gengar
|-supereffective|p2a: Gengar
|-damage|p2a: Gengar|0 fnt
|faint|p2a: Gengar
|
|upkeep
|choice|*|*switch 3
|choice||switch 3
|
|switch|p2a: Muk|Muk-Alola, F|414\/414
|turn|10
|choice|*move 3|*
|choice|*|*move 4
|choice|move protect|move icepunch
|
|move|p1a: Wormadam|Protect|p1a: Wormadam
|-singleturn|p1a: Wormadam|Protect
|move|p2a: Muk|Ice Punch|p1a: Wormadam
|-activate|p1a: Wormadam|move: Protect
|
|upkeep
|turn|11
|choice|*|*switch 6
|choice|*switch 3|*
|choice|switch 3|switch 6
|
|switch|p2a: Tentacruel|Tentacruel, M|301\/301 slp
|switch|p1a: Butterfree|Butterfree, F|90\/262
|
|upkeep
|turn|12
|choice|*|*move 4
|choice|*move 3|*
|choice|move tailwind|move icebeam
|
|-curestatus|p2a: Tentacruel|slp|[msg]
|move|p2a: Tentacruel|Ice Beam|p1a: Butterfree
|-supereffective|p1a: Butterfree
|-damage|p1a: Butterfree|0 fnt
|faint|p1a: Butterfree
|
|upkeep
|c|☆wicho_45|uf
|choice|*switch 4|*
|choice|switch 4|
|
|switch|p1a: Araquanid|Araquanid, F|340\/340
|turn|13
|choice|*move 2|*
|choice|*|*move 3
|choice|move stickyweb|move acidspray
|
|move|p2a: Tentacruel|Acid Spray|p1a: Araquanid
|-damage|p1a: Araquanid|300\/340
|-unboost|p1a: Araquanid|spd|2
|move|p1a: Araquanid|Sticky Web|p2a: Tentacruel
|-sidestart|p2: wicho_45|move: Sticky Web
|
|-heal|p1a: Araquanid|321\/340|[from] item: Leftovers
|upkeep
|turn|14
|choice|*|*move 3
|choice|*move 3|*
|choice|move leechlife|move acidspray
|
|move|p2a: Tentacruel|Acid Spray|p1a: Araquanid
|-damage|p1a: Araquanid|234\/340
|-unboost|p1a: Araquanid|spd|2
|move|p1a: Araquanid|Leech Life|p2a: Tentacruel
|-resisted|p2a: Tentacruel
|-damage|p2a: Tentacruel|253\/301
|-heal|p1a: Araquanid|258\/340|[from] drain|[of] p2a: Tentacruel
|
|-heal|p1a: Araquanid|279\/340|[from] item: Leftovers
|upkeep
|turn|15
|choice|*switch 2|*
|choice|*|*move 3
|choice|switch 2|move acidspray
|
|switch|p1a: Crustle|Crustle, M|281\/281
|move|p2a: Tentacruel|Acid Spray|p1a: Crustle
|-resisted|p1a: Crustle
|-damage|p1a: Crustle|260\/281
|-unboost|p1a: Crustle|spd|2
|-enditem|p1a: Crustle|White Herb
|-clearnegativeboost|p1a: Crustle|[silent]
|
|upkeep
|turn|16
|choice|*|*move 2
|choice|*move 3|*
|choice|move rockwrecker|move raindance
|
|move|p2a: Tentacruel|Rain Dance|p2a: Tentacruel
|-weather|RainDance
|move|p1a: Crustle|Rock Wrecker|p2a: Tentacruel
|-damage|p2a: Tentacruel|0 fnt
|faint|p2a: Tentacruel
|
|-weather|RainDance|[upkeep]
|upkeep
|choice|*|*switch 6
|choice||switch 6
|
|switch|p2a: Muk|Muk-Alola, F|414\/414
|-activate|p2a: Muk|move: Sticky Web
|-unboost|p2a: Muk|spe|1
|turn|17
|-mustrecharge|p1a: Crustle
|choice|*move 1|*
|choice|*|*move 2
|choice|move recharge|move gunkshot
|
|cant|p1a: Crustle|recharge
|move|p2a: Muk|Gunk Shot|p1a: Crustle
|-resisted|p1a: Crustle
|-damage|p1a: Crustle|189\/281
|
|-weather|RainDance|[upkeep]
|upkeep
|turn|18
|choice|*move 4|*
|choice|*|*move 1
|choice|move stealthrock|move knockoff
|
|move|p1a: Crustle|Stealth Rock|p2a: Muk
|-sidestart|p2: wicho_45|move: Stealth Rock
|move|p2a: Muk|Knock Off|p1a: Crustle
|-damage|p1a: Crustle|119\/281
|-status|p1a: Crustle|psn|[from] ability: Poison Touch|[of] p2a: Muk
|
|-weather|RainDance|[upkeep]
|-damage|p1a: Crustle|84\/281 psn|[from] psn
|upkeep
|turn|19
|choice|*|*move 4
|choice|*move 3|*
|choice|move rockwrecker|move icepunch
|
|move|p1a: Crustle|Rock Wrecker|p2a: Muk
|-damage|p2a: Muk|197\/414
|move|p2a: Muk|Ice Punch|p1a: Crustle
|-damage|p1a: Crustle|23\/281 psn
|
|-weather|RainDance|[upkeep]
|-heal|p2a: Muk|222\/414|[from] item: Leftovers
|-damage|p1a: Crustle|0 fnt|[from] psn
|upkeep
|faint|p1a: Crustle
|choice|*switch 5|*
|choice|switch 5|
|
|switch|p1a: Volcarona|Volcarona, F|374\/374
|turn|20
|choice|*|*move 3
|choice|*move 1|*
|choice|move quiverdance|move painsplit
|
|move|p1a: Volcarona|Quiver Dance|p1a: Volcarona
|-boost|p1a: Volcarona|spa|1
|-boost|p1a: Volcarona|spd|1
|-boost|p1a: Volcarona|spe|1
|move|p2a: Muk|Pain Split|p1a: Volcarona
|-sethp|p1a: Volcarona|298\/374|p2a: Muk|298\/414|[from] move: Pain Split
|
|-weather|none
|-heal|p2a: Muk|323\/414|[from] item: Leftovers
|upkeep
|turn|21
|choice|*|*move 2
|choice|*move 4|*
|choice|move bugbuzz|move gunkshot
|
|move|p1a: Volcarona|Bug Buzz|p2a: Muk
|-damage|p2a: Muk|113\/414
|move|p2a: Muk|Gunk Shot|p1a: Volcarona
|-damage|p1a: Volcarona|16\/374
|
|-heal|p2a: Muk|138\/414|[from] item: Leftovers
|upkeep
|turn|22
|choice|*move 4|*
|choice|*|*move 1
|choice|move bugbuzz|move knockoff
|
|move|p1a: Volcarona|Bug Buzz|p2a: Muk
|-damage|p2a: Muk|0 fnt
|faint|p2a: Muk
|
|upkeep
|choice|*|*switch 2
|choice||switch 2
|
|switch|p2a: Beedrill|Beedrill, F|271\/271
|-activate|p2a: Beedrill|move: Sticky Web
|-unboost|p2a: Beedrill|spe|1
|-damage|p2a: Beedrill|204\/271|[from] Stealth Rock
|turn|23
|choice|*|*move 1 mega
|choice|*move 3 zmove|*
|choice|move flamethrower zmove|move uturn mega
|
|-mega|p2a: Beedrill|Beedrill|Beedrillite
|detailschange|p2a: Beedrill|Beedrill-Mega, F
|-zpower|p1a: Volcarona
|move|p1a: Volcarona|Inferno Overdrive|p2a: Beedrill|[zeffect]
|-supereffective|p2a: Beedrill
|-damage|p2a: Beedrill|0 fnt
|faint|p2a: Beedrill
|
|upkeep
|choice|*|*switch 5
|choice||switch 5
|
|switch|p2a: Dragalge|Dragalge, M|334\/334
|-activate|p2a: Dragalge|move: Sticky Web
|-unboost|p2a: Dragalge|spe|1
|-damage|p2a: Dragalge|293\/334|[from] Stealth Rock
|turn|24
|choice|*|*move 1
|choice|*move 4|*
|choice|move bugbuzz|move sludgebomb
|
|move|p1a: Volcarona|Bug Buzz|p2a: Dragalge
|-resisted|p2a: Dragalge
|-damage|p2a: Dragalge|215\/334
|move|p2a: Dragalge|Sludge Bomb|p1a: Volcarona
|-crit|p1a: Volcarona
|-damage|p1a: Volcarona|0 fnt
|faint|p1a: Volcarona
|
|upkeep
|choice|*switch 3|*
|choice|switch 3|
|
|switch|p1a: Wormadam|Wormadam-Sandy, F|262\/262
|turn|25
|choice|*|*move 3
|choice|*move 1|*
|choice|move earthquake|move toxicspikes
|
|move|p1a: Wormadam|Earthquake|p2a: Dragalge
|-supereffective|p2a: Dragalge
|-damage|p2a: Dragalge|0 fnt
|faint|p2a: Dragalge
|
|win|Araquanid15
|c|☆Araquanid15|gg
|c|☆wicho_45|me tengo que ir chao y gg
|c|☆Araquanid15|chau
</script>
</div>
<div class="battle-log battle-log-inline"><div class="inner"><div class="battle-options"></div><div class="inner"><div class=""><small>Format:</small> <br><strong>OU</strong></div><div class=""><small><em>Cláusula-Mod de Dormir:</em> solo puedes dormir a uno de tus oponentes a la vez.</small></div><div class=""><small><em>Cláusula de Especie:</em> Hasta un Pokémon de cada especie</small></div><div class=""><small><em>Cláusula de Golpe Fulminante:</em> los movimientos fulminantes (OHKO) estan prohibidos</small></div><div class=""><small><em>Cláusula de Veleta:</em> la habilidad Veleta está prohibida</small></div><div class=""><small><em>Cláusula de Movimientos Evasivos:</em> los movimientos de Evasión están prohibidos.</small></div><div class=""><small><em>Cláusula de Batallas Eternas:</em> forzar batallas eternas está prohibido</small></div><div class="chat battle-history"><strong>Araquanid15's team:</strong> <em style="color:#445566;display:block;">Butterfree / Crustle / Heracross / Araquanid / Volcarona / Wormadam-Sandy</em></div><div class="chat battle-history"><strong>wicho_45's team:</strong> <em style="color:#445566;display:block;">Nidoking / Beedrill / Muk-Alola / Gengar / Dragalge / Tentacruel</em></div><div class="spacer battle-history"><br></div><div class="battle-history">Battle started between Araquanid15 and wicho_45!<br></div><div class="spacer battle-history"><br></div><div class="battle-history">Go! <strong>Butterfree</strong>!<br></div><div class="spacer battle-history"><br></div><div class="battle-history">wicho_45 sent out <strong>Tentacruel</strong>!<br></div><div class="spacer battle-history"><br></div><h2 class="battle-history">Turn 1</h2><div class="spacer battle-history"><br></div><div class="battle-history">The opposing Tentacruel used <strong>Ice Beam</strong>!<br></div><div class="battle-history"><small>It's super effective!</small><br></div><div class="battle-history"><small>(Butterfree lost <abbr title="−172/262">65.6%</abbr> of its health!)</small><br></div><div class="spacer battle-history"><br></div><div class="battle-history">Butterfree used <strong>Sleep Powder</strong>!<br></div><div class="battle-history"><small>The opposing Tentacruel fell asleep!</small><br></div><div class="spacer battle-history"><br></div><h2 class="battle-history">Turn 2</h2><div class="spacer battle-history"><br></div><div class="battle-history">The opposing Tentacruel is fast asleep.<br></div><div class="spacer battle-history"><br></div><div class="battle-history">Butterfree used <strong>Tailwind</strong>!<br></div><div class="battle-history"><small>The Tailwind blew from behind your team!</small><br></div><div class="spacer battle-history"><br></div><h2 class="battle-history">Turn 3</h2><div class="spacer battle-history"><br></div><div class="battle-history">Butterfree, come back!<br></div><div class="battle-history">Go! <strong>Heracross</strong>!<br></div><div class="spacer battle-history"><br></div><div class="battle-history">The opposing Tentacruel is fast asleep.<br></div><div class="spacer battle-history"><br></div><h2 class="battle-history">Turn 4</h2><div class="spacer battle-history"><br></div><div class="battle-history"><small>Heracross's Heracronite is reacting to the Key Stone!</small><br>Heracross has Mega Evolved into Mega Heracross!<br></div><div class="spacer battle-history"><br></div><div class="battle-history">Heracross used <strong>Swords Dance</strong>!<br></div><div class="battle-history"><small>Heracross's Attack rose sharply!</small><br></div><div class="spacer battle-history"><br></div><div class="battle-history">The opposing Tentacruel is fast asleep.<br></div><div class="spacer battle-history"><br></div><h2 class="battle-history">Turn 5</h2><div class="spacer battle-history"><br></div><div class="battle-history">wicho_45 withdrew Tentacruel!<br></div><div class="battle-history">wicho_45 sent out <strong>Nidoking</strong>!<br></div><div class="spacer battle-history"><br></div><div class="battle-history">Heracross used <strong>Pin Missile</strong>!<br></div><div class="battle-history"><small>The opposing Nidoking avoided the attack!</small><br></div><div class="spacer battle-history"><br></div><div class="battle-history"><small>Your team's Tailwind petered out!</small><br></div><div class="spacer battle-history"><br></div><h2 class="battle-history">Turn 6</h2><div class="spacer battle-history"><br></div><div class="battle-history">The opposing Nidoking used <strong>Outrage</strong>!<br></div><div class="battle-history"><small>(Heracross lost <abbr title="−113/302">37.4%</abbr> of its health!)</small><br></div><div class="battle-history"><small>The opposing Nidoking lost some of its HP!</small><br></div><div class="spacer battle-history"><br></div><div class="battle-history">Heracross used <strong>Pin Missile</strong>!<br></div><div class="battle-history"><small>It's not very effective...</small><br></div><div class="battle-history"><small>(The opposing Nidoking lost <abbr title="−60/303">19.8%</abbr> of its health!)</small><br></div><div class="battle-history"><small>It's not very effective...</small><br></div><div class="battle-history"><small>(The opposing Nidoking lost <abbr title="−71/303">23.4%</abbr> of its health!)</small><br></div><div class="battle-history"><small>It's not very effective...</small><br></div><div class="battle-history"><small>(The opposing Nidoking lost <abbr title="−67/303">22.1%</abbr> of its health!)</small><br></div><div class="battle-history"><small>It's not very effective...</small><br></div><div class="battle-history"><small>(The opposing Nidoking lost <abbr title="−61/303">20.1%</abbr> of its health!)</small><br></div><div class="battle-history"><small>It's not very effective...</small><br></div><div class="battle-history"><small>(The opposing Nidoking lost <abbr title="−14/303">4.6%</abbr> of its health!)</small><br></div><div class="battle-history"><small>Hit 5 times!</small><br></div><div class="spacer battle-history"><br></div><div class="battle-history">The opposing Nidoking fainted!<br></div><div class="chat chatmessage-araquanid15"><strong style="color:hsl(357,78%,42%)"><small>☆</small><span class="username" data-name="Araquanid15">Araquanid15</span>:</strong> <em>95% de precisión</em></div><div class="spacer battle-history"><br></div><div class="battle-history">wicho_45 sent out <strong>Gengar</strong>!<br></div><div class="spacer battle-history"><br></div><h2 class="battle-history">Turn 7</h2><div class="chat chatmessage-araquanid15"><strong style="color:hsl(357,78%,42%)"><small>☆</small><span class="username" data-name="Araquanid15">Araquanid15</span>:</strong> <em>y falla!</em></div><div class="spacer battle-history"><br></div><div class="battle-history">The opposing Gengar used <strong>Dazzling Gleam</strong>!<br></div><div class="battle-history"><small>It's super effective!</small><br></div><div class="battle-history"><small>(Heracross lost <abbr title="−168/302">55.6%</abbr> of its health!)</small><br></div><div class="spacer battle-history"><br></div><div class="battle-history">Heracross used <strong>Pin Missile</strong>!<br></div><div class="battle-history"><small>It's not very effective...</small><br></div><div class="battle-history"><small>(The opposing Gengar lost <abbr title="−38/261">14.6%</abbr> of its health!)</small><br></div><div class="battle-history"><small>[The opposing Gengar's Cursed Body]</small><br><small>Heracross's Pin Missile was disabled!</small><br></div><div class="battle-history"><small>It's not very effective...</small><br></div><div class="battle-history"><small>(The opposing Gengar lost <abbr title="−39/261">14.9%</abbr> of its health!)</small><br></div><div class="battle-history"><small>It's not very effective...</small><br></div><div class="battle-history"><small>(The opposing Gengar lost <abbr title="−38/261">14.6%</abbr> of its health!)</small><br></div><div class="battle-history"><small>It's not very effective...</small><br></div><div class="battle-history"><small>(The opposing Gengar lost <abbr title="−41/261">15.7%</abbr> of its health!)</small><br></div><div class="battle-history"><small>It's not very effective...</small><br></div><div class="battle-history"><small>(The opposing Gengar lost <abbr title="−42/261">16.1%</abbr> of its health!)</small><br></div><div class="battle-history"><small>Hit 5 times!</small><br></div><div class="spacer battle-history"><br></div><h2 class="battle-history">Turn 8</h2><div class="spacer battle-history"><br></div><div class="battle-history">The opposing Gengar used <strong>Hidden Power</strong>!<br></div><div class="battle-history"><small>(Heracross lost <abbr title="−21/302">7.0%</abbr> of its health!)</small><br></div><div class="spacer battle-history"><br></div><div class="battle-history">Heracross fainted!<br></div><div class="spacer battle-history"><br></div><div class="battle-history">Go! Wormadam (<strong>Wormadam-Sandy</strong>)!<br></div><div class="spacer battle-history"><br></div><h2 class="battle-history">Turn 9</h2><div class="spacer battle-history"><br></div><div class="battle-history">Wormadam used <strong>Sucker Punch</strong>!<br></div><div class="battle-history"><small>It's super effective!</small><br></div><div class="battle-history"><small>(The opposing Gengar lost <abbr title="−63/261">24.1%</abbr> of its health!)</small><br></div><div class="spacer battle-history"><br></div><div class="battle-history">The opposing Gengar fainted!<br></div><div class="spacer battle-history"><br></div><div class="battle-history">wicho_45 sent out Muk (<strong>Muk-Alola</strong>)!<br></div><div class="spacer battle-history"><br></div><h2 class="battle-history">Turn 10</h2><div class="spacer battle-history"><br></div><div class="battle-history">Wormadam used <strong>Protect</strong>!<br></div><div class="battle-history"><small>Wormadam protected itself!</small><br></div><div class="spacer battle-history"><br></div><div class="battle-history">The opposing Muk used <strong>Ice Punch</strong>!<br></div><div class="battle-history"><small>Wormadam protected itself!</small><br></div><div class="spacer battle-history"><br></div><h2 class="battle-history">Turn 11</h2><div class="spacer battle-history"><br></div><div class="battle-history">wicho_45 withdrew Muk!<br></div><div class="battle-history">wicho_45 sent out <strong>Tentacruel</strong>!<br></div><div class="spacer battle-history"><br></div><div class="battle-history">Wormadam, come back!<br></div><div class="battle-history">Go! <strong>Butterfree</strong>!<br></div><div class="spacer battle-history"><br></div><h2 class="battle-history">Turn 12</h2><div class="spacer battle-history"><br></div><div class="battle-history"><small>The opposing Tentacruel woke up!</small><br></div><div class="spacer battle-history"><br></div><div class="battle-history">The opposing Tentacruel used <strong>Ice Beam</strong>!<br></div><div class="battle-history"><small>It's super effective!</small><br></div><div class="battle-history"><small>(Butterfree lost <abbr title="−90/262">34.4%</abbr> of its health!)</small><br></div><div class="spacer battle-history"><br></div><div class="battle-history">Butterfree fainted!<br></div><div class="chat chatmessage-wicho45"><strong style="color:hsl(260,85%,56.36930134107779%)"><small>☆</small><span class="username" data-name="wicho_45">wicho_45</span>:</strong> <em>uf</em></div><div class="spacer battle-history"><br></div><div class="battle-history">Go! <strong>Araquanid</strong>!<br></div><div class="spacer battle-history"><br></div><h2 class="battle-history">Turn 13</h2><div class="spacer battle-history"><br></div><div class="battle-history">The opposing Tentacruel used <strong>Acid Spray</strong>!<br></div><div class="battle-history"><small>(Araquanid lost <abbr title="−40/340">11.8%</abbr> of its health!)</small><br></div><div class="battle-history"><small>Araquanid's Special Defense fell harshly!</small><br></div><div class="spacer battle-history"><br></div><div class="battle-history">Araquanid used <strong>Sticky Web</strong>!<br></div><div class="battle-history"><small>A sticky web spreads out on the ground around the opposing team!</small><br></div><div class="spacer battle-history"><br></div><div class="battle-history"><small>Araquanid restored a little HP using its Leftovers!</small><br></div><div class="spacer battle-history"><br></div><h2 class="battle-history">Turn 14</h2><div class="spacer battle-history"><br></div><div class="battle-history">The opposing Tentacruel used <strong>Acid Spray</strong>!<br></div><div class="battle-history"><small>(Araquanid lost <abbr title="−87/340">25.6%</abbr> of its health!)</small><br></div><div class="battle-history"><small>Araquanid's Special Defense fell harshly!</small><br></div><div class="spacer battle-history"><br></div><div class="battle-history">Araquanid used <strong>Leech Life</strong>!<br></div><div class="battle-history"><small>It's not very effective...</small><br></div><div class="battle-history"><small>(The opposing Tentacruel lost <abbr title="−48/301">15.9%</abbr> of its health!)</small><br></div><div class="battle-history"><small>The opposing Tentacruel had its energy drained!</small><br></div><div class="spacer battle-history"><br></div><div class="battle-history"><small>Araquanid restored a little HP using its Leftovers!</small><br></div><div class="spacer battle-history"><br></div><h2 class="battle-history">Turn 15</h2><div class="spacer battle-history"><br></div><div class="battle-history">Araquanid, come back!<br></div><div class="battle-history">Go! <strong>Crustle</strong>!<br></div><div class="spacer battle-history"><br></div><div class="battle-history">The opposing Tentacruel used <strong>Acid Spray</strong>!<br></div><div class="battle-history"><small>It's not very effective...</small><br></div><div class="battle-history"><small>(Crustle lost <abbr title="−21/281">7.5%</abbr> of its health!)</small><br></div><div class="battle-history"><small>Crustle's Special Defense fell harshly!</small><br></div><div class="battle-history"><small>Crustle returned its status to normal using its White Herb!</small><br></div><div class="spacer battle-history"><br></div><h2 class="battle-history">Turn 16</h2><div class="spacer battle-history"><br></div><div class="battle-history">The opposing Tentacruel used <strong>Rain Dance</strong>!<br></div><div class="battle-history"><small>It started to rain!</small><br></div><div class="spacer battle-history"><br></div><div class="battle-history">Crustle used <strong>Rock Wrecker</strong>!<br></div><div class="battle-history"><small>(The opposing Tentacruel lost <abbr title="−253/301">84.1%</abbr> of its health!)</small><br></div><div class="spacer battle-history"><br></div><div class="battle-history">The opposing Tentacruel fainted!<br></div><div class="spacer battle-history"><br></div><div class="battle-history"><small>(Rain continues to fall!)</small><br></div><div class="spacer battle-history"><br></div><div class="battle-history">wicho_45 sent out Muk (<strong>Muk-Alola</strong>)!<br></div><div class="battle-history"><small>The opposing Muk was caught in a sticky web!</small><br></div><div class="battle-history"><small>The opposing Muk's Speed fell!</small><br></div><div class="spacer battle-history"><br></div><h2 class="battle-history">Turn 17</h2><div class="spacer battle-history"><br></div><div class="battle-history">Crustle must recharge!<br></div><div class="spacer battle-history"><br></div><div class="battle-history">The opposing Muk used <strong>Gunk Shot</strong>!<br></div><div class="battle-history"><small>It's not very effective...</small><br></div><div class="battle-history"><small>(Crustle lost <abbr title="−71/281">25.3%</abbr> of its health!)</small><br></div><div class="spacer battle-history"><br></div><div class="battle-history"><small>(Rain continues to fall!)</small><br></div><div class="spacer battle-history"><br></div><h2 class="battle-history">Turn 18</h2><div class="spacer battle-history"><br></div><div class="battle-history">Crustle used <strong>Stealth Rock</strong>!<br></div><div class="battle-history"><small>Pointed stones float in the air around the opposing team!</small><br></div><div class="spacer battle-history"><br></div><div class="battle-history">The opposing Muk used <strong>Knock Off</strong>!<br></div><div class="battle-history"><small>(Crustle lost <abbr title="−70/281">24.9%</abbr> of its health!)</small><br></div><div class="battle-history"><small>[The opposing Muk's Poison Touch]</small><br><small>Crustle was poisoned!</small><br></div><div class="spacer battle-history"><br></div><div class="battle-history"><small>(Rain continues to fall!)</small><br></div><div class="battle-history"><small>Crustle was hurt by poison!</small><br></div><div class="spacer battle-history"><br></div><h2 class="battle-history">Turn 19</h2><div class="spacer battle-history"><br></div><div class="battle-history">Crustle used <strong>Rock Wrecker</strong>!<br></div><div class="battle-history"><small>(The opposing Muk lost <abbr title="−217/414">52.4%</abbr> of its health!)</small><br></div><div class="spacer battle-history"><br></div><div class="battle-history">The opposing Muk used <strong>Ice Punch</strong>!<br></div><div class="battle-history"><small>(Crustle lost <abbr title="−61/281">21.7%</abbr> of its health!)</small><br></div><div class="spacer battle-history"><br></div><div class="battle-history"><small>(Rain continues to fall!)</small><br></div><div class="battle-history"><small>The opposing Muk restored a little HP using its Leftovers!</small><br></div><div class="battle-history"><small>Crustle was hurt by poison!</small><br></div><div class="spacer battle-history"><br></div><div class="battle-history">Crustle fainted!<br></div><div class="spacer battle-history"><br></div><div class="battle-history">Go! <strong>Volcarona</strong>!<br></div><div class="spacer battle-history"><br></div><h2 class="battle-history">Turn 20</h2><div class="spacer battle-history"><br></div><div class="battle-history">Volcarona used <strong>Quiver Dance</strong>!<br></div><div class="battle-history"><small>Volcarona's Special Attack rose!</small><br></div><div class="battle-history"><small>Volcarona's Special Defense rose!</small><br></div><div class="battle-history"><small>Volcarona's Speed rose!</small><br></div><div class="spacer battle-history"><br></div><div class="battle-history">The opposing Muk used <strong>Pain Split</strong>!<br></div><div class="battle-history"><small>The battlers shared their pain!</small><br></div><div class="spacer battle-history"><br></div><div class="battle-history"><small>The rain stopped.</small><br></div><div class="battle-history"><small>The opposing Muk restored a little HP using its Leftovers!</small><br></div><div class="spacer battle-history"><br></div><h2 class="battle-history">Turn 21</h2><div class="spacer battle-history"><br></div><div class="battle-history">Volcarona used <strong>Bug Buzz</strong>!<br></div><div class="battle-history"><small>(The opposing Muk lost <abbr title="−210/414">50.7%</abbr> of its health!)</small><br></div><div class="spacer battle-history"><br></div><div class="battle-history">The opposing Muk used <strong>Gunk Shot</strong>!<br></div><div class="battle-history"><small>(Volcarona lost <abbr title="−282/374">75.4%</abbr> of its health!)</small><br></div><div class="spacer battle-history"><br></div><div class="battle-history"><small>The opposing Muk restored a little HP using its Leftovers!</small><br></div><div class="spacer battle-history"><br></div><h2 class="battle-history">Turn 22</h2><div class="spacer battle-history"><br></div><div class="battle-history">Volcarona used <strong>Bug Buzz</strong>!<br></div><div class="battle-history"><small>(The opposing Muk lost <abbr title="−138/414">33.3%</abbr> of its health!)</small><br></div><div class="spacer battle-history"><br></div><div class="battle-history">The opposing Muk fainted!<br></div><div class="spacer battle-history"><br></div><div class="battle-history">wicho_45 sent out <strong>Beedrill</strong>!<br></div><div class="battle-history"><small>The opposing Beedrill was caught in a sticky web!</small><br></div><div class="battle-history"><small>The opposing Beedrill's Speed fell!</small><br></div><div class="battle-history"><small>Pointed stones dug into the opposing Beedrill!</small><br></div><div class="spacer battle-history"><br></div><h2 class="battle-history">Turn 23</h2><div class="spacer battle-history"><br></div><div class="battle-history"><small>The opposing Beedrill's Beedrillite is reacting to the Key Stone!</small><br>The opposing Beedrill has Mega Evolved into Mega Beedrill!<br></div><div class="battle-history"><small>Volcarona surrounded itself with its Z-Power!</small><br></div><div class="spacer battle-history"><br></div><div class="battle-history">Volcarona used <strong>Inferno Overdrive</strong>!<br></div><div class="battle-history"><small>It's super effective!</small><br></div><div class="battle-history"><small>(The opposing Beedrill lost <abbr title="−204/271">75.3%</abbr> of its health!)</small><br></div><div class="spacer battle-history"><br></div><div class="battle-history">The opposing Beedrill fainted!<br></div><div class="spacer battle-history"><br></div><div class="battle-history">wicho_45 sent out <strong>Dragalge</strong>!<br></div><div class="battle-history"><small>The opposing Dragalge was caught in a sticky web!</small><br></div><div class="battle-history"><small>The opposing Dragalge's Speed fell!</small><br></div><div class="battle-history"><small>Pointed stones dug into the opposing Dragalge!</small><br></div><div class="spacer battle-history"><br></div><h2 class="battle-history">Turn 24</h2><div class="spacer battle-history"><br></div><div class="battle-history">Volcarona used <strong>Bug Buzz</strong>!<br></div><div class="battle-history"><small>It's not very effective...</small><br></div><div class="battle-history"><small>(The opposing Dragalge lost <abbr title="−78/334">23.4%</abbr> of its health!)</small><br></div><div class="spacer battle-history"><br></div><div class="battle-history">The opposing Dragalge used <strong>Sludge Bomb</strong>!<br></div><div class="battle-history"><small>A critical hit!</small><br></div><div class="battle-history"><small>(Volcarona lost <abbr title="−16/374">4.3%</abbr> of its health!)</small><br></div><div class="spacer battle-history"><br></div><div class="battle-history">Volcarona fainted!<br></div><div class="spacer battle-history"><br></div><div class="battle-history">Go! Wormadam (<strong>Wormadam-Sandy</strong>)!<br></div><div class="spacer battle-history"><br></div><h2 class="battle-history">Turn 25</h2><div class="spacer battle-history"><br></div><div class="battle-history">Wormadam used <strong>Earthquake</strong>!<br></div><div class="battle-history"><small>It's super effective!</small><br></div><div class="battle-history"><small>(The opposing Dragalge lost <abbr title="−215/334">64.4%</abbr> of its health!)</small><br></div><div class="spacer battle-history"><br></div><div class="battle-history">The opposing Dragalge fainted!<br></div><div class="spacer battle-history"><br></div><div class="battle-history"><strong>Araquanid15</strong> won the battle!<br></div><div class="chat chatmessage-araquanid15"><strong style="color:hsl(357,78%,42%)"><small>☆</small><span class="username" data-name="Araquanid15">Araquanid15</span>:</strong> <em>gg</em></div><div class="chat chatmessage-wicho45"><strong style="color:hsl(260,85%,56.36930134107779%)"><small>☆</small><span class="username" data-name="wicho_45">wicho_45</span>:</strong> <em>me tengo que ir chao y gg</em></div><div class="chat chatmessage-araquanid15"><strong style="color:hsl(357,78%,42%)"><small>☆</small><span class="username" data-name="Araquanid15">Araquanid15</span>:</strong> <em>chau</em></div></div><div class="inner-preempt"></div></div></div>
</div>
<script>
let daily = Math.floor(Date.now()/1000/60/60/24);document.write('<script src="https://play.pokemonshowdown.com/js/replay-embed.js?version'+daily+'"></'+'script>');
</script>
