<!DOCTYPE html>
<meta charset="utf-8" />
<!-- version 1 -->
<title>OU replay: No man's hax vs. Sekhmet Hack</title>
<style>
html,body {font-family:Verdana, sans-serif;font-size:10pt;margin:0;padding:0;}body{padding:12px 0;} .battle-log {font-family:Verdana, sans-serif;font-size:10pt;} .battle-log-inline {border:1px solid #AAAAAA;background:#EEF2F5;color:black;max-width:640px;margin:0 auto 80px;padding-bottom:5px;} .battle-log .inner {padding:4px 8px 0px 8px;} .battle-log .inner-preempt {padding:0 8px 4px 8px;} .battle-log .inner-after {margin-top:0.5em;} .battle-log h2 {margin:0.5em -8px;padding:4px 8px;border:1px solid #AAAAAA;background:#E0E7EA;border-left:0;border-right:0;font-family:Verdana, sans-serif;font-size:13pt;} .battle-log .chat {vertical-align:middle;padding:3px 0 3px 0;font-size:8pt;} .battle-log .chat strong {color:#40576A;} .battle-log .chat em {padding:1px 4px 1px 3px;color:#000000;font-style:normal;} .chat.mine {background:rgba(0,0,0,0.05);margin-left:-8px;margin-right:-8px;padding-left:8px;padding-right:8px;} .spoiler {color:#BBBBBB;background:#BBBBBB;padding:0px 3px;} .spoiler:hover, .spoiler:active, .spoiler-shown {color:#000000;background:#E2E2E2;padding:0px 3px;} .spoiler a {color:#BBBBBB;} .spoiler:hover a, .spoiler:active a, .spoiler-shown a {color:#2288CC;} .chat code, .chat .spoiler:hover code, .chat .spoiler:active code, .chat .spoiler-shown code {border:1px solid #C0C0C0;background:#EEEEEE;color:black;padding:0 2px;} .chat .spoiler code {border:1px solid #CCCCCC;background:#CCCCCC;color:#CCCCCC;} .battle-log .rated {padding:3px 4px;} .battle-log .rated strong {color:white;background:#89A;padding:1px 4px;border-radius:4px;} .spacer {margin-top:0.5em;} .message-announce {background:#6688AA;color:white;padding:1px 4px 2px;} .message-announce a, .broadcast-green a, .broadcast-blue a, .broadcast-red a {color:#DDEEFF;} .broadcast-green {background-color:#559955;color:white;padding:2px 4px;} .broadcast-blue {background-color:#6688AA;color:white;padding:2px 4px;} .infobox {border:1px solid #6688AA;padding:2px 4px;} .infobox-limited {max-height:200px;overflow:auto;overflow-x:hidden;} .broadcast-red {background-color:#AA5544;color:white;padding:2px 4px;} .message-learn-canlearn {font-weight:bold;color:#228822;text-decoration:underline;} .message-learn-cannotlearn {font-weight:bold;color:#CC2222;text-decoration:underline;} .message-effect-weak {font-weight:bold;color:#CC2222;} .message-effect-resist {font-weight:bold;color:#6688AA;} .message-effect-immune {font-weight:bold;color:#666666;} .message-learn-list {margin-top:0;margin-bottom:0;} .message-throttle-notice, .message-error {color:#992222;} .message-overflow, .chat small.message-overflow {font-size:0pt;} .message-overflow::before {font-size:9pt;content:'...';} .subtle {color:#3A4A66;}
</style>
<div class="wrapper replay-wrapper" style="max-width:1180px;margin:0 auto">
<input type="hidden" name="replayid" value="destiny-ou-494178" />
<div class="battle"></div><div class="battle-log"></div><div class="replay-controls"></div><div class="replay-controls-2"></div>
<h1 style="font-weight:normal;text-align:center"><strong>OU</strong><br /><a href="http://pokemonshowdown.com/users/nomanshax" class="subtle" target="_blank">No man's hax</a> vs. <a href="http://pokemonshowdown.com/users/sekhmethack" class="subtle" target="_blank">Sekhmet Hack</a></h1>
<script type="text/plain" class="battle-log-data">|player|p1|No man's hax|nomanshax-12.gif?8b5e0f5b
|teamsize|p1|6
|player|p2|Sekhmet Hack|sekhmethack-8.gif?96b657fa
|teamsize|p2|6
|teamsize|p1|6
|teamsize|p2|6
|gametype|singles
|gen|7
|tier|OU
|seed|30020,13639,38299,13282
|rule|Cláusula-Mod de Dormir: solo puedes dormir a uno de tus oponentes a la vez.
|rule|Cláusula de Especie: Hasta un Pokémon de cada especie
|rule|Cláusula de Golpe Fulminante: los movimientos fulminantes (OHKO) estan prohibidos
|rule|Cláusula de Veleta: la habilidad Veleta está prohibida
|rule|Cláusula de Movimientos Evasivos: los movimientos de Evasión están prohibidos.
|rule|Cláusula de Batallas Eternas: forzar batallas eternas está prohibido
|clearpoke
|poke|p1|Serperior, M|item
|poke|p1|Heatran, M|item
|poke|p1|Zapdos|item
|poke|p1|Jirachi|item
|poke|p1|Pinsir, M|item
|poke|p1|Zygarde|item
|poke|p2|Kartana|item
|poke|p2|Tapu Bulu|item
|poke|p2|Heatran, M|item
|poke|p2|Greninja, M|item
|poke|p2|Landorus-Therian, M|item
|poke|p2|Alakazam, F|item
|teampreview|undefined
|c|☆No man's hax|que la hax te acompañe
|c|☆No man's hax|de paso me ayudas a testear tambien
|choice|*team 423156|*
|c|☆Sekhmet Hack|quiero probar como va este team
|choice|*|*team 523416
|choice|team 4, 2, 3, 1, 5, 6|team 5, 2, 3, 4, 1, 6
|
|start
|switch|p1a: Jirachi|Jirachi|403\/403
|switch|p2a: Landorus|Landorus-Therian, M|382\/382
|-ability|p2a: Landorus|Intimidate|boost
|-unboost|p1a: Jirachi|atk|1
|turn|1
|choice|*|*switch 3
|choice|*|*switch 3
|choice|*move 4|*
|choice|move stealthrock|switch 3
|
|switch|p2a: Heatran|Heatran, M|385\/385
|move|p1a: Jirachi|Stealth Rock|p2a: Heatran
|-sidestart|p2: Sekhmet Hack|move: Stealth Rock
|
|upkeep
|turn|2
|choice|*move 3|*
|choice|*|*move 4
|choice|move uturn|move stealthrock
|
|move|p2a: Heatran|Stealth Rock|p1a: Jirachi
|-sidestart|p1: No man's hax|move: Stealth Rock
|move|p1a: Jirachi|U-turn|p2a: Heatran
|-resisted|p2a: Heatran
|-crit|p2a: Heatran
|-damage|p2a: Heatran|364\/385
|choice|*switch 6|*
|choice|switch 6|
|
|switch|p1a: Zygarde|Zygarde|416\/416|[from]move: U-turn
|-damage|p1a: Zygarde|390\/416|[from] Stealth Rock
|-ability|p1a: Zygarde|Aura Break
|
|-heal|p1a: Zygarde|416\/416|[from] item: Leftovers
|-heal|p2a: Heatran|385\/385|[from] item: Leftovers
|upkeep
|turn|3
|choice|*move 4|*
|choice|*|*switch 3
|choice|move substitute|switch 3
|
|switch|p2a: Landorus|Landorus-Therian, M|382\/382
|-damage|p2a: Landorus|335\/382|[from] Stealth Rock
|-ability|p2a: Landorus|Intimidate|boost
|-unboost|p1a: Zygarde|atk|1
|move|p1a: Zygarde|Substitute|p1a: Zygarde
|-start|p1a: Zygarde|Substitute
|-damage|p1a: Zygarde|312\/416
|
|-heal|p1a: Zygarde|338\/416|[from] item: Leftovers
|upkeep
|turn|4
|choice|*|*move 3
|choice|*move 1|*
|choice|move glare|move hiddenpower
|
|move|p1a: Zygarde|Glare|p2a: Landorus
|-status|p2a: Landorus|par
|move|p2a: Landorus|Hidden Power|p1a: Zygarde
|-supereffective|p1a: Zygarde
|-end|p1a: Zygarde|Substitute
|
|-heal|p1a: Zygarde|364\/416|[from] item: Leftovers
|upkeep
|turn|5
|choice|*switch 2|*
|choice|*|*move 3
|choice|switch 2|move hiddenpower
|
|switch|p1a: Heatran|Heatran, M|324\/324
|-damage|p1a: Heatran|284\/324|[from] Stealth Rock
|move|p2a: Landorus|Hidden Power|p1a: Heatran
|-resisted|p1a: Heatran
|-damage|p1a: Heatran|273\/324
|
|upkeep
|turn|6
|choice|*|*move 2
|choice|*move 2 zmove|*
|choice|move magmastorm zmove|move earthquake
|
|-zpower|p1a: Heatran
|move|p1a: Heatran|Inferno Overdrive|p2a: Landorus|[zeffect]
|-damage|p2a: Landorus|0 fnt
|faint|p2a: Landorus
|
|upkeep
|choice|*|*switch 5
|choice||switch 5
|
|switch|p2a: Kartana|Kartana|259\/259
|-damage|p2a: Kartana|243\/259|[from] Stealth Rock
|turn|7
|choice|*move 2|*
|choice|*|*move 3
|choice|move magmastorm|move knockoff
|
|move|p2a: Kartana|Knock Off|p1a: Heatran
|-damage|p1a: Heatran|138\/324
|move|p1a: Heatran|Magma Storm|p2a: Kartana
|-supereffective|p2a: Kartana
|-damage|p2a: Kartana|0 fnt
|faint|p2a: Kartana
|
|upkeep
|choice|*|*switch 6
|choice||switch 6
|
|switch|p2a: Alakazam|Alakazam, F|252\/252
|turn|8
|c|☆Sekhmet Hack|eso me pasa por esperar el cambio
|c|☆No man's hax|a que esa no te la veias venir no?
|choice|*|*move 2 mega
|choice|*switch 6|*
|choice|switch 6|move focusblast mega
|
|switch|p1a: Jirachi|Jirachi|403\/403
|-damage|p1a: Jirachi|378\/403|[from] Stealth Rock
|-mega|p2a: Alakazam|Alakazam|Alakazite
|detailschange|p2a: Alakazam|Alakazam-Mega, F
|-ability|p2a: Alakazam|Serene Grace|[from] ability: Trace|[of] p1a: Jirachi
|move|p2a: Alakazam|Focus Blast|p1a: Jirachi
|-damage|p1a: Jirachi|230\/403
|
|-heal|p1a: Jirachi|255\/403|[from] item: Leftovers
|upkeep
|turn|9
|c|☆Sekhmet Hack|no esperaba al zapdos
|choice|*move 3|*
|choice|*|*move 3
|choice|move uturn|move shadowball
|
|move|p2a: Alakazam|Shadow Ball|p1a: Jirachi
|-supereffective|p1a: Jirachi
|-damage|p1a: Jirachi|73\/403
|-unboost|p1a: Jirachi|spd|1
|move|p1a: Jirachi|U-turn|p2a: Alakazam
|-supereffective|p2a: Alakazam
|-damage|p2a: Alakazam|94\/252
|c|☆No man's hax|si, supuse algo asi
|choice|*switch 5|*
|choice|switch 5|
|
|switch|p1a: Pinsir|Pinsir, M|272\/272|[from]move: U-turn
|-damage|p1a: Pinsir|204\/272|[from] Stealth Rock
|
|upkeep
|turn|10
|choice|*move 4 mega|*
|choice|*|*move 1
|choice|move quickattack mega|move psychic
|
|-mega|p1a: Pinsir|Pinsir|Pinsirite
|detailschange|p1a: Pinsir|Pinsir-Mega, M
|move|p1a: Pinsir|Quick Attack|p2a: Alakazam
|-damage|p2a: Alakazam|0 fnt
|faint|p2a: Alakazam
|
|upkeep
|choice|*|*switch 4
|choice||switch 4
|
|switch|p2a: Greninja|Greninja, M|287\/287
|-damage|p2a: Greninja|252\/287|[from] Stealth Rock
|turn|11
|choice|*|*move 2
|choice|*switch 5|*
|choice|switch 5|move icebeam
|
|switch|p1a: Jirachi|Jirachi|73\/403
|-damage|p1a: Jirachi|48\/403|[from] Stealth Rock
|move|p2a: Greninja|Ice Beam|p1a: Jirachi
|-start|p2a: Greninja|typechange|Ice|[from] Protean
|-resisted|p1a: Jirachi
|-crit|p1a: Jirachi
|-damage|p1a: Jirachi|0 fnt
|faint|p1a: Jirachi
|
|upkeep
|choice|*switch 6|*
|choice|switch 6|
|
|switch|p1a: Heatran|Heatran, M|138\/324
|-damage|p1a: Heatran|98\/324|[from] Stealth Rock
|turn|12
|choice|*move 4|*
|choice|*|*switch 2
|choice|move earthpower|switch 2
|
|switch|p2a: Tapu Bulu|Tapu Bulu|343\/343
|-damage|p2a: Tapu Bulu|301\/343|[from] Stealth Rock
|-fieldstart|move: Grassy Terrain|[from] ability: Grassy Surge|[of] p2a: Tapu Bulu
|move|p1a: Heatran|Earth Power|p2a: Tapu Bulu
|-resisted|p2a: Tapu Bulu
|-damage|p2a: Tapu Bulu|263\/343
|
|-heal|p1a: Heatran|118\/324|[from] Grassy Terrain
|-heal|p2a: Tapu Bulu|284\/343|[from] Grassy Terrain
|upkeep
|turn|13
|choice|*|*switch 3
|choice|*move 4|*
|choice|move earthpower|switch 3
|
|switch|p2a: Heatran|Heatran, M|385\/385
|-damage|p2a: Heatran|337\/385|[from] Stealth Rock
|move|p1a: Heatran|Earth Power|p2a: Heatran
|-supereffective|p2a: Heatran
|-damage|p2a: Heatran|0 fnt
|faint|p2a: Heatran
|
|-heal|p1a: Heatran|138\/324|[from] Grassy Terrain
|upkeep
|choice|*|*switch 2
|choice||switch 2
|
|switch|p2a: Greninja|Greninja, M|252\/287
|-damage|p2a: Greninja|217\/287|[from] Stealth Rock
|turn|14
|choice|*move 4|*
|choice|*|*move 2
|choice|move earthpower|move icebeam
|
|move|p2a: Greninja|Ice Beam|p1a: Heatran
|-start|p2a: Greninja|typechange|Ice|[from] Protean
|-resisted|p1a: Heatran
|-damage|p1a: Heatran|107\/324
|move|p1a: Heatran|Earth Power|p2a: Greninja
|-crit|p2a: Greninja
|-damage|p2a: Greninja|12\/287
|-unboost|p2a: Greninja|spd|1
|
|-heal|p2a: Greninja|29\/287|[from] Grassy Terrain
|-heal|p1a: Heatran|127\/324|[from] Grassy Terrain
|upkeep
|turn|15
|choice|*move 4|*
|choice|*|*move 2
|choice|move earthpower|move icebeam
|
|move|p2a: Greninja|Ice Beam|p1a: Heatran
|-resisted|p1a: Heatran
|-damage|p1a: Heatran|94\/324
|move|p1a: Heatran|Earth Power|p2a: Greninja
|-damage|p2a: Greninja|0 fnt
|faint|p2a: Greninja
|
|-heal|p1a: Heatran|114\/324|[from] Grassy Terrain
|upkeep
|c|☆No man's hax|gg
|choice|*|*switch 3
|choice||switch 3
|
|switch|p2a: Tapu Bulu|Tapu Bulu|284\/343
|-damage|p2a: Tapu Bulu|242\/343|[from] Stealth Rock
|turn|16
|choice|*move 2|*
|c|☆Sekhmet Hack|eso me pasa por predecir de mas
|choice|*|*move 1
|choice|move magmastorm|move woodhammer
|
|move|p1a: Heatran|Magma Storm|p2a: Tapu Bulu|[miss]
|-miss|p1a: Heatran|p2a: Tapu Bulu
|move|p2a: Tapu Bulu|Wood Hammer|p1a: Heatran
|-resisted|p1a: Heatran
|-damage|p1a: Heatran|46\/324
|-damage|p2a: Tapu Bulu|220\/343|[from] recoil
|
|-heal|p1a: Heatran|66\/324|[from] Grassy Terrain
|-heal|p2a: Tapu Bulu|241\/343|[from] Grassy Terrain
|-fieldend|move: Grassy Terrain
|upkeep
|turn|17
|choice|*|*move 2
|c|☆No man's hax|debes pensar un poco mas sobre las circunstancias
|c|☆No man's hax|piensalo, me convenia cambiar al zapdos en verdad?
|choice|*move 2|*
|choice|move magmastorm|move hornleech
|
|move|p1a: Heatran|Magma Storm|p2a: Tapu Bulu
|-supereffective|p2a: Tapu Bulu
|-damage|p2a: Tapu Bulu|5\/343
|-activate|p2a: Tapu Bulu|move: Magma Storm|[of] p1a: Heatran
|move|p2a: Tapu Bulu|Horn Leech|p1a: Heatran
|-resisted|p1a: Heatran
|-damage|p1a: Heatran|34\/324
|-heal|p2a: Tapu Bulu|21\/343|[from] drain|[of] p1a: Heatran
|
|-damage|p2a: Tapu Bulu|0 fnt|[from] move: Magma Storm|[partiallytrapped]
|upkeep
|faint|p2a: Tapu Bulu
|
|win|No man's hax
</script>
</div>
<div class="battle-log battle-log-inline"><div class="inner"><div class="battle-options"></div><div class="inner"><div class=""><small>Format:</small> <br><strong>OU</strong></div><div class=""><small><em>Cláusula-Mod de Dormir:</em> solo puedes dormir a uno de tus oponentes a la vez.</small></div><div class=""><small><em>Cláusula de Especie:</em> Hasta un Pokémon de cada especie</small></div><div class=""><small><em>Cláusula de Golpe Fulminante:</em> los movimientos fulminantes (OHKO) estan prohibidos</small></div><div class=""><small><em>Cláusula de Veleta:</em> la habilidad Veleta está prohibida</small></div><div class=""><small><em>Cláusula de Movimientos Evasivos:</em> los movimientos de Evasión están prohibidos.</small></div><div class=""><small><em>Cláusula de Batallas Eternas:</em> forzar batallas eternas está prohibido</small></div><div class="chat battle-history"><strong>No man's hax's team:</strong> <em style="color:#445566;display:block;">Serperior / Heatran / Zapdos / Jirachi / Pinsir / Zygarde</em></div><div class="chat battle-history"><strong>Sekhmet Hack's team:</strong> <em style="color:#445566;display:block;">Kartana / Tapu Bulu / Heatran / Greninja / Landorus-Therian / Alakazam</em></div><div class="chat chatmessage-nomanshax"><strong style="color:hsl(105,82%,35%)"><small>☆</small><span class="username" data-name="No man's hax">No man's hax</span>:</strong> <em>que la hax te acompañe</em></div><div class="chat chatmessage-nomanshax"><strong style="color:hsl(105,82%,35%)"><small>☆</small><span class="username" data-name="No man's hax">No man's hax</span>:</strong> <em>de paso me ayudas a testear tambien</em></div><div class="chat chatmessage-sekhmethack"><strong style="color:hsl(291,88%,44%)"><small>☆</small><span class="username" data-name="Sekhmet Hack">Sekhmet Hack</span>:</strong> <em>quiero probar como va este team</em></div><div class="spacer battle-history"><br></div><div class="battle-history">Battle started between No man's hax and Sekhmet Hack!<br></div><div class="spacer battle-history"><br></div><div class="battle-history">Go! <strong>Jirachi</strong>!<br></div><div class="spacer battle-history"><br></div><div class="battle-history">Sekhmet Hack sent out Landorus (<strong>Landorus-Therian</strong>)!<br></div><div class="battle-history"><small>[The opposing Landorus's Intimidate]</small><br></div><div class="battle-history"><small>Jirachi's Attack fell!</small><br></div><div class="spacer battle-history"><br></div><h2 class="battle-history">Turn 1</h2><div class="spacer battle-history"><br></div><div class="battle-history">Sekhmet Hack withdrew Landorus!<br></div><div class="battle-history">Sekhmet Hack sent out <strong>Heatran</strong>!<br></div><div class="spacer battle-history"><br></div><div class="battle-history">Jirachi used <strong>Stealth Rock</strong>!<br></div><div class="battle-history"><small>Pointed stones float in the air around the opposing team!</small><br></div><div class="spacer battle-history"><br></div><h2 class="battle-history">Turn 2</h2><div class="spacer battle-history"><br></div><div class="battle-history">The opposing Heatran used <strong>Stealth Rock</strong>!<br></div><div class="battle-history"><small>Pointed stones float in the air around your team!</small><br></div><div class="spacer battle-history"><br></div><div class="battle-history">Jirachi used <strong>U-turn</strong>!<br></div><div class="battle-history"><small>It's not very effective...</small><br></div><div class="battle-history"><small>A critical hit!</small><br></div><div class="battle-history"><small>(The opposing Heatran lost <abbr title="−21/385">5.5%</abbr> of its health!)</small><br></div><div class="spacer battle-history"><br></div><div class="battle-history">Jirachi went back to No man's hax!<br></div><div class="battle-history">Go! <strong>Zygarde</strong>!<br></div><div class="battle-history"><small>Pointed stones dug into Zygarde!</small><br></div><div class="battle-history"><small>[Zygarde's Aura Break]</small><br><small>Zygarde reversed all other Pokémon's auras!</small><br></div><div class="spacer battle-history"><br></div><div class="battle-history"><small>Zygarde restored a little HP using its Leftovers!</small><br></div><div class="battle-history"><small>The opposing Heatran restored a little HP using its Leftovers!</small><br></div><div class="spacer battle-history"><br></div><h2 class="battle-history">Turn 3</h2><div class="spacer battle-history"><br></div><div class="battle-history">Sekhmet Hack withdrew Heatran!<br></div><div class="battle-history">Sekhmet Hack sent out Landorus (<strong>Landorus-Therian</strong>)!<br></div><div class="battle-history"><small>Pointed stones dug into the opposing Landorus!</small><br></div><div class="battle-history"><small>[The opposing Landorus's Intimidate]</small><br></div><div class="battle-history"><small>Zygarde's Attack fell!</small><br></div><div class="spacer battle-history"><br></div><div class="battle-history">Zygarde used <strong>Substitute</strong>!<br></div><div class="battle-history"><small>Zygarde put in a substitute!</small><br></div><div class="battle-history"><small>(Zygarde lost <abbr title="−104/416">25%</abbr> of its health!)</small><br></div><div class="spacer battle-history"><br></div><div class="battle-history"><small>Zygarde restored a little HP using its Leftovers!</small><br></div><div class="spacer battle-history"><br></div><h2 class="battle-history">Turn 4</h2><div class="spacer battle-history"><br></div><div class="battle-history">Zygarde used <strong>Glare</strong>!<br></div><div class="battle-history"><small>The opposing Landorus is paralyzed! It may be unable to move!</small><br></div><div class="spacer battle-history"><br></div><div class="battle-history">The opposing Landorus used <strong>Hidden Power</strong>!<br></div><div class="battle-history"><small>It's super effective!</small><br></div><div class="battle-history"><small>Zygarde's substitute faded!</small><br></div><div class="spacer battle-history"><br></div><div class="battle-history"><small>Zygarde restored a little HP using its Leftovers!</small><br></div><div class="spacer battle-history"><br></div><h2 class="battle-history">Turn 5</h2><div class="spacer battle-history"><br></div><div class="battle-history">Zygarde, come back!<br></div><div class="battle-history">Go! <strong>Heatran</strong>!<br></div><div class="battle-history"><small>Pointed stones dug into Heatran!</small><br></div><div class="spacer battle-history"><br></div><div class="battle-history">The opposing Landorus used <strong>Hidden Power</strong>!<br></div><div class="battle-history"><small>It's not very effective...</small><br></div><div class="battle-history"><small>(Heatran lost <abbr title="−11/324">3.4%</abbr> of its health!)</small><br></div><div class="spacer battle-history"><br></div><h2 class="battle-history">Turn 6</h2><div class="spacer battle-history"><br></div><div class="battle-history"><small>Heatran surrounded itself with its Z-Power!</small><br></div><div class="spacer battle-history"><br></div><div class="battle-history">Heatran used <strong>Inferno Overdrive</strong>!<br></div><div class="battle-history"><small>(The opposing Landorus lost <abbr title="−335/382">87.7%</abbr> of its health!)</small><br></div><div class="spacer battle-history"><br></div><div class="battle-history">The opposing Landorus fainted!<br></div><div class="spacer battle-history"><br></div><div class="battle-history">Sekhmet Hack sent out <strong>Kartana</strong>!<br></div><div class="battle-history"><small>Pointed stones dug into the opposing Kartana!</small><br></div><div class="spacer battle-history"><br></div><h2 class="battle-history">Turn 7</h2><div class="spacer battle-history"><br></div><div class="battle-history">The opposing Kartana used <strong>Knock Off</strong>!<br></div><div class="battle-history"><small>(Heatran lost <abbr title="−135/324">41.7%</abbr> of its health!)</small><br></div><div class="spacer battle-history"><br></div><div class="battle-history">Heatran used <strong>Magma Storm</strong>!<br></div><div class="battle-history"><small>It's super effective!</small><br></div><div class="battle-history"><small>(The opposing Kartana lost <abbr title="−243/259">93.8%</abbr> of its health!)</small><br></div><div class="spacer battle-history"><br></div><div class="battle-history">The opposing Kartana fainted!<br></div><div class="spacer battle-history"><br></div><div class="battle-history">Sekhmet Hack sent out <strong>Alakazam</strong>!<br></div><div class="spacer battle-history"><br></div><h2 class="battle-history">Turn 8</h2><div class="chat chatmessage-sekhmethack"><strong style="color:hsl(291,88%,44%)"><small>☆</small><span class="username" data-name="Sekhmet Hack">Sekhmet Hack</span>:</strong> <em>eso me pasa por esperar el cambio</em></div><div class="chat chatmessage-nomanshax"><strong style="color:hsl(105,82%,35%)"><small>☆</small><span class="username" data-name="No man's hax">No man's hax</span>:</strong> <em>a que esa no te la veias venir no?</em></div><div class="spacer battle-history"><br></div><div class="battle-history">Heatran, come back!<br></div><div class="battle-history">Go! <strong>Jirachi</strong>!<br></div><div class="battle-history"><small>Pointed stones dug into Jirachi!</small><br></div><div class="spacer battle-history"><br></div><div class="battle-history"><small>The opposing Alakazam's Alakazite is reacting to the Key Stone!</small><br>The opposing Alakazam has Mega Evolved into Mega Alakazam!<br></div><div class="battle-history"><small>[The opposing Alakazam's Trace]</small><br><small>[The opposing Alakazam's Serene Grace]</small><br><small>The opposing Alakazam traced Jirachi's Serene Grace!</small><br></div><div class="spacer battle-history"><br></div><div class="battle-history">The opposing Alakazam used <strong>Focus Blast</strong>!<br></div><div class="battle-history"><small>(Jirachi lost <abbr title="−148/403">36.7%</abbr> of its health!)</small><br></div><div class="spacer battle-history"><br></div><div class="battle-history"><small>Jirachi restored a little HP using its Leftovers!</small><br></div><div class="spacer battle-history"><br></div><h2 class="battle-history">Turn 9</h2><div class="chat chatmessage-sekhmethack"><strong style="color:hsl(291,88%,44%)"><small>☆</small><span class="username" data-name="Sekhmet Hack">Sekhmet Hack</span>:</strong> <em>no esperaba al zapdos</em></div><div class="spacer battle-history"><br></div><div class="battle-history">The opposing Alakazam used <strong>Shadow Ball</strong>!<br></div><div class="battle-history"><small>It's super effective!</small><br></div><div class="battle-history"><small>(Jirachi lost <abbr title="−182/403">45.2%</abbr> of its health!)</small><br></div><div class="battle-history"><small>Jirachi's Special Defense fell!</small><br></div><div class="spacer battle-history"><br></div><div class="battle-history">Jirachi used <strong>U-turn</strong>!<br></div><div class="battle-history"><small>It's super effective!</small><br></div><div class="battle-history"><small>(The opposing Alakazam lost <abbr title="−158/252">62.7%</abbr> of its health!)</small><br></div><div class="chat chatmessage-nomanshax"><strong style="color:hsl(105,82%,35%)"><small>☆</small><span class="username" data-name="No man's hax">No man's hax</span>:</strong> <em>si, supuse algo asi</em></div><div class="spacer battle-history"><br></div><div class="battle-history">Jirachi went back to No man's hax!<br></div><div class="battle-history">Go! <strong>Pinsir</strong>!<br></div><div class="battle-history"><small>Pointed stones dug into Pinsir!</small><br></div><div class="spacer battle-history"><br></div><h2 class="battle-history">Turn 10</h2><div class="spacer battle-history"><br></div><div class="battle-history"><small>Pinsir's Pinsirite is reacting to the Key Stone!</small><br>Pinsir has Mega Evolved into Mega Pinsir!<br></div><div class="spacer battle-history"><br></div><div class="battle-history">Pinsir used <strong>Quick Attack</strong>!<br></div><div class="battle-history"><small>(The opposing Alakazam lost <abbr title="−94/252">37.3%</abbr> of its health!)</small><br></div><div class="spacer battle-history"><br></div><div class="battle-history">The opposing Alakazam fainted!<br></div><div class="spacer battle-history"><br></div><div class="battle-history">Sekhmet Hack sent out <strong>Greninja</strong>!<br></div><div class="battle-history"><small>Pointed stones dug into the opposing Greninja!</small><br></div><div class="spacer battle-history"><br></div><h2 class="battle-history">Turn 11</h2><div class="spacer battle-history"><br></div><div class="battle-history">Pinsir, come back!<br></div><div class="battle-history">Go! <strong>Jirachi</strong>!<br></div><div class="battle-history"><small>Pointed stones dug into Jirachi!</small><br></div><div class="spacer battle-history"><br></div><div class="battle-history">The opposing Greninja used <strong>Ice Beam</strong>!<br></div><div class="spacer battle-history"><br></div><div class="battle-history"><small>[The opposing Greninja's Protean]</small><br><small>The opposing Greninja transformed into the Ice type!</small><br></div><div class="battle-history"><small>It's not very effective...</small><br></div><div class="battle-history"><small>A critical hit!</small><br></div><div class="battle-history"><small>(Jirachi lost <abbr title="−48/403">11.9%</abbr> of its health!)</small><br></div><div class="spacer battle-history"><br></div><div class="battle-history">Jirachi fainted!<br></div><div class="spacer battle-history"><br></div><div class="battle-history">Go! <strong>Heatran</strong>!<br></div><div class="battle-history"><small>Pointed stones dug into Heatran!</small><br></div><div class="spacer battle-history"><br></div><h2 class="battle-history">Turn 12</h2><div class="spacer battle-history"><br></div><div class="battle-history">Sekhmet Hack withdrew Greninja!<br></div><div class="battle-history">Sekhmet Hack sent out <strong>Tapu Bulu</strong>!<br></div><div class="battle-history"><small>Pointed stones dug into the opposing Tapu Bulu!</small><br></div><div class="battle-history"><small>[The opposing Tapu Bulu's Grassy Surge]</small><br><small>Grass grew to cover the battlefield!</small><br></div><div class="spacer battle-history"><br></div><div class="battle-history">Heatran used <strong>Earth Power</strong>!<br></div><div class="battle-history"><small>It's not very effective...</small><br></div><div class="battle-history"><small>(The opposing Tapu Bulu lost <abbr title="−38/343">11.1%</abbr> of its health!)</small><br></div><div class="spacer battle-history"><br></div><div class="battle-history"><small>Heatran restored HP using its Grassy Terrain!</small><br></div><div class="battle-history"><small>The opposing Tapu Bulu restored HP using its Grassy Terrain!</small><br></div><div class="spacer battle-history"><br></div><h2 class="battle-history">Turn 13</h2><div class="spacer battle-history"><br></div><div class="battle-history">Sekhmet Hack withdrew Tapu Bulu!<br></div><div class="battle-history">Sekhmet Hack sent out <strong>Heatran</strong>!<br></div><div class="battle-history"><small>Pointed stones dug into the opposing Heatran!</small><br></div><div class="spacer battle-history"><br></div><div class="battle-history">Heatran used <strong>Earth Power</strong>!<br></div><div class="battle-history"><small>It's super effective!</small><br></div><div class="battle-history"><small>(The opposing Heatran lost <abbr title="−337/385">87.5%</abbr> of its health!)</small><br></div><div class="spacer battle-history"><br></div><div class="battle-history">The opposing Heatran fainted!<br></div><div class="spacer battle-history"><br></div><div class="battle-history"><small>Heatran restored HP using its Grassy Terrain!</small><br></div><div class="spacer battle-history"><br></div><div class="battle-history">Sekhmet Hack sent out <strong>Greninja</strong>!<br></div><div class="battle-history"><small>Pointed stones dug into the opposing Greninja!</small><br></div><div class="spacer battle-history"><br></div><h2 class="battle-history">Turn 14</h2><div class="spacer battle-history"><br></div><div class="battle-history">The opposing Greninja used <strong>Ice Beam</strong>!<br></div><div class="spacer battle-history"><br></div><div class="battle-history"><small>[The opposing Greninja's Protean]</small><br><small>The opposing Greninja transformed into the Ice type!</small><br></div><div class="battle-history"><small>It's not very effective...</small><br></div><div class="battle-history"><small>(Heatran lost <abbr title="−31/324">9.6%</abbr> of its health!)</small><br></div><div class="spacer battle-history"><br></div><div class="battle-history">Heatran used <strong>Earth Power</strong>!<br></div><div class="battle-history"><small>A critical hit!</small><br></div><div class="battle-history"><small>(The opposing Greninja lost <abbr title="−205/287">71.4%</abbr> of its health!)</small><br></div><div class="battle-history"><small>The opposing Greninja's Special Defense fell!</small><br></div><div class="spacer battle-history"><br></div><div class="battle-history"><small>The opposing Greninja restored HP using its Grassy Terrain!</small><br></div><div class="battle-history"><small>Heatran restored HP using its Grassy Terrain!</small><br></div><div class="spacer battle-history"><br></div><h2 class="battle-history">Turn 15</h2><div class="spacer battle-history"><br></div><div class="battle-history">The opposing Greninja used <strong>Ice Beam</strong>!<br></div><div class="battle-history"><small>It's not very effective...</small><br></div><div class="battle-history"><small>(Heatran lost <abbr title="−33/324">10.2%</abbr> of its health!)</small><br></div><div class="spacer battle-history"><br></div><div class="battle-history">Heatran used <strong>Earth Power</strong>!<br></div><div class="battle-history"><small>(The opposing Greninja lost <abbr title="−29/287">10.1%</abbr> of its health!)</small><br></div><div class="spacer battle-history"><br></div><div class="battle-history">The opposing Greninja fainted!<br></div><div class="spacer battle-history"><br></div><div class="battle-history"><small>Heatran restored HP using its Grassy Terrain!</small><br></div><div class="chat chatmessage-nomanshax"><strong style="color:hsl(105,82%,35%)"><small>☆</small><span class="username" data-name="No man's hax">No man's hax</span>:</strong> <em>gg</em></div><div class="spacer battle-history"><br></div><div class="battle-history">Sekhmet Hack sent out <strong>Tapu Bulu</strong>!<br></div><div class="battle-history"><small>Pointed stones dug into the opposing Tapu Bulu!</small><br></div><div class="spacer battle-history"><br></div><h2 class="battle-history">Turn 16</h2><div class="chat chatmessage-sekhmethack"><strong style="color:hsl(291,88%,44%)"><small>☆</small><span class="username" data-name="Sekhmet Hack">Sekhmet Hack</span>:</strong> <em>eso me pasa por predecir de mas</em></div><div class="spacer battle-history"><br></div><div class="battle-history">Heatran used <strong>Magma Storm</strong>!<br></div><div class="battle-history"><small>The opposing Tapu Bulu avoided the attack!</small><br></div><div class="spacer battle-history"><br></div><div class="battle-history">The opposing Tapu Bulu used <strong>Wood Hammer</strong>!<br></div><div class="battle-history"><small>It's not very effective...</small><br></div><div class="battle-history"><small>(Heatran lost <abbr title="−68/324">21.0%</abbr> of its health!)</small><br></div><div class="battle-history"><small>The opposing Tapu Bulu is damaged by the recoil!</small><br></div><div class="spacer battle-history"><br></div><div class="battle-history"><small>Heatran restored HP using its Grassy Terrain!</small><br></div><div class="battle-history"><small>The opposing Tapu Bulu restored HP using its Grassy Terrain!</small><br></div><div class="battle-history"><small>The grass disappeared from the battlefield.</small><br></div><div class="spacer battle-history"><br></div><h2 class="battle-history">Turn 17</h2><div class="chat chatmessage-nomanshax"><strong style="color:hsl(105,82%,35%)"><small>☆</small><span class="username" data-name="No man's hax">No man's hax</span>:</strong> <em>debes pensar un poco mas sobre las circunstancias</em></div><div class="chat chatmessage-nomanshax"><strong style="color:hsl(105,82%,35%)"><small>☆</small><span class="username" data-name="No man's hax">No man's hax</span>:</strong> <em>piensalo, me convenia cambiar al zapdos en verdad?</em></div><div class="spacer battle-history"><br></div><div class="battle-history">Heatran used <strong>Magma Storm</strong>!<br></div><div class="battle-history"><small>It's super effective!</small><br></div><div class="battle-history"><small>(The opposing Tapu Bulu lost <abbr title="−236/343">68.8%</abbr> of its health!)</small><br></div><div class="battle-history"><small>The opposing Tapu Bulu became trapped by swirling magma!</small><br></div><div class="spacer battle-history"><br></div><div class="battle-history">The opposing Tapu Bulu used <strong>Horn Leech</strong>!<br></div><div class="battle-history"><small>It's not very effective...</small><br></div><div class="battle-history"><small>(Heatran lost <abbr title="−32/324">9.9%</abbr> of its health!)</small><br></div><div class="battle-history"><small>Heatran had its energy drained!</small><br></div><div class="spacer battle-history"><br></div><div class="battle-history"><small>The opposing Tapu Bulu is hurt by Magma Storm!</small><br></div><div class="spacer battle-history"><br></div><div class="battle-history">The opposing Tapu Bulu fainted!<br></div><div class="spacer battle-history"><br></div><div class="battle-history"><strong>No man's hax</strong> won the battle!<br></div></div><div class="inner-preempt"></div></div></div>
</div>
<script>
let daily = Math.floor(Date.now()/1000/60/60/24);document.write('<script src="https://play.pokemonshowdown.com/js/replay-embed.js?version'+daily+'"></'+'script>');
</script>
