<!DOCTYPE html>
<meta charset="utf-8" />
<!-- version 1 -->
<title>OU replay: ♥Hаtsυnе~Mіkυ♥ vs. LuiSoTTe</title>
<style>
html,body {font-family:Verdana, sans-serif;font-size:10pt;margin:0;padding:0;}body{padding:12px 0;} .battle-log {font-family:Verdana, sans-serif;font-size:10pt;} .battle-log-inline {border:1px solid #AAAAAA;background:#EEF2F5;color:black;max-width:640px;margin:0 auto 80px;padding-bottom:5px;} .battle-log .inner {padding:4px 8px 0px 8px;} .battle-log .inner-preempt {padding:0 8px 4px 8px;} .battle-log .inner-after {margin-top:0.5em;} .battle-log h2 {margin:0.5em -8px;padding:4px 8px;border:1px solid #AAAAAA;background:#E0E7EA;border-left:0;border-right:0;font-family:Verdana, sans-serif;font-size:13pt;} .battle-log .chat {vertical-align:middle;padding:3px 0 3px 0;font-size:8pt;} .battle-log .chat strong {color:#40576A;} .battle-log .chat em {padding:1px 4px 1px 3px;color:#000000;font-style:normal;} .chat.mine {background:rgba(0,0,0,0.05);margin-left:-8px;margin-right:-8px;padding-left:8px;padding-right:8px;} .spoiler {color:#BBBBBB;background:#BBBBBB;padding:0px 3px;} .spoiler:hover, .spoiler:active, .spoiler-shown {color:#000000;background:#E2E2E2;padding:0px 3px;} .spoiler a {color:#BBBBBB;} .spoiler:hover a, .spoiler:active a, .spoiler-shown a {color:#2288CC;} .chat code, .chat .spoiler:hover code, .chat .spoiler:active code, .chat .spoiler-shown code {border:1px solid #C0C0C0;background:#EEEEEE;color:black;padding:0 2px;} .chat .spoiler code {border:1px solid #CCCCCC;background:#CCCCCC;color:#CCCCCC;} .battle-log .rated {padding:3px 4px;} .battle-log .rated strong {color:white;background:#89A;padding:1px 4px;border-radius:4px;} .spacer {margin-top:0.5em;} .message-announce {background:#6688AA;color:white;padding:1px 4px 2px;} .message-announce a, .broadcast-green a, .broadcast-blue a, .broadcast-red a {color:#DDEEFF;} .broadcast-green {background-color:#559955;color:white;padding:2px 4px;} .broadcast-blue {background-color:#6688AA;color:white;padding:2px 4px;} .infobox {border:1px solid #6688AA;padding:2px 4px;} .infobox-limited {max-height:200px;overflow:auto;overflow-x:hidden;} .broadcast-red {background-color:#AA5544;color:white;padding:2px 4px;} .message-learn-canlearn {font-weight:bold;color:#228822;text-decoration:underline;} .message-learn-cannotlearn {font-weight:bold;color:#CC2222;text-decoration:underline;} .message-effect-weak {font-weight:bold;color:#CC2222;} .message-effect-resist {font-weight:bold;color:#6688AA;} .message-effect-immune {font-weight:bold;color:#666666;} .message-learn-list {margin-top:0;margin-bottom:0;} .message-throttle-notice, .message-error {color:#992222;} .message-overflow, .chat small.message-overflow {font-size:0pt;} .message-overflow::before {font-size:9pt;content:'...';} .subtle {color:#3A4A66;}
</style>
<div class="wrapper replay-wrapper" style="max-width:1180px;margin:0 auto">
<input type="hidden" name="replayid" value="destiny-ou-459572" />
<div class="battle"></div><div class="battle-log"></div><div class="replay-controls"></div><div class="replay-controls-2"></div>
<h1 style="font-weight:normal;text-align:center"><strong>OU</strong><br /><a href="http://pokemonshowdown.com/users/htsnmk" class="subtle" target="_blank">♥Hаtsυnе~Mіkυ♥</a> vs. <a href="http://pokemonshowdown.com/users/luisotte" class="subtle" target="_blank">LuiSoTTe</a></h1>
<script type="text/plain" class="battle-log-data">|unlink|||tour
|player|p1|♥Hаtsυnе~Mіkυ♥|htsnmk.gif?6910e77d
|teamsize|p1|6
|player|p2|LuiSoTTe|luisotte-5.gif?a71acdec
|teamsize|p2|6
|teamsize|p1|6
|teamsize|p2|6
|gametype|singles
|gen|7
|tier|OU
|seed|13768,59919,22592,45570
|rule|Cláusula-Mod de Dormir: solo puedes dormir a uno de tus oponentes a la vez.
|rule|Cláusula de Especie: Hasta un Pokémon de cada especie
|rule|Cláusula de Golpe Fulminante: los movimientos fulminantes (OHKO) estan prohibidos
|rule|Cláusula de Veleta: la habilidad Veleta está prohibida
|rule|Cláusula de Movimientos Evasivos: los movimientos de Evasión están prohibidos.
|rule|Cláusula de Batallas Eternas: forzar batallas eternas está prohibido
|clearpoke
|poke|p1|Pinsir, M|item
|poke|p1|Landorus-Therian, M|item
|poke|p1|Heatran, M|item
|poke|p1|Keldeo-Resolute|item
|poke|p1|Tapu Koko|item
|poke|p1|Zygarde|item
|poke|p2|Shuckle, F|item
|poke|p2|Bisharp, F|item
|poke|p2|Togekiss, F|item
|poke|p2|Zygarde|item
|poke|p2|Manaphy|item
|poke|p2|Kommo-o, M|item
|teampreview|undefined
|choice|*team 423156|*
|player|p2|
|inactive|Reloj de batalla ENCENDIDO. El jugador inactivo será descalificado (solicitado por ♥Hаtsυnе~Mіkυ♥).
|inactive|LuiSoTTe tiene 285 segundos restantes.
|inactive|LuiSoTTe tiene 270 segundos restantes.
|inactive|LuiSoTTe tiene 255 segundos restantes.
|inactive|LuiSoTTe tiene 240 segundos restantes.
|inactive|LuiSoTTe tiene 225 segundos restantes.
|inactive|LuiSoTTe tiene 210 segundos restantes.
|inactive|LuiSoTTe tiene 195 segundos restantes.
|inactive|LuiSoTTe tiene 180 segundos restantes.
|inactive|LuiSoTTe tiene 165 segundos restantes.
|inactive|LuiSoTTe tiene 150 segundos restantes.
|inactive|LuiSoTTe se reconectó y tiene 140 segundos restantes.
|player|p2|LuiSoTTe|luisotte-5.gif?a71acdec
|inactive|LuiSoTTe tiene 135 segundos restantes.
|choice|*|*team 123456
|choice|team 4, 2, 3, 1, 5, 6|team 1, 2, 3, 4, 5, 6
|
|start
|switch|p1a: Keldeo|Keldeo-Resolute|323\/323
|switch|p2a: Shuckle|Shuckle, F|243\/243
|turn|1
|choice|*move 3|*
|choice|*|*move 2
|choice|move taunt|move stickyweb
|
|move|p1a: Keldeo|Taunt|p2a: Shuckle
|-start|p2a: Shuckle|move: Taunt
|-enditem|p2a: Shuckle|Mental Herb
|-end|p2a: Shuckle|move: Taunt
|move|p2a: Shuckle|Sticky Web|p1a: Keldeo
|-sidestart|p1: ♥Hаtsυnе~Mіkυ♥|move: Sticky Web
|
|upkeep
|turn|2
|choice|*|*move 4
|choice|*move 1|*
|choice|move hydropump|move finalgambit
|
|move|p1a: Keldeo|Hydro Pump|p2a: Shuckle
|-supereffective|p2a: Shuckle
|-damage|p2a: Shuckle|103\/243
|move|p2a: Shuckle|Final Gambit|p1a: Keldeo
|-damage|p1a: Keldeo|220\/323
|faint|p2a: Shuckle
|
|upkeep
|inactive|LuiSoTTe tiene 180 segundos restantes.
|choice|*|*switch 3
|choice||switch 3
|
|switch|p2a: Togekiss|Togekiss, F|312\/312
|turn|3
|choice|*switch 2|*
|choice|*|*move 1
|choice|switch 2|move nastyplot
|
|switch|p1a: Landorus|Landorus-Therian, M|339\/339
|-ability|p1a: Landorus|Intimidate|boost
|-unboost|p2a: Togekiss|atk|1
|move|p2a: Togekiss|Nasty Plot|p2a: Togekiss
|-boost|p2a: Togekiss|spa|2
|
|upkeep
|turn|4
|choice|*move 4|*
|choice|*|*move 3 zmove
|choice|move defog|move airslash zmove
|
|move|p1a: Landorus|Defog|p2a: Togekiss
|-unboost|p2a: Togekiss|evasion|1
|-sideend|p1: ♥Hаtsυnе~Mіkυ♥|Sticky Web|[from] move: Defog|[of] p1a: Landorus
|-zpower|p2a: Togekiss
|move|p2a: Togekiss|Supersonic Skystrike|p1a: Landorus|[zeffect]
|-damage|p1a: Landorus|0 fnt
|faint|p1a: Landorus
|
|upkeep
|choice|*switch 5|*
|choice|switch 5|
|
|switch|p1a: Tapu Koko|Tapu Koko|307\/307
|-fieldstart|move: Electric Terrain|[from] ability: Electric Surge|[of] p1a: Tapu Koko
|turn|5
|choice|*move 1|*
|choice|*|*switch 4
|choice|move thunderbolt|switch 4
|
|switch|p2a: Zygarde|Zygarde|357\/357
|-ability|p2a: Zygarde|Aura Break
|move|p1a: Tapu Koko|Thunderbolt|p2a: Zygarde
|-immune|p2a: Zygarde|[msg]
|
|upkeep
|turn|6
|choice|*|*move 1
|choice|*move 3|*
|choice|move hiddenpower|move dragondance
|
|move|p1a: Tapu Koko|Hidden Power|p2a: Zygarde
|-supereffective|p2a: Zygarde
|-damage|p2a: Zygarde|141\/357
|move|p2a: Zygarde|Dragon Dance|p2a: Zygarde
|-boost|p2a: Zygarde|atk|1
|-boost|p2a: Zygarde|spe|1
|
|upkeep
|turn|7
|choice|*move 3|*
|choice|*|*move 2
|choice|move hiddenpower|move thousandarrows
|
|move|p2a: Zygarde|Thousand Arrows|p1a: Tapu Koko
|-supereffective|p1a: Tapu Koko
|-enditem|p1a: Tapu Koko|Shuca Berry|[eat]
|-enditem|p1a: Tapu Koko|Shuca Berry|[weaken]
|-damage|p1a: Tapu Koko|67\/307
|move|p1a: Tapu Koko|Hidden Power|p2a: Zygarde
|-supereffective|p2a: Zygarde
|-damage|p2a: Zygarde|0 fnt
|faint|p2a: Zygarde
|
|upkeep
|inactive|LuiSoTTe tiene 270 segundos restantes.
|choice|*|*switch 2
|choice||switch 2
|
|switch|p2a: Bisharp|Bisharp, F|271\/271
|turn|8
|choice|*move 4|*
|choice|*|*move 2
|choice|move roost|move suckerpunch
|
|move|p2a: Bisharp|Sucker Punch|p1a: Tapu Koko|[still]
|-fail|p2a: Bisharp
|move|p1a: Tapu Koko|Roost|p1a: Tapu Koko
|-heal|p1a: Tapu Koko|221\/307
|
|upkeep
|turn|9
|choice|*move 2|*
|choice|*|*move 1
|choice|move voltswitch|move ironhead
|
|move|p1a: Tapu Koko|Volt Switch|p2a: Bisharp
|-damage|p2a: Bisharp|90\/271
|choice|*switch 2|*
|choice|switch 2|
|
|switch|p1a: Keldeo|Keldeo-Resolute|220\/323|[from]move: Volt Switch
|move|p2a: Bisharp|Iron Head|p1a: Keldeo
|-resisted|p1a: Keldeo
|-damage|p1a: Keldeo|149\/323
|
|-fieldend|move: Electric Terrain
|upkeep
|turn|10
|choice|*|*move 3
|choice|*move 1|*
|choice|move hydropump|move knockoff
|
|move|p1a: Keldeo|Hydro Pump|p2a: Bisharp
|-damage|p2a: Bisharp|0 fnt
|faint|p2a: Bisharp
|
|upkeep
|choice|*|*switch 6
|choice||switch 6
|
|switch|p2a: Kommo-o|Kommo-o, M|292\/292
|turn|11
|choice|*|*move 1
|inactive|♥Hаtsυnе~Mіkυ♥ tiene 285 segundos restantes.
|choice|*move 2|*
|choice|move secretsword|move bellydrum
|
|move|p1a: Keldeo|Secret Sword|p2a: Kommo-o
|-damage|p2a: Kommo-o|165\/292
|move|p2a: Kommo-o|Belly Drum|p2a: Kommo-o
|-damage|p2a: Kommo-o|19\/292
|-setboost|p2a: Kommo-o|atk|6|[from] move: Belly Drum
|-enditem|p2a: Kommo-o|Salac Berry|[eat]
|-boost|p2a: Kommo-o|spe|1
|
|upkeep
|turn|12
|choice|*|*move 3
|choice|*move 2|*
|choice|move secretsword|move drainpunch
|
|move|p2a: Kommo-o|Drain Punch|p1a: Keldeo
|-damage|p1a: Keldeo|0 fnt
|-heal|p2a: Kommo-o|94\/292|[from] drain|[of] p1a: Keldeo
|faint|p1a: Keldeo
|
|upkeep
|choice|*switch 6|*
|choice|switch 6|
|
|switch|p1a: Zygarde|Zygarde|358\/358
|-ability|p1a: Zygarde|Aura Break
|turn|13
|choice|*|*move 3
|choice|*move 2|*
|choice|move extremespeed|move drainpunch
|
|move|p1a: Zygarde|Extreme Speed|p2a: Kommo-o
|-damage|p2a: Kommo-o|0 fnt
|faint|p2a: Kommo-o
|
|upkeep
|choice|*|*switch 5
|choice||switch 5
|
|switch|p2a: Manaphy|Manaphy|341\/341
|turn|14
|choice|*|*move 4
|choice|*switch 2|*
|choice|switch 2|move icebeam
|
|switch|p1a: Tapu Koko|Tapu Koko|221\/307
|-fieldstart|move: Electric Terrain|[from] ability: Electric Surge|[of] p1a: Tapu Koko
|move|p2a: Manaphy|Ice Beam|p1a: Tapu Koko
|-damage|p1a: Tapu Koko|112\/307
|
|upkeep
|turn|15
|-message|LuiSoTTe se rindió.
|
|win|♥Hаtsυnе~Mіkυ♥
</script>
</div>
<div class="battle-log battle-log-inline"><div class="inner"><div class="battle-options"></div><div class="inner"><div class=""><small>Format:</small> <br><strong>OU</strong></div><div class=""><small><em>Cláusula-Mod de Dormir:</em> solo puedes dormir a uno de tus oponentes a la vez.</small></div><div class=""><small><em>Cláusula de Especie:</em> Hasta un Pokémon de cada especie</small></div><div class=""><small><em>Cláusula de Golpe Fulminante:</em> los movimientos fulminantes (OHKO) estan prohibidos</small></div><div class=""><small><em>Cláusula de Veleta:</em> la habilidad Veleta está prohibida</small></div><div class=""><small><em>Cláusula de Movimientos Evasivos:</em> los movimientos de Evasión están prohibidos.</small></div><div class=""><small><em>Cláusula de Batallas Eternas:</em> forzar batallas eternas está prohibido</small></div><div class="chat battle-history"><strong>♥Hаtsυnе~Mіkυ♥'s team:</strong> <em style="color:#445566;display:block;">Pinsir / Landorus-Therian / Heatran / Keldeo-Resolute / Tapu Koko / Zygarde</em></div><div class="chat battle-history"><strong>LuiSoTTe's team:</strong> <em style="color:#445566;display:block;">Shuckle / Bisharp / Togekiss / Zygarde / Manaphy / Kommo-o</em></div><div class="chat message-error">Reloj de batalla ENCENDIDO. El jugador inactivo será descalificado (solicitado por ♥Hаtsυnе~Mіkυ♥).</div><div class="chat message-error">LuiSoTTe tiene 285 segundos restantes.</div><div class="chat message-error">LuiSoTTe tiene 270 segundos restantes.</div><div class="chat message-error">LuiSoTTe tiene 255 segundos restantes.</div><div class="chat message-error">LuiSoTTe tiene 240 segundos restantes.</div><div class="chat message-error">LuiSoTTe tiene 225 segundos restantes.</div><div class="chat message-error">LuiSoTTe tiene 210 segundos restantes.</div><div class="chat message-error">LuiSoTTe tiene 195 segundos restantes.</div><div class="chat message-error">LuiSoTTe tiene 180 segundos restantes.</div><div class="chat message-error">LuiSoTTe tiene 165 segundos restantes.</div><div class="chat message-error">LuiSoTTe tiene 150 segundos restantes.</div><div class="chat message-error">LuiSoTTe se reconectó y tiene 140 segundos restantes.</div><div class="chat message-error">LuiSoTTe tiene 135 segundos restantes.</div><div class="spacer battle-history"><br></div><div class="battle-history">Battle started between ♥Hаtsυnе~Mіkυ♥ and LuiSoTTe!<br></div><div class="spacer battle-history"><br></div><div class="battle-history">Go! Keldeo (<strong>Keldeo-Resolute</strong>)!<br></div><div class="spacer battle-history"><br></div><div class="battle-history">LuiSoTTe sent out <strong>Shuckle</strong>!<br></div><div class="spacer battle-history"><br></div><h2 class="battle-history">Turn 1</h2><div class="spacer battle-history"><br></div><div class="battle-history">Keldeo used <strong>Taunt</strong>!<br></div><div class="battle-history"><small>The opposing Shuckle fell for the taunt!</small><br></div><div class="battle-history"><small>(The opposing Shuckle used its Mental Herb!)</small><br></div><div class="battle-history"><small>The opposing Shuckle's taunt wore off!</small><br></div><div class="spacer battle-history"><br></div><div class="battle-history">The opposing Shuckle used <strong>Sticky Web</strong>!<br></div><div class="battle-history"><small>A sticky web spreads out on the ground around your team!</small><br></div><div class="spacer battle-history"><br></div><h2 class="battle-history">Turn 2</h2><div class="spacer battle-history"><br></div><div class="battle-history">Keldeo used <strong>Hydro Pump</strong>!<br></div><div class="battle-history"><small>It's super effective!</small><br></div><div class="battle-history"><small>(The opposing Shuckle lost <abbr title="−140/243">57.6%</abbr> of its health!)</small><br></div><div class="spacer battle-history"><br></div><div class="battle-history">The opposing Shuckle used <strong>Final Gambit</strong>!<br></div><div class="battle-history"><small>(Keldeo lost <abbr title="−103/323">31.9%</abbr> of its health!)</small><br></div><div class="spacer battle-history"><br></div><div class="battle-history">The opposing Shuckle fainted!<br></div><div class="chat message-error">LuiSoTTe tiene 180 segundos restantes.</div><div class="spacer battle-history"><br></div><div class="battle-history">LuiSoTTe sent out <strong>Togekiss</strong>!<br></div><div class="spacer battle-history"><br></div><h2 class="battle-history">Turn 3</h2><div class="spacer battle-history"><br></div><div class="battle-history">Keldeo, come back!<br></div><div class="battle-history">Go! Landorus (<strong>Landorus-Therian</strong>)!<br></div><div class="battle-history"><small>[Landorus's Intimidate]</small><br></div><div class="battle-history"><small>The opposing Togekiss's Attack fell!</small><br></div><div class="spacer battle-history"><br></div><div class="battle-history">The opposing Togekiss used <strong>Nasty Plot</strong>!<br></div><div class="battle-history"><small>The opposing Togekiss's Special Attack rose sharply!</small><br></div><div class="spacer battle-history"><br></div><h2 class="battle-history">Turn 4</h2><div class="spacer battle-history"><br></div><div class="battle-history">Landorus used <strong>Defog</strong>!<br></div><div class="battle-history"><small>The opposing Togekiss's evasiveness fell!</small><br></div><div class="battle-history"><small>The sticky web has disappeared from the ground around your team!</small><br></div><div class="battle-history"><small>The opposing Togekiss surrounded itself with its Z-Power!</small><br></div><div class="spacer battle-history"><br></div><div class="battle-history">The opposing Togekiss used <strong>Supersonic Skystrike</strong>!<br></div><div class="battle-history"><small>(Landorus lost <abbr title="−339/339">100%</abbr> of its health!)</small><br></div><div class="spacer battle-history"><br></div><div class="battle-history">Landorus fainted!<br></div><div class="spacer battle-history"><br></div><div class="battle-history">Go! <strong>Tapu Koko</strong>!<br></div><div class="battle-history"><small>[Tapu Koko's Electric Surge]</small><br><small>An electric current runs across the battlefield!</small><br></div><div class="spacer battle-history"><br></div><h2 class="battle-history">Turn 5</h2><div class="spacer battle-history"><br></div><div class="battle-history">LuiSoTTe withdrew Togekiss!<br></div><div class="battle-history">LuiSoTTe sent out <strong>Zygarde</strong>!<br></div><div class="battle-history"><small>[The opposing Zygarde's Aura Break]</small><br><small>The opposing Zygarde reversed all other Pokémon's auras!</small><br></div><div class="spacer battle-history"><br></div><div class="battle-history">Tapu Koko used <strong>Thunderbolt</strong>!<br></div><div class="battle-history"><small>It doesn't affect the opposing Zygarde...</small><br></div><div class="spacer battle-history"><br></div><h2 class="battle-history">Turn 6</h2><div class="spacer battle-history"><br></div><div class="battle-history">Tapu Koko used <strong>Hidden Power</strong>!<br></div><div class="battle-history"><small>It's super effective!</small><br></div><div class="battle-history"><small>(The opposing Zygarde lost <abbr title="−216/357">60.5%</abbr> of its health!)</small><br></div><div class="spacer battle-history"><br></div><div class="battle-history">The opposing Zygarde used <strong>Dragon Dance</strong>!<br></div><div class="battle-history"><small>The opposing Zygarde's Attack rose!</small><br></div><div class="battle-history"><small>The opposing Zygarde's Speed rose!</small><br></div><div class="spacer battle-history"><br></div><h2 class="battle-history">Turn 7</h2><div class="spacer battle-history"><br></div><div class="battle-history">The opposing Zygarde used <strong>Thousand Arrows</strong>!<br></div><div class="battle-history"><small>It's super effective!</small><br></div><div class="battle-history"><small>Tapu Koko ate its Shuca Berry!</small><br></div><div class="battle-history"><small>The Shuca Berry weakened the damage to Tapu Koko!</small><br></div><div class="battle-history"><small>(Tapu Koko lost <abbr title="−240/307">78.2%</abbr> of its health!)</small><br></div><div class="spacer battle-history"><br></div><div class="battle-history">Tapu Koko used <strong>Hidden Power</strong>!<br></div><div class="battle-history"><small>It's super effective!</small><br></div><div class="battle-history"><small>(The opposing Zygarde lost <abbr title="−141/357">39.5%</abbr> of its health!)</small><br></div><div class="spacer battle-history"><br></div><div class="battle-history">The opposing Zygarde fainted!<br></div><div class="chat message-error">LuiSoTTe tiene 270 segundos restantes.</div><div class="spacer battle-history"><br></div><div class="battle-history">LuiSoTTe sent out <strong>Bisharp</strong>!<br></div><div class="spacer battle-history"><br></div><h2 class="battle-history">Turn 8</h2><div class="spacer battle-history"><br></div><div class="battle-history">The opposing Bisharp used <strong>Sucker Punch</strong>!<br></div><div class="battle-history"><small>But it failed!</small><br></div><div class="spacer battle-history"><br></div><div class="battle-history">Tapu Koko used <strong>Roost</strong>!<br></div><div class="battle-history"><small>Tapu Koko restored its HP.</small><br></div><div class="spacer battle-history"><br></div><h2 class="battle-history">Turn 9</h2><div class="spacer battle-history"><br></div><div class="battle-history">Tapu Koko used <strong>Volt Switch</strong>!<br></div><div class="battle-history"><small>(The opposing Bisharp lost <abbr title="−181/271">66.8%</abbr> of its health!)</small><br></div><div class="spacer battle-history"><br></div><div class="battle-history">Tapu Koko went back to ♥Hаtsυnе~Mіkυ♥!<br></div><div class="battle-history">Go! Keldeo (<strong>Keldeo-Resolute</strong>)!<br></div><div class="spacer battle-history"><br></div><div class="battle-history">The opposing Bisharp used <strong>Iron Head</strong>!<br></div><div class="battle-history"><small>It's not very effective...</small><br></div><div class="battle-history"><small>(Keldeo lost <abbr title="−71/323">22.0%</abbr> of its health!)</small><br></div><div class="spacer battle-history"><br></div><div class="battle-history"><small>The electricity disappeared from the battlefield.</small><br></div><div class="spacer battle-history"><br></div><h2 class="battle-history">Turn 10</h2><div class="spacer battle-history"><br></div><div class="battle-history">Keldeo used <strong>Hydro Pump</strong>!<br></div><div class="battle-history"><small>(The opposing Bisharp lost <abbr title="−90/271">33.2%</abbr> of its health!)</small><br></div><div class="spacer battle-history"><br></div><div class="battle-history">The opposing Bisharp fainted!<br></div><div class="spacer battle-history"><br></div><div class="battle-history">LuiSoTTe sent out <strong>Kommo-o</strong>!<br></div><div class="spacer battle-history"><br></div><h2 class="battle-history">Turn 11</h2><div class="chat message-error">♥Hаtsυnе~Mіkυ♥ tiene 285 segundos restantes.</div><div class="spacer battle-history"><br></div><div class="battle-history">Keldeo used <strong>Secret Sword</strong>!<br></div><div class="battle-history"><small>(The opposing Kommo-o lost <abbr title="−127/292">43.5%</abbr> of its health!)</small><br></div><div class="spacer battle-history"><br></div><div class="battle-history">The opposing Kommo-o used <strong>Belly Drum</strong>!<br></div><div class="battle-history"><small>(The opposing Kommo-o lost <abbr title="−146/292">50%</abbr> of its health!)</small><br></div><div class="battle-history"><small>The opposing Kommo-o cut its own HP and maximized its Attack!</small><br></div><div class="battle-history"><small>The opposing Kommo-o ate its Salac Berry!</small><br></div><div class="battle-history"><small>The opposing Kommo-o's Speed rose!</small><br></div><div class="spacer battle-history"><br></div><h2 class="battle-history">Turn 12</h2><div class="spacer battle-history"><br></div><div class="battle-history">The opposing Kommo-o used <strong>Drain Punch</strong>!<br></div><div class="battle-history"><small>(Keldeo lost <abbr title="−149/323">46.1%</abbr> of its health!)</small><br></div><div class="battle-history"><small>Keldeo had its energy drained!</small><br></div><div class="spacer battle-history"><br></div><div class="battle-history">Keldeo fainted!<br></div><div class="spacer battle-history"><br></div><div class="battle-history">Go! <strong>Zygarde</strong>!<br></div><div class="battle-history"><small>[Zygarde's Aura Break]</small><br><small>Zygarde reversed all other Pokémon's auras!</small><br></div><div class="spacer battle-history"><br></div><h2 class="battle-history">Turn 13</h2><div class="spacer battle-history"><br></div><div class="battle-history">Zygarde used <strong>Extreme Speed</strong>!<br></div><div class="battle-history"><small>(The opposing Kommo-o lost <abbr title="−94/292">32.2%</abbr> of its health!)</small><br></div><div class="spacer battle-history"><br></div><div class="battle-history">The opposing Kommo-o fainted!<br></div><div class="spacer battle-history"><br></div><div class="battle-history">LuiSoTTe sent out <strong>Manaphy</strong>!<br></div><div class="spacer battle-history"><br></div><h2 class="battle-history">Turn 14</h2><div class="spacer battle-history"><br></div><div class="battle-history">Zygarde, come back!<br></div><div class="battle-history">Go! <strong>Tapu Koko</strong>!<br></div><div class="battle-history"><small>[Tapu Koko's Electric Surge]</small><br><small>An electric current runs across the battlefield!</small><br></div><div class="spacer battle-history"><br></div><div class="battle-history">The opposing Manaphy used <strong>Ice Beam</strong>!<br></div><div class="battle-history"><small>(Tapu Koko lost <abbr title="−109/307">35.5%</abbr> of its health!)</small><br></div><div class="spacer battle-history"><br></div><h2 class="battle-history">Turn 15</h2><div class="spacer battle-history"><br></div><div class="battle-history"><small>LuiSoTTe se rindió.</small><br></div><div class="spacer battle-history"><br></div><div class="battle-history"><strong>♥Hаtsυnе~Mіkυ♥</strong> won the battle!<br></div></div><div class="inner-preempt"></div></div></div>
</div>
<script>
let daily = Math.floor(Date.now()/1000/60/60/24);document.write('<script src="https://play.pokemonshowdown.com/js/replay-embed.js?version'+daily+'"></'+'script>');
</script>
