<!DOCTYPE html>
<meta charset="utf-8" />
<!-- version 1 -->
<title>OU replay: Flamita vs. No man's hax</title>
<style>
html,body {font-family:Verdana, sans-serif;font-size:10pt;margin:0;padding:0;}body{padding:12px 0;} .battle-log {font-family:Verdana, sans-serif;font-size:10pt;} .battle-log-inline {border:1px solid #AAAAAA;background:#EEF2F5;color:black;max-width:640px;margin:0 auto 80px;padding-bottom:5px;} .battle-log .inner {padding:4px 8px 0px 8px;} .battle-log .inner-preempt {padding:0 8px 4px 8px;} .battle-log .inner-after {margin-top:0.5em;} .battle-log h2 {margin:0.5em -8px;padding:4px 8px;border:1px solid #AAAAAA;background:#E0E7EA;border-left:0;border-right:0;font-family:Verdana, sans-serif;font-size:13pt;} .battle-log .chat {vertical-align:middle;padding:3px 0 3px 0;font-size:8pt;} .battle-log .chat strong {color:#40576A;} .battle-log .chat em {padding:1px 4px 1px 3px;color:#000000;font-style:normal;} .chat.mine {background:rgba(0,0,0,0.05);margin-left:-8px;margin-right:-8px;padding-left:8px;padding-right:8px;} .spoiler {color:#BBBBBB;background:#BBBBBB;padding:0px 3px;} .spoiler:hover, .spoiler:active, .spoiler-shown {color:#000000;background:#E2E2E2;padding:0px 3px;} .spoiler a {color:#BBBBBB;} .spoiler:hover a, .spoiler:active a, .spoiler-shown a {color:#2288CC;} .chat code, .chat .spoiler:hover code, .chat .spoiler:active code, .chat .spoiler-shown code {border:1px solid #C0C0C0;background:#EEEEEE;color:black;padding:0 2px;} .chat .spoiler code {border:1px solid #CCCCCC;background:#CCCCCC;color:#CCCCCC;} .battle-log .rated {padding:3px 4px;} .battle-log .rated strong {color:white;background:#89A;padding:1px 4px;border-radius:4px;} .spacer {margin-top:0.5em;} .message-announce {background:#6688AA;color:white;padding:1px 4px 2px;} .message-announce a, .broadcast-green a, .broadcast-blue a, .broadcast-red a {color:#DDEEFF;} .broadcast-green {background-color:#559955;color:white;padding:2px 4px;} .broadcast-blue {background-color:#6688AA;color:white;padding:2px 4px;} .infobox {border:1px solid #6688AA;padding:2px 4px;} .infobox-limited {max-height:200px;overflow:auto;overflow-x:hidden;} .broadcast-red {background-color:#AA5544;color:white;padding:2px 4px;} .message-learn-canlearn {font-weight:bold;color:#228822;text-decoration:underline;} .message-learn-cannotlearn {font-weight:bold;color:#CC2222;text-decoration:underline;} .message-effect-weak {font-weight:bold;color:#CC2222;} .message-effect-resist {font-weight:bold;color:#6688AA;} .message-effect-immune {font-weight:bold;color:#666666;} .message-learn-list {margin-top:0;margin-bottom:0;} .message-throttle-notice, .message-error {color:#992222;} .message-overflow, .chat small.message-overflow {font-size:0pt;} .message-overflow::before {font-size:9pt;content:'...';} .subtle {color:#3A4A66;}
</style>
<div class="wrapper replay-wrapper" style="max-width:1180px;margin:0 auto">
<input type="hidden" name="replayid" value="destiny-ou-421347" />
<div class="battle"></div><div class="battle-log"></div><div class="replay-controls"></div><div class="replay-controls-2"></div>
<h1 style="font-weight:normal;text-align:center"><strong>OU</strong><br /><a href="http://pokemonshowdown.com/users/flamita" class="subtle" target="_blank">Flamita</a> vs. <a href="http://pokemonshowdown.com/users/nomanshax" class="subtle" target="_blank">No man's hax</a></h1>
<script type="text/plain" class="battle-log-data">|unlink|||tour
|player|p1|Flamita|flamita-22.gif?20d5f8c8
|teamsize|p1|6
|player|p2|No man's hax|nomanshax.gif?6616c18d
|teamsize|p2|6
|teamsize|p1|6
|teamsize|p2|6
|gametype|singles
|gen|7
|tier|OU
|seed|59583,64650,64826,3395
|rule|Cláusula-Mod de Dormir: solo puedes dormir a uno de tus oponentes a la vez.
|rule|Cláusula de Especie: Hasta un Pokémon de cada especie
|rule|Cláusula de Golpe Fulminante: los movimientos fulminantes (OHKO) estan prohibidos
|rule|Cláusula de Veleta: la habilidad Veleta está prohibida
|rule|Cláusula de Movimientos Evasivos: los movimientos de Evasión están prohibidos.
|rule|Cláusula de Batallas Eternas: forzar batallas eternas está prohibido
|clearpoke
|poke|p1|Tapu Bulu|item
|poke|p1|Landorus-Therian, M|item
|poke|p1|Alakazam, F|item
|poke|p1|Weavile, F|item
|poke|p1|Heatran, M|item
|poke|p1|Zapdos|item
|poke|p2|Blacephalon, shiny|item
|poke|p2|Zygarde|item
|poke|p2|Chansey, F|item
|poke|p2|Zapdos|item
|poke|p2|Gyarados, F|item
|poke|p2|Tapu Bulu|item
|teampreview|undefined
|choice|*|*team 213456
|choice|*|*team 523416
|choice|*team 423156|*
|choice|team 4, 2, 3, 1, 5, 6|team 5, 2, 3, 4, 1, 6
|
|start
|switch|p1a: Weavile|Weavile, F|281\/281
|switch|p2a: Gyarados|Gyarados, F|332\/332
|-ability|p1a: Weavile|Pressure
|-ability|p2a: Gyarados|Intimidate|boost
|-unboost|p1a: Weavile|atk|1
|turn|1
|c|☆No man's hax|que la hax te acompañe
|choice|*switch 6|*
|choice|*|*switch 5
|choice|switch 6|switch 5
|
|switch|p1a: Zapdos|Zapdos|383\/383
|switch|p2a: Blacephalon|Blacephalon, shiny|306\/306
|
|upkeep
|turn|2
|choice|*|*move 4
|choice|*switch 5|*
|choice|switch 5|move calmmind
|
|switch|p1a: Heatran|Heatran, M|323\/323
|move|p2a: Blacephalon|Calm Mind|p2a: Blacephalon
|-boost|p2a: Blacephalon|spa|1
|-boost|p2a: Blacephalon|spd|1
|
|upkeep
|turn|3
|c|+Camila Cruz♥|qui li hix ti icimpiñi
|choice|*switch 6|*
|c|+Camila Cruz♥|
|choice|*switch 6|*
|choice|*|*move 1 zmove
|choice|switch 6|move shadowball zmove
|
|switch|p1a: Weavile|Weavile, F|281\/281
|-ability|p1a: Weavile|Pressure
|-zpower|p2a: Blacephalon
|move|p2a: Blacephalon|Never-Ending Nightmare|p1a: Weavile|[zeffect]
|-resisted|p1a: Weavile
|-damage|p1a: Weavile|35\/281
|
|upkeep
|turn|4
|choice|*move 4|*
|choice|*|*switch 3
|choice|move pursuit|switch 3
|
|-activate|p2a: Blacephalon|move: Pursuit
|move|p1a: Weavile|Pursuit|p2a: Blacephalon|[from]Pursuit
|-supereffective|p2a: Blacephalon
|-damage|p2a: Blacephalon|0 fnt
|faint|p2a: Blacephalon
|
|upkeep
|choice|*|*switch 3
|choice||switch 3
|
|switch|p2a: Chansey|Chansey, F|704\/704
|turn|5
|choice|*|*move 1
|choice|*switch 6|*
|choice|switch 6|move stealthrock
|
|switch|p1a: Heatran|Heatran, M|323\/323
|move|p2a: Chansey|Stealth Rock|p1a: Heatran
|-sidestart|p1: Flamita|move: Stealth Rock
|
|upkeep
|turn|6
|choice|*move 4|*
|choice|*|*switch 5
|choice|move stealthrock|switch 5
|
|switch|p2a: Gyarados|Gyarados, F|332\/332
|-ability|p2a: Gyarados|Intimidate|boost
|-unboost|p1a: Heatran|atk|1
|move|p1a: Heatran|Stealth Rock|p2a: Gyarados
|-sidestart|p2: No man's hax|move: Stealth Rock
|
|upkeep
|turn|7
|choice|*|*move 1
|choice|*|*move 3
|choice|*switch 4|*
|choice|switch 4|move aquatail
|
|switch|p1a: Tapu Bulu|Tapu Bulu|343\/343
|-damage|p1a: Tapu Bulu|301\/343|[from] Stealth Rock
|-fieldstart|move: Grassy Terrain|[from] ability: Grassy Surge|[of] p1a: Tapu Bulu
|move|p2a: Gyarados|Aqua Tail|p1a: Tapu Bulu
|-resisted|p1a: Tapu Bulu
|-damage|p1a: Tapu Bulu|233\/343
|
|-heal|p1a: Tapu Bulu|254\/343|[from] Grassy Terrain
|upkeep
|turn|8
|choice|*move 1|*
|choice|*|*switch 6
|choice|move hornleech|switch 6
|
|switch|p2a: Tapu Bulu|Tapu Bulu|281\/281
|-damage|p2a: Tapu Bulu|246\/281|[from] Stealth Rock
|move|p1a: Tapu Bulu|Horn Leech|p2a: Tapu Bulu
|-resisted|p2a: Tapu Bulu
|-damage|p2a: Tapu Bulu|168\/281
|-heal|p1a: Tapu Bulu|293\/343|[from] drain|[of] p2a: Tapu Bulu
|
|-heal|p1a: Tapu Bulu|314\/343|[from] Grassy Terrain
|-heal|p2a: Tapu Bulu|185\/281|[from] Grassy Terrain
|upkeep
|turn|9
|choice|*|*move 4
|choice|*switch 4|*
|choice|switch 4|move naturesmadness
|
|switch|p1a: Heatran|Heatran, M|323\/323
|-damage|p1a: Heatran|283\/323|[from] Stealth Rock
|move|p2a: Tapu Bulu|Nature's Madness|p1a: Heatran
|-damage|p1a: Heatran|142\/323
|
|-heal|p1a: Heatran|162\/323|[from] Grassy Terrain
|-heal|p2a: Tapu Bulu|202\/281|[from] Grassy Terrain
|upkeep
|turn|10
|choice|*move 2|*
|c|☆No man's hax|verga wey, apenas me doy cuenta que no tiene naturalezas
|choice|*move 1 zmove|*
|choice|*|*move 2
|choice|move flashcannon zmove|move superpower
|
|-zpower|p1a: Heatran
|move|p1a: Heatran|Corkscrew Crash|p2a: Tapu Bulu|[zeffect]
|-supereffective|p2a: Tapu Bulu
|-damage|p2a: Tapu Bulu|0 fnt
|faint|p2a: Tapu Bulu
|
|-heal|p1a: Heatran|182\/323|[from] Grassy Terrain
|upkeep
|choice|*|*switch 2
|choice||switch 2
|
|switch|p2a: Zygarde|Zygarde|397\/397
|-damage|p2a: Zygarde|373\/397|[from] Stealth Rock
|-ability|p2a: Zygarde|Aura Break
|turn|11
|choice|*|*move 1
|c|☆No man's hax|evs*
|choice|*move 1|*
|choice|move flashcannon|move dragondance
|
|move|p1a: Heatran|Flash Cannon|p2a: Zygarde
|-damage|p2a: Zygarde|226\/397
|move|p2a: Zygarde|Dragon Dance|p2a: Zygarde
|-boost|p2a: Zygarde|atk|1
|-boost|p2a: Zygarde|spe|1
|
|-heal|p2a: Zygarde|250\/397|[from] Grassy Terrain
|-heal|p1a: Heatran|202\/323|[from] Grassy Terrain
|-fieldend|move: Grassy Terrain
|upkeep
|turn|12
|choice|*switch 2|*
|c|☆No man's hax|mira hasta lo digo mal y toda la mamada XD
|choice|*|*move 2
|choice|*move 1|*
|choice|move flashcannon|move coil
|
|move|p2a: Zygarde|Coil|p2a: Zygarde
|-boost|p2a: Zygarde|atk|1
|-boost|p2a: Zygarde|def|1
|-boost|p2a: Zygarde|accuracy|1
|move|p1a: Heatran|Flash Cannon|p2a: Zygarde
|-damage|p2a: Zygarde|91\/397
|-enditem|p2a: Zygarde|Iapapa Berry|[eat]
|-heal|p2a: Zygarde|289\/397|[from] item: Iapapa Berry
|
|upkeep
|turn|13
|choice|*switch 6|*
|choice|*|*move 3
|choice|*move 1|*
|choice|move flashcannon|move thousandarrows
|
|move|p2a: Zygarde|Thousand Arrows|p1a: Heatran
|-supereffective|p1a: Heatran
|-damage|p1a: Heatran|0 fnt
|faint|p1a: Heatran
|
|upkeep
|choice|*switch 2|*
|choice|switch 2|
|
|switch|p1a: Landorus|Landorus-Therian, M|319\/319
|-damage|p1a: Landorus|280\/319|[from] Stealth Rock
|-ability|p1a: Landorus|Intimidate|boost
|-unboost|p2a: Zygarde|atk|1
|turn|14
|choice|*|*move 3
|choice|*move 3|*
|choice|move hiddenpower|move thousandarrows
|
|move|p1a: Landorus|Hidden Power|p2a: Zygarde
|-supereffective|p2a: Zygarde
|-damage|p2a: Zygarde|113\/397
|move|p2a: Zygarde|Thousand Arrows|p1a: Landorus
|-damage|p1a: Landorus|48\/319
|-start|p1a: Landorus|Smack Down
|
|upkeep
|turn|15
|choice|*|*move 4
|choice|*move 3|*
|choice|move hiddenpower|move extremespeed
|
|move|p2a: Zygarde|Extreme Speed|p1a: Landorus
|-damage|p1a: Landorus|0 fnt
|faint|p1a: Landorus
|
|upkeep
|choice|*switch 4|*
|choice|switch 4|
|
|switch|p1a: Tapu Bulu|Tapu Bulu|314\/343
|-damage|p1a: Tapu Bulu|272\/343|[from] Stealth Rock
|-fieldstart|move: Grassy Terrain|[from] ability: Grassy Surge|[of] p1a: Tapu Bulu
|turn|16
|choice|*|*move 4
|choice|*move 2|*
|choice|move woodhammer|move extremespeed
|
|move|p2a: Zygarde|Extreme Speed|p1a: Tapu Bulu
|-damage|p1a: Tapu Bulu|165\/343
|move|p1a: Tapu Bulu|Wood Hammer|p2a: Zygarde
|-damage|p2a: Zygarde|0 fnt
|-damage|p1a: Tapu Bulu|128\/343|[from] recoil
|faint|p2a: Zygarde
|
|-heal|p1a: Tapu Bulu|149\/343|[from] Grassy Terrain
|upkeep
|choice|*|*switch 4
|choice||switch 4
|
|switch|p2a: Zapdos|Zapdos|383\/383
|-damage|p2a: Zapdos|288\/383|[from] Stealth Rock
|turn|17
|choice|*|*move 3
|choice|*switch 6|*
|choice|switch 6|move hiddenpower
|
|switch|p1a: Weavile|Weavile, F|35\/281
|-damage|p1a: Weavile|0 fnt|[from] Stealth Rock
|faint|p1a: Weavile
|move|p2a: Zapdos|Hidden Power|p1: Weavile|[notarget]
|-notarget
|
|-heal|p2a: Zapdos|311\/383|[from] item: Leftovers
|upkeep
|choice|*switch 3|*
|choice|switch 3|
|
|switch|p1a: Alakazam|Alakazam, F|251\/251
|turn|18
|choice|*|*switch 5
|choice|*move 1 mega|*
|choice|move psychic mega|switch 5
|
|switch|p2a: Chansey|Chansey, F|704\/704
|-damage|p2a: Chansey|616\/704|[from] Stealth Rock
|-mega|p1a: Alakazam|Alakazam|Alakazite
|detailschange|p1a: Alakazam|Alakazam-Mega, F
|-ability|p1a: Alakazam|Natural Cure|[from] ability: Trace|[of] p2a: Chansey
|move|p1a: Alakazam|Psychic|p2a: Chansey
|-damage|p2a: Chansey|507\/704
|
|-heal|p2a: Chansey|551\/704|[from] Grassy Terrain
|upkeep
|turn|19
|choice|*|*move 2
|choice|*switch 6|*
|choice|switch 6|move toxic
|
|switch|p1a: Tapu Bulu|Tapu Bulu|149\/343
|-damage|p1a: Tapu Bulu|107\/343|[from] Stealth Rock
|move|p2a: Chansey|Toxic|p1a: Tapu Bulu
|-status|p1a: Tapu Bulu|tox
|
|-heal|p1a: Tapu Bulu|128\/343 tox|[from] Grassy Terrain
|-heal|p2a: Chansey|595\/704|[from] Grassy Terrain
|-damage|p1a: Tapu Bulu|107\/343 tox|[from] psn
|upkeep
|turn|20
|choice|*move 4|*
|choice|*|*switch 5
|choice|move naturesmadness|switch 5
|
|switch|p2a: Zapdos|Zapdos|311\/383
|-damage|p2a: Zapdos|216\/383|[from] Stealth Rock
|move|p1a: Tapu Bulu|Nature's Madness|p2a: Zapdos
|-damage|p2a: Zapdos|108\/383
|
|-heal|p2a: Zapdos|131\/383|[from] item: Leftovers
|-heal|p1a: Tapu Bulu|128\/343 tox|[from] Grassy Terrain
|-fieldend|move: Grassy Terrain
|-damage|p1a: Tapu Bulu|86\/343 tox|[from] psn
|upkeep
|turn|21
|choice|*|*move 2
|choice|*move 2|*
|choice|move woodhammer|move roost
|
|move|p2a: Zapdos|Roost|p2a: Zapdos
|-heal|p2a: Zapdos|323\/383
|move|p1a: Tapu Bulu|Wood Hammer|p2a: Zapdos
|-damage|p2a: Zapdos|167\/383
|-damage|p1a: Tapu Bulu|35\/343 tox|[from] recoil
|
|-heal|p2a: Zapdos|190\/383|[from] item: Leftovers
|-damage|p1a: Tapu Bulu|0 fnt|[from] psn
|upkeep
|faint|p1a: Tapu Bulu
|-message|Flamita se rindió.
|
|win|No man's hax
|c|☆No man's hax|gg
</script>
</div>
<div class="battle-log battle-log-inline"><div class="inner"><div class="battle-options"></div><div class="inner"><div class=""><small>Format:</small> <br><strong>OU</strong></div><div class=""><small><em>Cláusula-Mod de Dormir:</em> solo puedes dormir a uno de tus oponentes a la vez.</small></div><div class=""><small><em>Cláusula de Especie:</em> Hasta un Pokémon de cada especie</small></div><div class=""><small><em>Cláusula de Golpe Fulminante:</em> los movimientos fulminantes (OHKO) estan prohibidos</small></div><div class=""><small><em>Cláusula de Veleta:</em> la habilidad Veleta está prohibida</small></div><div class=""><small><em>Cláusula de Movimientos Evasivos:</em> los movimientos de Evasión están prohibidos.</small></div><div class=""><small><em>Cláusula de Batallas Eternas:</em> forzar batallas eternas está prohibido</small></div><div class="chat battle-history"><strong>Flamita's team:</strong> <em style="color:#445566;display:block;">Tapu Bulu / Landorus-Therian / Alakazam / Weavile / Heatran / Zapdos</em></div><div class="chat battle-history"><strong>No man's hax's team:</strong> <em style="color:#445566;display:block;">Blacephalon / Zygarde / Chansey / Zapdos / Gyarados / Tapu Bulu</em></div><div class="spacer battle-history"><br></div><div class="battle-history">Battle started between Flamita and No man's hax!<br></div><div class="spacer battle-history"><br></div><div class="battle-history">Go! <strong>Weavile</strong>!<br></div><div class="spacer battle-history"><br></div><div class="battle-history">No man's hax sent out <strong>Gyarados</strong>!<br></div><div class="battle-history"><small>[Weavile's Pressure]</small><br><small>Weavile is exerting its pressure!</small><br></div><div class="battle-history"><small>[The opposing Gyarados's Intimidate]</small><br></div><div class="battle-history"><small>Weavile's Attack fell!</small><br></div><div class="spacer battle-history"><br></div><h2 class="battle-history">Turn 1</h2><div class="chat chatmessage-nomanshax"><strong style="color:hsl(105,82%,35%)"><small>☆</small><span class="username" data-name="No man's hax">No man's hax</span>:</strong> <em>que la hax te acompañe</em></div><div class="spacer battle-history"><br></div><div class="battle-history">Weavile, come back!<br></div><div class="battle-history">Go! <strong>Zapdos</strong>!<br></div><div class="spacer battle-history"><br></div><div class="battle-history">No man's hax withdrew Gyarados!<br></div><div class="battle-history">No man's hax sent out <strong>Blacephalon</strong>!<br></div><div class="spacer battle-history"><br></div><h2 class="battle-history">Turn 2</h2><div class="spacer battle-history"><br></div><div class="battle-history">Zapdos, come back!<br></div><div class="battle-history">Go! <strong>Heatran</strong>!<br></div><div class="spacer battle-history"><br></div><div class="battle-history">The opposing Blacephalon used <strong>Calm Mind</strong>!<br></div><div class="battle-history"><small>The opposing Blacephalon's Special Attack rose!</small><br></div><div class="battle-history"><small>The opposing Blacephalon's Special Defense rose!</small><br></div><div class="spacer battle-history"><br></div><h2 class="battle-history">Turn 3</h2><div class="chat chatmessage-camilacruz"><strong style="color:hsl(107,48%,44.819126939248115%)"><small>+</small><span class="username" data-name="Camila Cruz♥">Camila Cruz♥</span>:</strong> <em>qui li hix ti icimpiñi</em></div><div class="chat chatmessage-camilacruz"><strong style="color:hsl(107,48%,44.819126939248115%)"><small>+</small><span class="username" data-name="Camila Cruz♥">Camila Cruz♥</span>:</strong> <em></em></div><div class="spacer battle-history"><br></div><div class="battle-history">Heatran, come back!<br></div><div class="battle-history">Go! <strong>Weavile</strong>!<br></div><div class="battle-history"><small>[Weavile's Pressure]</small><br><small>Weavile is exerting its pressure!</small><br></div><div class="battle-history"><small>The opposing Blacephalon surrounded itself with its Z-Power!</small><br></div><div class="spacer battle-history"><br></div><div class="battle-history">The opposing Blacephalon used <strong>Never-Ending Nightmare</strong>!<br></div><div class="battle-history"><small>It's not very effective...</small><br></div><div class="battle-history"><small>(Weavile lost <abbr title="−246/281">87.5%</abbr> of its health!)</small><br></div><div class="spacer battle-history"><br></div><h2 class="battle-history">Turn 4</h2><div class="spacer battle-history"><br></div><div class="battle-history"><small>(The opposing Blacephalon is being withdrawn...)</small><br></div><div class="spacer battle-history"><br></div><div class="battle-history">Weavile used <strong>Pursuit</strong>!<br></div><div class="battle-history"><small>It's super effective!</small><br></div><div class="battle-history"><small>(The opposing Blacephalon lost <abbr title="−306/306">100%</abbr> of its health!)</small><br></div><div class="spacer battle-history"><br></div><div class="battle-history">The opposing Blacephalon fainted!<br></div><div class="spacer battle-history"><br></div><div class="battle-history">No man's hax sent out <strong>Chansey</strong>!<br></div><div class="spacer battle-history"><br></div><h2 class="battle-history">Turn 5</h2><div class="spacer battle-history"><br></div><div class="battle-history">Weavile, come back!<br></div><div class="battle-history">Go! <strong>Heatran</strong>!<br></div><div class="spacer battle-history"><br></div><div class="battle-history">The opposing Chansey used <strong>Stealth Rock</strong>!<br></div><div class="battle-history"><small>Pointed stones float in the air around your team!</small><br></div><div class="spacer battle-history"><br></div><h2 class="battle-history">Turn 6</h2><div class="spacer battle-history"><br></div><div class="battle-history">No man's hax withdrew Chansey!<br></div><div class="battle-history">No man's hax sent out <strong>Gyarados</strong>!<br></div><div class="battle-history"><small>[The opposing Gyarados's Intimidate]</small><br></div><div class="battle-history"><small>Heatran's Attack fell!</small><br></div><div class="spacer battle-history"><br></div><div class="battle-history">Heatran used <strong>Stealth Rock</strong>!<br></div><div class="battle-history"><small>Pointed stones float in the air around the opposing team!</small><br></div><div class="spacer battle-history"><br></div><h2 class="battle-history">Turn 7</h2><div class="spacer battle-history"><br></div><div class="battle-history">Heatran, come back!<br></div><div class="battle-history">Go! <strong>Tapu Bulu</strong>!<br></div><div class="battle-history"><small>Pointed stones dug into Tapu Bulu!</small><br></div><div class="battle-history"><small>[Tapu Bulu's Grassy Surge]</small><br><small>Grass grew to cover the battlefield!</small><br></div><div class="spacer battle-history"><br></div><div class="battle-history">The opposing Gyarados used <strong>Aqua Tail</strong>!<br></div><div class="battle-history"><small>It's not very effective...</small><br></div><div class="battle-history"><small>(Tapu Bulu lost <abbr title="−68/343">19.8%</abbr> of its health!)</small><br></div><div class="spacer battle-history"><br></div><div class="battle-history"><small>Tapu Bulu restored HP using its Grassy Terrain!</small><br></div><div class="spacer battle-history"><br></div><h2 class="battle-history">Turn 8</h2><div class="spacer battle-history"><br></div><div class="battle-history">No man's hax withdrew Gyarados!<br></div><div class="battle-history">No man's hax sent out <strong>Tapu Bulu</strong>!<br></div><div class="battle-history"><small>Pointed stones dug into the opposing Tapu Bulu!</small><br></div><div class="spacer battle-history"><br></div><div class="battle-history">Tapu Bulu used <strong>Horn Leech</strong>!<br></div><div class="battle-history"><small>It's not very effective...</small><br></div><div class="battle-history"><small>(The opposing Tapu Bulu lost <abbr title="−78/281">27.8%</abbr> of its health!)</small><br></div><div class="battle-history"><small>The opposing Tapu Bulu had its energy drained!</small><br></div><div class="spacer battle-history"><br></div><div class="battle-history"><small>Tapu Bulu restored HP using its Grassy Terrain!</small><br></div><div class="battle-history"><small>The opposing Tapu Bulu restored HP using its Grassy Terrain!</small><br></div><div class="spacer battle-history"><br></div><h2 class="battle-history">Turn 9</h2><div class="spacer battle-history"><br></div><div class="battle-history">Tapu Bulu, come back!<br></div><div class="battle-history">Go! <strong>Heatran</strong>!<br></div><div class="battle-history"><small>Pointed stones dug into Heatran!</small><br></div><div class="spacer battle-history"><br></div><div class="battle-history">The opposing Tapu Bulu used <strong>Nature's Madness</strong>!<br></div><div class="battle-history"><small>(Heatran lost <abbr title="−141/323">43.7%</abbr> of its health!)</small><br></div><div class="spacer battle-history"><br></div><div class="battle-history"><small>Heatran restored HP using its Grassy Terrain!</small><br></div><div class="battle-history"><small>The opposing Tapu Bulu restored HP using its Grassy Terrain!</small><br></div><div class="spacer battle-history"><br></div><h2 class="battle-history">Turn 10</h2><div class="chat chatmessage-nomanshax"><strong style="color:hsl(105,82%,35%)"><small>☆</small><span class="username" data-name="No man's hax">No man's hax</span>:</strong> <em>verga wey, apenas me doy cuenta que no tiene naturalezas</em></div><div class="spacer battle-history"><br></div><div class="battle-history"><small>Heatran surrounded itself with its Z-Power!</small><br></div><div class="spacer battle-history"><br></div><div class="battle-history">Heatran used <strong>Corkscrew Crash</strong>!<br></div><div class="battle-history"><small>It's super effective!</small><br></div><div class="battle-history"><small>(The opposing Tapu Bulu lost <abbr title="−202/281">71.9%</abbr> of its health!)</small><br></div><div class="spacer battle-history"><br></div><div class="battle-history">The opposing Tapu Bulu fainted!<br></div><div class="spacer battle-history"><br></div><div class="battle-history"><small>Heatran restored HP using its Grassy Terrain!</small><br></div><div class="spacer battle-history"><br></div><div class="battle-history">No man's hax sent out <strong>Zygarde</strong>!<br></div><div class="battle-history"><small>Pointed stones dug into the opposing Zygarde!</small><br></div><div class="battle-history"><small>[The opposing Zygarde's Aura Break]</small><br><small>The opposing Zygarde reversed all other Pokémon's auras!</small><br></div><div class="spacer battle-history"><br></div><h2 class="battle-history">Turn 11</h2><div class="chat chatmessage-nomanshax"><strong style="color:hsl(105,82%,35%)"><small>☆</small><span class="username" data-name="No man's hax">No man's hax</span>:</strong> <em>evs*</em></div><div class="spacer battle-history"><br></div><div class="battle-history">Heatran used <strong>Flash Cannon</strong>!<br></div><div class="battle-history"><small>(The opposing Zygarde lost <abbr title="−147/397">37.0%</abbr> of its health!)</small><br></div><div class="spacer battle-history"><br></div><div class="battle-history">The opposing Zygarde used <strong>Dragon Dance</strong>!<br></div><div class="battle-history"><small>The opposing Zygarde's Attack rose!</small><br></div><div class="battle-history"><small>The opposing Zygarde's Speed rose!</small><br></div><div class="spacer battle-history"><br></div><div class="battle-history"><small>The opposing Zygarde restored HP using its Grassy Terrain!</small><br></div><div class="battle-history"><small>Heatran restored HP using its Grassy Terrain!</small><br></div><div class="battle-history"><small>The grass disappeared from the battlefield.</small><br></div><div class="spacer battle-history"><br></div><h2 class="battle-history">Turn 12</h2><div class="chat chatmessage-nomanshax"><strong style="color:hsl(105,82%,35%)"><small>☆</small><span class="username" data-name="No man's hax">No man's hax</span>:</strong> <em>mira hasta lo digo mal y toda la mamada XD</em></div><div class="spacer battle-history"><br></div><div class="battle-history">The opposing Zygarde used <strong>Coil</strong>!<br></div><div class="battle-history"><small>The opposing Zygarde's Attack rose!</small><br></div><div class="battle-history"><small>The opposing Zygarde's Defense rose!</small><br></div><div class="battle-history"><small>The opposing Zygarde's accuracy rose!</small><br></div><div class="spacer battle-history"><br></div><div class="battle-history">Heatran used <strong>Flash Cannon</strong>!<br></div><div class="battle-history"><small>(The opposing Zygarde lost <abbr title="−159/397">40.1%</abbr> of its health!)</small><br></div><div class="battle-history"><small>The opposing Zygarde ate its Iapapa Berry!</small><br></div><div class="battle-history"><small>The opposing Zygarde restored HP using its Iapapa Berry!</small><br></div><div class="spacer battle-history"><br></div><h2 class="battle-history">Turn 13</h2><div class="spacer battle-history"><br></div><div class="battle-history">The opposing Zygarde used <strong>Thousand Arrows</strong>!<br></div><div class="battle-history"><small>It's super effective!</small><br></div><div class="battle-history"><small>(Heatran lost <abbr title="−202/323">62.5%</abbr> of its health!)</small><br></div><div class="spacer battle-history"><br></div><div class="battle-history">Heatran fainted!<br></div><div class="spacer battle-history"><br></div><div class="battle-history">Go! Landorus (<strong>Landorus-Therian</strong>)!<br></div><div class="battle-history"><small>Pointed stones dug into Landorus!</small><br></div><div class="battle-history"><small>[Landorus's Intimidate]</small><br></div><div class="battle-history"><small>The opposing Zygarde's Attack fell!</small><br></div><div class="spacer battle-history"><br></div><h2 class="battle-history">Turn 14</h2><div class="spacer battle-history"><br></div><div class="battle-history">Landorus used <strong>Hidden Power</strong>!<br></div><div class="battle-history"><small>It's super effective!</small><br></div><div class="battle-history"><small>(The opposing Zygarde lost <abbr title="−176/397">44.3%</abbr> of its health!)</small><br></div><div class="spacer battle-history"><br></div><div class="battle-history">The opposing Zygarde used <strong>Thousand Arrows</strong>!<br></div><div class="battle-history"><small>(Landorus lost <abbr title="−232/319">72.7%</abbr> of its health!)</small><br></div><div class="battle-history"><small>Landorus fell straight down!</small><br></div><div class="spacer battle-history"><br></div><h2 class="battle-history">Turn 15</h2><div class="spacer battle-history"><br></div><div class="battle-history">The opposing Zygarde used <strong>Extreme Speed</strong>!<br></div><div class="battle-history"><small>(Landorus lost <abbr title="−48/319">15.0%</abbr> of its health!)</small><br></div><div class="spacer battle-history"><br></div><div class="battle-history">Landorus fainted!<br></div><div class="spacer battle-history"><br></div><div class="battle-history">Go! <strong>Tapu Bulu</strong>!<br></div><div class="battle-history"><small>Pointed stones dug into Tapu Bulu!</small><br></div><div class="battle-history"><small>[Tapu Bulu's Grassy Surge]</small><br><small>Grass grew to cover the battlefield!</small><br></div><div class="spacer battle-history"><br></div><h2 class="battle-history">Turn 16</h2><div class="spacer battle-history"><br></div><div class="battle-history">The opposing Zygarde used <strong>Extreme Speed</strong>!<br></div><div class="battle-history"><small>(Tapu Bulu lost <abbr title="−107/343">31.2%</abbr> of its health!)</small><br></div><div class="spacer battle-history"><br></div><div class="battle-history">Tapu Bulu used <strong>Wood Hammer</strong>!<br></div><div class="battle-history"><small>(The opposing Zygarde lost <abbr title="−113/397">28.5%</abbr> of its health!)</small><br></div><div class="battle-history"><small>Tapu Bulu is damaged by the recoil!</small><br></div><div class="spacer battle-history"><br></div><div class="battle-history">The opposing Zygarde fainted!<br></div><div class="spacer battle-history"><br></div><div class="battle-history"><small>Tapu Bulu restored HP using its Grassy Terrain!</small><br></div><div class="spacer battle-history"><br></div><div class="battle-history">No man's hax sent out <strong>Zapdos</strong>!<br></div><div class="battle-history"><small>Pointed stones dug into the opposing Zapdos!</small><br></div><div class="spacer battle-history"><br></div><h2 class="battle-history">Turn 17</h2><div class="spacer battle-history"><br></div><div class="battle-history">Tapu Bulu, come back!<br></div><div class="battle-history">Go! <strong>Weavile</strong>!<br></div><div class="battle-history"><small>Pointed stones dug into Weavile!</small><br></div><div class="spacer battle-history"><br></div><div class="battle-history">Weavile fainted!<br></div><div class="battle-history">The opposing Zapdos used <strong>Hidden Power</strong>!<br></div><div class="battle-history"><small>But there was no target...</small><br></div><div class="spacer battle-history"><br></div><div class="battle-history"><small>The opposing Zapdos restored a little HP using its Leftovers!</small><br></div><div class="spacer battle-history"><br></div><div class="battle-history">Go! <strong>Alakazam</strong>!<br></div><div class="spacer battle-history"><br></div><h2 class="battle-history">Turn 18</h2><div class="spacer battle-history"><br></div><div class="battle-history">No man's hax withdrew Zapdos!<br></div><div class="battle-history">No man's hax sent out <strong>Chansey</strong>!<br></div><div class="battle-history"><small>Pointed stones dug into the opposing Chansey!</small><br></div><div class="spacer battle-history"><br></div><div class="battle-history"><small>Alakazam's Alakazite is reacting to the Key Stone!</small><br>Alakazam has Mega Evolved into Mega Alakazam!<br></div><div class="battle-history"><small>[Alakazam's Trace]</small><br><small>[Alakazam's Natural Cure]</small><br><small>Alakazam traced the opposing Chansey's Natural Cure!</small><br></div><div class="spacer battle-history"><br></div><div class="battle-history">Alakazam used <strong>Psychic</strong>!<br></div><div class="battle-history"><small>(The opposing Chansey lost <abbr title="−109/704">15.5%</abbr> of its health!)</small><br></div><div class="spacer battle-history"><br></div><div class="battle-history"><small>The opposing Chansey restored HP using its Grassy Terrain!</small><br></div><div class="spacer battle-history"><br></div><h2 class="battle-history">Turn 19</h2><div class="spacer battle-history"><br></div><div class="battle-history">Alakazam, come back!<br></div><div class="battle-history">Go! <strong>Tapu Bulu</strong>!<br></div><div class="battle-history"><small>Pointed stones dug into Tapu Bulu!</small><br></div><div class="spacer battle-history"><br></div><div class="battle-history">The opposing Chansey used <strong>Toxic</strong>!<br></div><div class="battle-history"><small>Tapu Bulu was badly poisoned!</small><br></div><div class="spacer battle-history"><br></div><div class="battle-history"><small>Tapu Bulu restored HP using its Grassy Terrain!</small><br></div><div class="battle-history"><small>The opposing Chansey restored HP using its Grassy Terrain!</small><br></div><div class="battle-history"><small>Tapu Bulu was hurt by poison!</small><br></div><div class="spacer battle-history"><br></div><h2 class="battle-history">Turn 20</h2><div class="spacer battle-history"><br></div><div class="battle-history">No man's hax withdrew Chansey!<br></div><div class="battle-history">No man's hax sent out <strong>Zapdos</strong>!<br></div><div class="battle-history"><small>Pointed stones dug into the opposing Zapdos!</small><br></div><div class="spacer battle-history"><br></div><div class="battle-history">Tapu Bulu used <strong>Nature's Madness</strong>!<br></div><div class="battle-history"><small>(The opposing Zapdos lost <abbr title="−108/383">28.2%</abbr> of its health!)</small><br></div><div class="spacer battle-history"><br></div><div class="battle-history"><small>The opposing Zapdos restored a little HP using its Leftovers!</small><br></div><div class="battle-history"><small>Tapu Bulu restored HP using its Grassy Terrain!</small><br></div><div class="battle-history"><small>The grass disappeared from the battlefield.</small><br></div><div class="battle-history"><small>Tapu Bulu was hurt by poison!</small><br></div><div class="spacer battle-history"><br></div><h2 class="battle-history">Turn 21</h2><div class="spacer battle-history"><br></div><div class="battle-history">The opposing Zapdos used <strong>Roost</strong>!<br></div><div class="battle-history"><small>The opposing Zapdos restored its HP.</small><br></div><div class="spacer battle-history"><br></div><div class="battle-history">Tapu Bulu used <strong>Wood Hammer</strong>!<br></div><div class="battle-history"><small>(The opposing Zapdos lost <abbr title="−156/383">40.7%</abbr> of its health!)</small><br></div><div class="battle-history"><small>Tapu Bulu is damaged by the recoil!</small><br></div><div class="spacer battle-history"><br></div><div class="battle-history"><small>The opposing Zapdos restored a little HP using its Leftovers!</small><br></div><div class="battle-history"><small>Tapu Bulu was hurt by poison!</small><br></div><div class="spacer battle-history"><br></div><div class="battle-history">Tapu Bulu fainted!<br></div><div class="battle-history"><small>Flamita se rindió.</small><br></div><div class="spacer battle-history"><br></div><div class="battle-history"><strong>No man's hax</strong> won the battle!<br></div><div class="chat chatmessage-nomanshax"><strong style="color:hsl(105,82%,35%)"><small>☆</small><span class="username" data-name="No man's hax">No man's hax</span>:</strong> <em>gg</em></div></div><div class="inner-preempt"></div></div></div>
</div>
<script>
let daily = Math.floor(Date.now()/1000/60/60/24);document.write('<script src="https://play.pokemonshowdown.com/js/replay-embed.js?version'+daily+'"></'+'script>');
</script>
