<!DOCTYPE html>
<meta charset="utf-8" />
<!-- version 1 -->
<title>OU replay: Ds90 vs. Mahvel Party</title>
<style>
html,body {font-family:Verdana, sans-serif;font-size:10pt;margin:0;padding:0;}body{padding:12px 0;} .battle-log {font-family:Verdana, sans-serif;font-size:10pt;} .battle-log-inline {border:1px solid #AAAAAA;background:#EEF2F5;color:black;max-width:640px;margin:0 auto 80px;padding-bottom:5px;} .battle-log .inner {padding:4px 8px 0px 8px;} .battle-log .inner-preempt {padding:0 8px 4px 8px;} .battle-log .inner-after {margin-top:0.5em;} .battle-log h2 {margin:0.5em -8px;padding:4px 8px;border:1px solid #AAAAAA;background:#E0E7EA;border-left:0;border-right:0;font-family:Verdana, sans-serif;font-size:13pt;} .battle-log .chat {vertical-align:middle;padding:3px 0 3px 0;font-size:8pt;} .battle-log .chat strong {color:#40576A;} .battle-log .chat em {padding:1px 4px 1px 3px;color:#000000;font-style:normal;} .chat.mine {background:rgba(0,0,0,0.05);margin-left:-8px;margin-right:-8px;padding-left:8px;padding-right:8px;} .spoiler {color:#BBBBBB;background:#BBBBBB;padding:0px 3px;} .spoiler:hover, .spoiler:active, .spoiler-shown {color:#000000;background:#E2E2E2;padding:0px 3px;} .spoiler a {color:#BBBBBB;} .spoiler:hover a, .spoiler:active a, .spoiler-shown a {color:#2288CC;} .chat code, .chat .spoiler:hover code, .chat .spoiler:active code, .chat .spoiler-shown code {border:1px solid #C0C0C0;background:#EEEEEE;color:black;padding:0 2px;} .chat .spoiler code {border:1px solid #CCCCCC;background:#CCCCCC;color:#CCCCCC;} .battle-log .rated {padding:3px 4px;} .battle-log .rated strong {color:white;background:#89A;padding:1px 4px;border-radius:4px;} .spacer {margin-top:0.5em;} .message-announce {background:#6688AA;color:white;padding:1px 4px 2px;} .message-announce a, .broadcast-green a, .broadcast-blue a, .broadcast-red a {color:#DDEEFF;} .broadcast-green {background-color:#559955;color:white;padding:2px 4px;} .broadcast-blue {background-color:#6688AA;color:white;padding:2px 4px;} .infobox {border:1px solid #6688AA;padding:2px 4px;} .infobox-limited {max-height:200px;overflow:auto;overflow-x:hidden;} .broadcast-red {background-color:#AA5544;color:white;padding:2px 4px;} .message-learn-canlearn {font-weight:bold;color:#228822;text-decoration:underline;} .message-learn-cannotlearn {font-weight:bold;color:#CC2222;text-decoration:underline;} .message-effect-weak {font-weight:bold;color:#CC2222;} .message-effect-resist {font-weight:bold;color:#6688AA;} .message-effect-immune {font-weight:bold;color:#666666;} .message-learn-list {margin-top:0;margin-bottom:0;} .message-throttle-notice, .message-error {color:#992222;} .message-overflow, .chat small.message-overflow {font-size:0pt;} .message-overflow::before {font-size:9pt;content:'...';} .subtle {color:#3A4A66;}
</style>
<div class="wrapper replay-wrapper" style="max-width:1180px;margin:0 auto">
<input type="hidden" name="replayid" value="destiny-ou-427101" />
<div class="battle"></div><div class="battle-log"></div><div class="replay-controls"></div><div class="replay-controls-2"></div>
<h1 style="font-weight:normal;text-align:center"><strong>OU</strong><br /><a href="http://pokemonshowdown.com/users/ds90" class="subtle" target="_blank">Ds90</a> vs. <a href="http://pokemonshowdown.com/users/mahvelparty" class="subtle" target="_blank">Mahvel Party</a></h1>
<script type="text/plain" class="battle-log-data">|player|p1|Ds90|185
|teamsize|p1|6
|player|p2|Mahvel Party|169
|teamsize|p2|6
|teamsize|p1|6
|teamsize|p2|6
|gametype|singles
|gen|7
|tier|OU
|rated
|seed|7194,44963,7788,19404
|rule|Cláusula-Mod de Dormir: solo puedes dormir a uno de tus oponentes a la vez.
|rule|Cláusula de Especie: Hasta un Pokémon de cada especie
|rule|Cláusula de Golpe Fulminante: los movimientos fulminantes (OHKO) estan prohibidos
|rule|Cláusula de Veleta: la habilidad Veleta está prohibida
|rule|Cláusula de Movimientos Evasivos: los movimientos de Evasión están prohibidos.
|rule|Cláusula de Batallas Eternas: forzar batallas eternas está prohibido
|clearpoke
|poke|p1|Nidoking, M|item
|poke|p1|Magnezone|item
|poke|p1|Tyranitar, M|item
|poke|p1|Kartana|item
|poke|p1|Landorus-Therian, M|item
|poke|p1|Tangrowth, M|item
|poke|p2|Beedrill, M|item
|poke|p2|Snorlax, M|item
|poke|p2|Alomomola, F|item
|poke|p2|Landorus-Therian, M|item
|poke|p2|Ursaring, F|item
|poke|p2|Gengar, M|item
|teampreview|undefined
|choice|*|*team 423156
|choice|*team 123456|*
|choice|team 1, 2, 3, 4, 5, 6|team 4, 2, 3, 1, 5, 6
|
|start
|switch|p1a: Nidoking|Nidoking, M|303\/303
|switch|p2a: Landorus|Landorus-Therian, M|373\/373
|-ability|p2a: Landorus|Intimidate|boost
|-unboost|p1a: Nidoking|atk|1
|turn|1
|choice|*move 3|*
|choice|*|*switch 2
|choice|move icebeam|switch 2
|
|switch|p2a: Snorlax|Snorlax, M|524\/524
|move|p1a: Nidoking|Ice Beam|p2a: Snorlax
|-damage|p2a: Snorlax|480\/524
|
|-heal|p2a: Snorlax|512\/524|[from] item: Leftovers
|upkeep
|turn|2
|choice|*|*move 4
|choice|*switch 5|*
|choice|switch 5|move yawn
|
|switch|p1a: Landorus|Landorus-Therian, M|339\/339
|-ability|p1a: Landorus|Intimidate|boost
|-unboost|p2a: Snorlax|atk|1
|move|p2a: Snorlax|Yawn|p1a: Landorus
|-start|p1a: Landorus|move: Yawn|[of] p2a: Snorlax
|
|-heal|p2a: Snorlax|524\/524|[from] item: Leftovers
|upkeep
|turn|3
|choice|*|*move 4
|choice|*move 4|*
|choice|move uturn|move yawn
|
|move|p1a: Landorus|U-turn|p2a: Snorlax
|-damage|p2a: Snorlax|418\/524
|choice|*switch 4|*
|choice|switch 4|
|
|switch|p1a: Kartana|Kartana|259\/259|[from]move: U-turn
|move|p2a: Snorlax|Yawn|p1a: Kartana
|-start|p1a: Kartana|move: Yawn|[of] p2a: Snorlax
|
|-heal|p2a: Snorlax|450\/524|[from] item: Leftovers
|upkeep
|turn|4
|choice|*|*switch 5
|choice|*switch 4|*
|choice|switch 4|switch 5
|
|switch|p1a: Landorus|Landorus-Therian, M|339\/339
|-ability|p1a: Landorus|Intimidate|boost
|-unboost|p2a: Snorlax|atk|1
|switch|p2a: Ursaring|Ursaring, F|383\/383
|
|-status|p2a: Ursaring|brn|[from] item: Flame Orb
|upkeep
|turn|5
|choice|*|*move 2
|choice|*move 4|*
|choice|move uturn|move avalanche
|
|move|p1a: Landorus|U-turn|p2a: Ursaring
|-damage|p2a: Ursaring|298\/383 brn
|choice|*switch 6|*
|choice|switch 6|
|
|switch|p1a: Tangrowth|Tangrowth, M|403\/403|[from]move: U-turn
|move|p2a: Ursaring|Avalanche|p1a: Tangrowth
|-supereffective|p1a: Tangrowth
|-damage|p1a: Tangrowth|281\/403
|
|-damage|p2a: Ursaring|275\/383 brn|[from] brn
|upkeep
|turn|6
|choice|*move 1|*
|choice|*|*switch 4
|choice|move gigadrain|switch 4
|
|switch|p2a: Beedrill|Beedrill, M|271\/271
|move|p1a: Tangrowth|Giga Drain|p2a: Beedrill
|-resisted|p2a: Beedrill
|-damage|p2a: Beedrill|241\/271
|-heal|p1a: Tangrowth|296\/403|[from] drain|[of] p2a: Beedrill
|
|upkeep
|turn|7
|choice|*switch 6|*
|choice|*switch 6|*
|choice|*|*move 2 mega
|choice|switch 6|move uturn mega
|
|switch|p1a: Landorus|Landorus-Therian, M|339\/339
|-ability|p1a: Landorus|Intimidate|boost
|-unboost|p2a: Beedrill|atk|1
|-mega|p2a: Beedrill|Beedrill|Beedrillite
|detailschange|p2a: Beedrill|Beedrill-Mega, M
|move|p2a: Beedrill|U-turn|p1a: Landorus
|-resisted|p1a: Landorus
|-damage|p1a: Landorus|275\/339
|choice|*|*switch 2
|choice||switch 2
|
|switch|p2a: Landorus|Landorus-Therian, M|373\/373|[from]move: U-turn
|-ability|p2a: Landorus|Intimidate|boost
|-unboost|p1a: Landorus|atk|1
|
|upkeep
|turn|8
|choice|*|*move 2
|choice|*move 2|*
|choice|move hiddenpower|move stealthrock
|
|move|p1a: Landorus|Hidden Power|p2a: Landorus
|-supereffective|p2a: Landorus
|-damage|p2a: Landorus|145\/373
|move|p2a: Landorus|Stealth Rock|p1a: Landorus
|-sidestart|p1: Ds90|move: Stealth Rock
|
|-heal|p2a: Landorus|168\/373|[from] item: Leftovers
|upkeep
|turn|9
|choice|*switch 4|*
|choice|*|*switch 3
|choice|switch 4|switch 3
|
|switch|p1a: Kartana|Kartana|259\/259
|-damage|p1a: Kartana|243\/259|[from] Stealth Rock
|switch|p2a: Alomomola|Alomomola, F|471\/471
|
|upkeep
|turn|10
|choice|*move 4|*
|choice|*|*move 2
|choice|move defog|move wish
|
|move|p1a: Kartana|Defog|p2a: Alomomola
|-unboost|p2a: Alomomola|evasion|1
|-sideend|p1: Ds90|Stealth Rock|[from] move: Defog|[of] p1a: Kartana
|move|p2a: Alomomola|Wish|p2a: Alomomola
|
|upkeep
|turn|11
|choice|*|*switch 3
|choice|*switch 4|*
|choice|switch 4|switch 3
|
|switch|p1a: Landorus|Landorus-Therian, M|275\/339
|-ability|p1a: Landorus|Intimidate|boost
|-unboost|p2a: Alomomola|atk|1
|switch|p2a: Landorus|Landorus-Therian, M|168\/373
|-ability|p2a: Landorus|Intimidate|boost
|-unboost|p1a: Landorus|atk|1
|
|-heal|p2a: Landorus|373\/373|[from] move: Wish|[wisher] Alomomola
|upkeep
|turn|12
|choice|*|*switch 3
|choice|*switch 5|*
|choice|switch 5|switch 3
|
|switch|p1a: Nidoking|Nidoking, M|303\/303
|switch|p2a: Alomomola|Alomomola, F|471\/471
|
|upkeep
|turn|13
|choice|*|*move 4
|choice|*move 2|*
|choice|move sludgewave|move protect
|
|move|p2a: Alomomola|Protect|p2a: Alomomola
|-singleturn|p2a: Alomomola|Protect
|move|p1a: Nidoking|Sludge Wave|p2a: Alomomola
|-activate|p2a: Alomomola|move: Protect
|
|upkeep
|turn|14
|choice|*move 4|*
|choice|*|*switch 5
|choice|*switch 6|*
|choice|switch 6|switch 5
|
|switch|p1a: Tangrowth|Tangrowth, M|403\/403
|switch|p2a: Snorlax|Snorlax, M|450\/524
|
|-heal|p2a: Snorlax|482\/524|[from] item: Leftovers
|upkeep
|turn|15
|choice|*move 2|*
|choice|*|*switch 5
|choice|move knockoff|switch 5
|
|switch|p2a: Alomomola|Alomomola, F|471\/471
|move|p1a: Tangrowth|Knock Off|p2a: Alomomola
|-damage|p2a: Alomomola|383\/471
|-enditem|p2a: Alomomola|Leftovers|[from] move: Knock Off|[of] p1a: Tangrowth
|
|upkeep
|turn|16
|choice|*|*move 2
|choice|*switch 4|*
|choice|switch 4|move wish
|
|switch|p1a: Kartana|Kartana|243\/259
|move|p2a: Alomomola|Wish|p2a: Alomomola
|
|upkeep
|turn|17
|choice|*|*switch 4
|choice|*move 1|*
|choice|move swordsdance|switch 4
|
|switch|p2a: Ursaring|Ursaring, F|275\/383 brn
|move|p1a: Kartana|Swords Dance|p1a: Kartana
|-boost|p1a: Kartana|atk|2
|
|-heal|p2a: Ursaring|383\/383 brn|[from] move: Wish|[wisher] Alomomola
|-damage|p2a: Ursaring|360\/383 brn|[from] brn
|upkeep
|turn|18
|choice|*|*move 3
|choice|*move 3|*
|choice|move sacredsword|move firepunch
|
|move|p1a: Kartana|Sacred Sword|p2a: Ursaring
|-supereffective|p2a: Ursaring
|-damage|p2a: Ursaring|0 fnt
|faint|p2a: Ursaring
|-ability|p1a: Kartana|Beast Boost|boost
|-boost|p1a: Kartana|atk|1
|
|upkeep
|choice|*|*switch 6
|choice||switch 6
|
|switch|p2a: Gengar|Gengar, M|261\/261
|turn|19
|choice|*|*move 4
|choice|*move 1|*
|choice|move swordsdance|move focusblast
|
|move|p2a: Gengar|Focus Blast|p1a: Kartana
|-supereffective|p1a: Kartana
|-damage|p1a: Kartana|0 fnt
|faint|p1a: Kartana
|
|upkeep
|choice|*switch 6|*
|choice|switch 6|
|
|switch|p1a: Nidoking|Nidoking, M|303\/303
|turn|20
|choice|*|*switch 5
|choice|*move 3|*
|choice|move icebeam|switch 5
|
|switch|p2a: Snorlax|Snorlax, M|482\/524
|move|p1a: Nidoking|Ice Beam|p2a: Snorlax
|-damage|p2a: Snorlax|431\/524
|
|-heal|p2a: Snorlax|463\/524|[from] item: Leftovers
|upkeep
|turn|21
|choice|*switch 4|*
|choice|*|*move 4
|choice|switch 4|move yawn
|
|switch|p1a: Tangrowth|Tangrowth, M|403\/403
|move|p2a: Snorlax|Yawn|p1a: Tangrowth
|-start|p1a: Tangrowth|move: Yawn|[of] p2a: Snorlax
|
|-heal|p2a: Snorlax|495\/524|[from] item: Leftovers
|upkeep
|turn|22
|choice|*switch 5|*
|choice|*|*switch 2
|choice|switch 5|switch 2
|
|switch|p1a: Landorus|Landorus-Therian, M|275\/339
|-ability|p1a: Landorus|Intimidate|boost
|-unboost|p2a: Snorlax|atk|1
|switch|p2a: Beedrill|Beedrill-Mega, M|241\/271
|
|upkeep
|turn|23
|choice|*|*switch 3
|choice|*switch 2|*
|choice|switch 2|switch 3
|
|switch|p1a: Magnezone|Magnezone|281\/281
|switch|p2a: Landorus|Landorus-Therian, M|373\/373
|-ability|p2a: Landorus|Intimidate|boost
|-unboost|p1a: Magnezone|atk|1
|
|upkeep
|turn|24
|choice|*switch 4|*
|choice|*switch 4|*
|choice|*|*move 2
|choice|*switch 4|*
|choice|switch 4|move stealthrock
|
|switch|p1a: Nidoking|Nidoking, M|303\/303
|move|p2a: Landorus|Stealth Rock|p1a: Nidoking
|-sidestart|p1: Ds90|move: Stealth Rock
|
|upkeep
|turn|25
|choice|*|*switch 2
|choice|*move 2|*
|choice|move sludgewave|switch 2
|
|switch|p2a: Snorlax|Snorlax, M|495\/524
|move|p1a: Nidoking|Sludge Wave|p2a: Snorlax
|-damage|p2a: Snorlax|338\/524
|
|-heal|p2a: Snorlax|370\/524|[from] item: Leftovers
|upkeep
|turn|26
|choice|*move 1|*
|choice|*|*move 3
|choice|move earthpower|move flamethrower
|
|move|p1a: Nidoking|Earth Power|p2a: Snorlax
|-damage|p2a: Snorlax|228\/524
|move|p2a: Snorlax|Flamethrower|p1a: Nidoking
|-damage|p1a: Nidoking|245\/303
|
|-heal|p2a: Snorlax|260\/524|[from] item: Leftovers
|upkeep
|turn|27
|choice|*move 1|*
|choice|*|*move 4
|choice|move earthpower|move yawn
|
|move|p1a: Nidoking|Earth Power|p2a: Snorlax
|-damage|p2a: Snorlax|127\/524
|move|p2a: Snorlax|Yawn|p1a: Nidoking
|-start|p1a: Nidoking|move: Yawn|[of] p2a: Snorlax
|
|-heal|p2a: Snorlax|159\/524|[from] item: Leftovers
|upkeep
|turn|28
|choice|*switch 2|*
|choice|*switch 2|*
|choice|*|*switch 3
|choice|switch 2|switch 3
|
|switch|p1a: Landorus|Landorus-Therian, M|275\/339
|-damage|p1a: Landorus|233\/339|[from] Stealth Rock
|-ability|p1a: Landorus|Intimidate|boost
|-unboost|p2a: Snorlax|atk|1
|switch|p2a: Beedrill|Beedrill-Mega, M|241\/271
|
|upkeep
|turn|29
|choice|*|*move 2
|choice|*move 4|*
|choice|move uturn|move uturn
|
|move|p1a: Landorus|U-turn|p2a: Beedrill
|-resisted|p2a: Beedrill
|-damage|p2a: Beedrill|153\/271
|c|☆Mahvel Party|ty reveal scarf
|choice|*switch 2|*
|choice|switch 2|
|
|switch|p1a: Nidoking|Nidoking, M|245\/303|[from]move: U-turn
|-damage|p1a: Nidoking|227\/303|[from] Stealth Rock
|move|p2a: Beedrill|U-turn|p1a: Nidoking
|-resisted|p1a: Nidoking
|-damage|p1a: Nidoking|107\/303
|choice|*|*switch 5
|choice||switch 5
|
|switch|p2a: Gengar|Gengar, M|261\/261|[from]move: U-turn
|
|upkeep
|turn|30
|choice|*switch 4|*
|choice|*|*move 1
|choice|switch 4|move shadowball
|
|switch|p1a: Magnezone|Magnezone|281\/281
|-damage|p1a: Magnezone|264\/281|[from] Stealth Rock
|move|p2a: Gengar|Shadow Ball|p1a: Magnezone
|-damage|p1a: Magnezone|78\/281
|
|upkeep
|turn|31
|choice|*move 3|*
|choice|*|*switch 2
|choice|move flashcannon|switch 2
|
|switch|p2a: Landorus|Landorus-Therian, M|373\/373
|-ability|p2a: Landorus|Intimidate|boost
|-unboost|p1a: Magnezone|atk|1
|move|p1a: Magnezone|Flash Cannon|p2a: Landorus
|-damage|p2a: Landorus|211\/373
|-unboost|p2a: Landorus|spd|1
|
|-heal|p2a: Landorus|234\/373|[from] item: Leftovers
|upkeep
|turn|32
|choice|*move 3|*
|choice|*|*move 1
|choice|move flashcannon|move earthquake
|
|move|p1a: Magnezone|Flash Cannon|p2a: Landorus
|-damage|p2a: Landorus|0 fnt
|faint|p2a: Landorus
|
|upkeep
|choice|*|*switch 4
|choice||switch 4
|
|switch|p2a: Alomomola|Alomomola, F|471\/471
|turn|33
|choice|*|*move 2
|choice|*switch 5|*
|choice|switch 5|move wish
|
|switch|p1a: Tangrowth|Tangrowth, M|403\/403
|-damage|p1a: Tangrowth|353\/403|[from] Stealth Rock
|move|p2a: Alomomola|Wish|p2a: Alomomola
|
|upkeep
|turn|34
|choice|*|*switch 3
|choice|*move 3|*
|choice|move earthquake|switch 3
|
|switch|p2a: Snorlax|Snorlax, M|159\/524
|move|p1a: Tangrowth|Earthquake|p2a: Snorlax
|-crit|p2a: Snorlax
|-damage|p2a: Snorlax|0 fnt
|faint|p2a: Snorlax
|
|upkeep
|choice|*|*switch 2
|choice||switch 2
|
|switch|p2a: Gengar|Gengar, M|261\/261
|turn|35
|choice|*|*move 4
|choice|*switch 3|*
|choice|switch 3|move focusblast
|
|switch|p1a: Tyranitar|Tyranitar, M|403\/403
|-damage|p1a: Tyranitar|353\/403|[from] Stealth Rock
|-weather|Sandstorm|[from] ability: Sand Stream|[of] p1a: Tyranitar
|move|p2a: Gengar|Focus Blast|p1a: Tyranitar
|-supereffective|p1a: Tyranitar
|-damage|p1a: Tyranitar|21\/403
|
|-weather|Sandstorm|[upkeep]
|-damage|p2a: Gengar|245\/261|[from] sandstorm
|upkeep
|turn|36
|choice|*move 2 mega|*
|choice|*|*move 1
|choice|move earthquake mega|move shadowball
|
|-mega|p1a: Tyranitar|Tyranitar|Tyranitarite
|detailschange|p1a: Tyranitar|Tyranitar-Mega, M
|move|p2a: Gengar|Shadow Ball|p1a: Tyranitar
|-resisted|p1a: Tyranitar
|-damage|p1a: Tyranitar|0 fnt
|faint|p1a: Tyranitar
|
|-weather|Sandstorm|[upkeep]
|-damage|p2a: Gengar|229\/261|[from] sandstorm
|upkeep
|choice|*switch 2|*
|choice|switch 2|
|
|switch|p1a: Landorus|Landorus-Therian, M|233\/339
|-damage|p1a: Landorus|191\/339|[from] Stealth Rock
|-ability|p1a: Landorus|Intimidate|boost
|-unboost|p2a: Gengar|atk|1
|turn|37
|choice|*|*switch 3
|choice|*move 1|*
|choice|move earthquake|switch 3
|
|switch|p2a: Alomomola|Alomomola, F|471\/471
|move|p1a: Landorus|Earthquake|p2a: Alomomola
|-damage|p2a: Alomomola|255\/471
|
|-weather|Sandstorm|[upkeep]
|-damage|p2a: Alomomola|226\/471|[from] sandstorm
|upkeep
|turn|38
|choice|*move 1|*
|choice|*switch 3|*
|choice|*|*move 2
|choice|switch 3|move wish
|
|switch|p1a: Tangrowth|Tangrowth, M|403\/403
|-damage|p1a: Tangrowth|353\/403|[from] Stealth Rock
|move|p2a: Alomomola|Wish|p2a: Alomomola
|
|-weather|Sandstorm|[upkeep]
|-damage|p2a: Alomomola|197\/471|[from] sandstorm
|-damage|p1a: Tangrowth|328\/403|[from] sandstorm
|upkeep
|turn|39
|choice|*|*move 3
|choice|*move 3|*
|choice|move earthquake|move toxic
|
|move|p2a: Alomomola|Toxic|p1a: Tangrowth
|-status|p1a: Tangrowth|tox
|move|p1a: Tangrowth|Earthquake|p2a: Alomomola
|-damage|p2a: Alomomola|107\/471
|
|-weather|none
|-heal|p2a: Alomomola|342\/471|[from] move: Wish|[wisher] Alomomola
|-damage|p1a: Tangrowth|303\/403 tox|[from] psn
|upkeep
|turn|40
|choice|*move 1|*
|choice|*|*switch 3
|choice|*move 1|*
|choice|move gigadrain|switch 3
|
|switch|p2a: Gengar|Gengar, M|229\/261
|move|p1a: Tangrowth|Giga Drain|p2a: Gengar
|-resisted|p2a: Gengar
|-damage|p2a: Gengar|174\/261
|-heal|p1a: Tangrowth|331\/403 tox|[from] drain|[of] p2a: Gengar
|
|-damage|p1a: Tangrowth|281\/403 tox|[from] psn
|upkeep
|turn|41
|choice|*switch 5|*
|choice|*|*move 2
|choice|switch 5|move sludgebomb
|
|switch|p1a: Magnezone|Magnezone|78\/281
|-damage|p1a: Magnezone|61\/281|[from] Stealth Rock
|move|p2a: Gengar|Sludge Bomb|p1a: Magnezone
|-immune|p1a: Magnezone|[msg]
|
|upkeep
|turn|42
|choice|*move 4|*
|choice|*|*move 4
|choice|move thunderbolt|move focusblast
|
|move|p1a: Magnezone|Thunderbolt|p2a: Gengar
|-damage|p2a: Gengar|0 fnt
|faint|p2a: Gengar
|
|upkeep
|choice|*|*switch 5
|choice||switch 5
|
|switch|p2a: Beedrill|Beedrill-Mega, M|153\/271
|turn|43
|choice|*|*move 2
|choice|*switch 4|*
|choice|switch 4|move uturn
|
|switch|p1a: Nidoking|Nidoking, M|107\/303
|-damage|p1a: Nidoking|89\/303|[from] Stealth Rock
|move|p2a: Beedrill|U-turn|p1a: Nidoking
|-resisted|p1a: Nidoking
|-damage|p1a: Nidoking|0 fnt
|faint|p1a: Nidoking
|choice|*|*switch 3
|choice||switch 3
|
|switch|p2a: Alomomola|Alomomola, F|471\/471|[from]move: U-turn
|
|upkeep
|choice|*switch 5|*
|choice|switch 5|
|
|switch|p1a: Tangrowth|Tangrowth, M|403\/403 tox
|-damage|p1a: Tangrowth|353\/403 tox|[from] Stealth Rock
|turn|44
|choice|*|*move 2
|choice|*switch 3|*
|choice|switch 3|move wish
|
|switch|p1a: Landorus|Landorus-Therian, M|191\/339
|-damage|p1a: Landorus|149\/339|[from] Stealth Rock
|-ability|p1a: Landorus|Intimidate|boost
|-unboost|p2a: Alomomola|atk|1
|move|p2a: Alomomola|Wish|p2a: Alomomola
|
|upkeep
|turn|45
|choice|*move 4|*
|choice|*|*move 1
|choice|move uturn|move scald
|
|move|p1a: Landorus|U-turn|p2a: Alomomola
|-damage|p2a: Alomomola|369\/471
|choice|*switch 3|*
|choice|switch 3|
|
|switch|p1a: Tangrowth|Tangrowth, M|403\/403 tox|[from]move: U-turn
|-damage|p1a: Tangrowth|353\/403 tox|[from] Stealth Rock
|move|p2a: Alomomola|Scald|p1a: Tangrowth
|-resisted|p1a: Tangrowth
|-damage|p1a: Tangrowth|333\/403 tox
|
|-heal|p2a: Alomomola|471\/471|[from] move: Wish|[wisher] Alomomola
|-damage|p1a: Tangrowth|308\/403 tox|[from] psn
|upkeep
|turn|46
|choice|*move 1|*
|choice|*|*move 4
|choice|move gigadrain|move protect
|
|move|p2a: Alomomola|Protect|p2a: Alomomola
|-singleturn|p2a: Alomomola|Protect
|move|p1a: Tangrowth|Giga Drain|p2a: Alomomola
|-activate|p2a: Alomomola|move: Protect
|
|-damage|p1a: Tangrowth|258\/403 tox|[from] psn
|upkeep
|turn|47
|choice|*|*move 2
|choice|*move 3|*
|choice|move earthquake|move wish
|
|move|p2a: Alomomola|Wish|p2a: Alomomola
|move|p1a: Tangrowth|Earthquake|p2a: Alomomola
|-damage|p2a: Alomomola|375\/471
|
|-damage|p1a: Tangrowth|183\/403 tox|[from] psn
|upkeep
|turn|48
|choice|*switch 4|*
|choice|*|*move 1
|choice|switch 4|move scald
|
|switch|p1a: Magnezone|Magnezone|61\/281
|-damage|p1a: Magnezone|44\/281|[from] Stealth Rock
|move|p2a: Alomomola|Scald|p1a: Magnezone
|-damage|p1a: Magnezone|0 fnt
|faint|p1a: Magnezone
|
|-heal|p2a: Alomomola|471\/471|[from] move: Wish|[wisher] Alomomola
|upkeep
|c|☆Mahvel Party|gg
|choice|*switch 4|*
|choice|switch 4|
|
|switch|p1a: Tangrowth|Tangrowth, M|317\/403 tox
|-damage|p1a: Tangrowth|267\/403 tox|[from] Stealth Rock
|turn|49
|choice|*|*move 4
|choice|*move 1|*
|choice|move gigadrain|move protect
|
|move|p2a: Alomomola|Protect|p2a: Alomomola
|-singleturn|p2a: Alomomola|Protect
|move|p1a: Tangrowth|Giga Drain|p2a: Alomomola
|-activate|p2a: Alomomola|move: Protect
|
|-damage|p1a: Tangrowth|242\/403 tox|[from] psn
|upkeep
|turn|50
|choice|*|*move 2
|choice|*move 1|*
|choice|move gigadrain|move wish
|
|move|p2a: Alomomola|Wish|p2a: Alomomola
|move|p1a: Tangrowth|Giga Drain|p2a: Alomomola
|-supereffective|p2a: Alomomola
|-damage|p2a: Alomomola|127\/471
|-heal|p1a: Tangrowth|403\/403 tox|[from] drain|[of] p2a: Alomomola
|
|-damage|p1a: Tangrowth|353\/403 tox|[from] psn
|upkeep
|turn|51
|choice|*|*move 4
|choice|*move 3|*
|choice|move earthquake|move protect
|
|move|p2a: Alomomola|Protect|p2a: Alomomola
|-singleturn|p2a: Alomomola|Protect
|move|p1a: Tangrowth|Earthquake|p2a: Alomomola
|-activate|p2a: Alomomola|move: Protect
|
|-heal|p2a: Alomomola|362\/471|[from] move: Wish|[wisher] Alomomola
|-damage|p1a: Tangrowth|278\/403 tox|[from] psn
|upkeep
|turn|52
|choice|*move 1|*
|choice|*|*switch 3
|choice|move gigadrain|switch 3
|
|switch|p2a: Beedrill|Beedrill-Mega, M|153\/271
|move|p1a: Tangrowth|Giga Drain|p2a: Beedrill
|-resisted|p2a: Beedrill
|-damage|p2a: Beedrill|124\/271
|-heal|p1a: Tangrowth|293\/403 tox|[from] drain|[of] p2a: Beedrill
|
|-damage|p1a: Tangrowth|193\/403 tox|[from] psn
|upkeep
|turn|53
|choice|*|*move 1
|choice|*switch 3|*
|choice|switch 3|move poisonjab
|
|switch|p1a: Landorus|Landorus-Therian, M|149\/339
|-damage|p1a: Landorus|107\/339|[from] Stealth Rock
|-ability|p1a: Landorus|Intimidate|boost
|-unboost|p2a: Beedrill|atk|1
|move|p2a: Beedrill|Poison Jab|p1a: Landorus
|-resisted|p1a: Landorus
|-damage|p1a: Landorus|30\/339
|-status|p1a: Landorus|psn
|
|-damage|p1a: Landorus|0 fnt|[from] psn
|upkeep
|faint|p1a: Landorus
|choice|*switch 3|*
|choice|switch 3|
|
|switch|p1a: Tangrowth|Tangrowth, M|327\/403 tox
|-damage|p1a: Tangrowth|277\/403 tox|[from] Stealth Rock
|turn|54
|choice|*move 3|*
|choice|*|*move 2
|choice|move earthquake|move uturn
|
|move|p2a: Beedrill|U-turn|p1a: Tangrowth
|-supereffective|p1a: Tangrowth
|-damage|p1a: Tangrowth|85\/403 tox
|choice|*|*switch 3
|choice||switch 3
|
|switch|p2a: Alomomola|Alomomola, F|471\/471|[from]move: U-turn
|move|p1a: Tangrowth|Earthquake|p2a: Alomomola
|-damage|p2a: Alomomola|383\/471
|
|-damage|p1a: Tangrowth|60\/403 tox|[from] psn
|upkeep
|turn|55
|choice|*move 1|*
|choice|*|*move 4
|choice|move gigadrain|move protect
|
|move|p2a: Alomomola|Protect|p2a: Alomomola
|-singleturn|p2a: Alomomola|Protect
|move|p1a: Tangrowth|Giga Drain|p2a: Alomomola
|-activate|p2a: Alomomola|move: Protect
|
|-damage|p1a: Tangrowth|10\/403 tox|[from] psn
|upkeep
|turn|56
|choice|*|*move 1
|choice|*move 3|*
|choice|move earthquake|move scald
|
|move|p2a: Alomomola|Scald|p1a: Tangrowth
|-resisted|p1a: Tangrowth
|-damage|p1a: Tangrowth|0 fnt
|faint|p1a: Tangrowth
|
|win|Mahvel Party
Mahvel Party ha ganado 6.75 PokeDolares.
|raw|Puntaje de Ds90: 1080 &rarr; <strong>1070<\/strong><br \/>(-10 por perder)
|raw|Puntaje de Mahvel Party: 1161 &rarr; <strong>1184<\/strong><br \/>(+23 por ganar)
</script>
</div>
<div class="battle-log battle-log-inline"><div class="inner"><div class="battle-options"></div><div class="inner"><div class=""><small>Format:</small> <br><strong>OU</strong></div><div class="rated"><strong>Rated battle</strong></div><div class=""><small><em>Cláusula-Mod de Dormir:</em> solo puedes dormir a uno de tus oponentes a la vez.</small></div><div class=""><small><em>Cláusula de Especie:</em> Hasta un Pokémon de cada especie</small></div><div class=""><small><em>Cláusula de Golpe Fulminante:</em> los movimientos fulminantes (OHKO) estan prohibidos</small></div><div class=""><small><em>Cláusula de Veleta:</em> la habilidad Veleta está prohibida</small></div><div class=""><small><em>Cláusula de Movimientos Evasivos:</em> los movimientos de Evasión están prohibidos.</small></div><div class=""><small><em>Cláusula de Batallas Eternas:</em> forzar batallas eternas está prohibido</small></div><div class="chat battle-history"><strong>Ds90's team:</strong> <em style="color:#445566;display:block;">Nidoking / Magnezone / Tyranitar / Kartana / Landorus-Therian / Tangrowth</em></div><div class="chat battle-history"><strong>Mahvel Party's team:</strong> <em style="color:#445566;display:block;">Beedrill / Snorlax / Alomomola / Landorus-Therian / Ursaring / Gengar</em></div><div class="spacer battle-history"><br></div><div class="battle-history">Battle started between Ds90 and Mahvel Party!<br></div><div class="spacer battle-history"><br></div><div class="battle-history">Go! <strong>Nidoking</strong>!<br></div><div class="spacer battle-history"><br></div><div class="battle-history">Mahvel Party sent out Landorus (<strong>Landorus-Therian</strong>)!<br></div><div class="battle-history"><small>[The opposing Landorus's Intimidate]</small><br></div><div class="battle-history"><small>Nidoking's Attack fell!</small><br></div><div class="spacer battle-history"><br></div><h2 class="battle-history">Turn 1</h2><div class="spacer battle-history"><br></div><div class="battle-history">Mahvel Party withdrew Landorus!<br></div><div class="battle-history">Mahvel Party sent out <strong>Snorlax</strong>!<br></div><div class="spacer battle-history"><br></div><div class="battle-history">Nidoking used <strong>Ice Beam</strong>!<br></div><div class="battle-history"><small>(The opposing Snorlax lost <abbr title="−44/524">8.4%</abbr> of its health!)</small><br></div><div class="spacer battle-history"><br></div><div class="battle-history"><small>The opposing Snorlax restored a little HP using its Leftovers!</small><br></div><div class="spacer battle-history"><br></div><h2 class="battle-history">Turn 2</h2><div class="spacer battle-history"><br></div><div class="battle-history">Nidoking, come back!<br></div><div class="battle-history">Go! Landorus (<strong>Landorus-Therian</strong>)!<br></div><div class="battle-history"><small>[Landorus's Intimidate]</small><br></div><div class="battle-history"><small>The opposing Snorlax's Attack fell!</small><br></div><div class="spacer battle-history"><br></div><div class="battle-history">The opposing Snorlax used <strong>Yawn</strong>!<br></div><div class="battle-history"><small>Landorus grew drowsy!</small><br></div><div class="spacer battle-history"><br></div><div class="battle-history"><small>The opposing Snorlax restored a little HP using its Leftovers!</small><br></div><div class="spacer battle-history"><br></div><h2 class="battle-history">Turn 3</h2><div class="spacer battle-history"><br></div><div class="battle-history">Landorus used <strong>U-turn</strong>!<br></div><div class="battle-history"><small>(The opposing Snorlax lost <abbr title="−106/524">20.2%</abbr> of its health!)</small><br></div><div class="spacer battle-history"><br></div><div class="battle-history">Landorus went back to Ds90!<br></div><div class="battle-history">Go! <strong>Kartana</strong>!<br></div><div class="spacer battle-history"><br></div><div class="battle-history">The opposing Snorlax used <strong>Yawn</strong>!<br></div><div class="battle-history"><small>Kartana grew drowsy!</small><br></div><div class="spacer battle-history"><br></div><div class="battle-history"><small>The opposing Snorlax restored a little HP using its Leftovers!</small><br></div><div class="spacer battle-history"><br></div><h2 class="battle-history">Turn 4</h2><div class="spacer battle-history"><br></div><div class="battle-history">Kartana, come back!<br></div><div class="battle-history">Go! Landorus (<strong>Landorus-Therian</strong>)!<br></div><div class="battle-history"><small>[Landorus's Intimidate]</small><br></div><div class="battle-history"><small>The opposing Snorlax's Attack fell!</small><br></div><div class="spacer battle-history"><br></div><div class="battle-history">Mahvel Party withdrew Snorlax!<br></div><div class="battle-history">Mahvel Party sent out <strong>Ursaring</strong>!<br></div><div class="spacer battle-history"><br></div><div class="battle-history"><small>The opposing Ursaring was burned!</small><br></div><div class="spacer battle-history"><br></div><h2 class="battle-history">Turn 5</h2><div class="spacer battle-history"><br></div><div class="battle-history">Landorus used <strong>U-turn</strong>!<br></div><div class="battle-history"><small>(The opposing Ursaring lost <abbr title="−85/383">22.2%</abbr> of its health!)</small><br></div><div class="spacer battle-history"><br></div><div class="battle-history">Landorus went back to Ds90!<br></div><div class="battle-history">Go! <strong>Tangrowth</strong>!<br></div><div class="spacer battle-history"><br></div><div class="battle-history">The opposing Ursaring used <strong>Avalanche</strong>!<br></div><div class="battle-history"><small>It's super effective!</small><br></div><div class="battle-history"><small>(Tangrowth lost <abbr title="−122/403">30.3%</abbr> of its health!)</small><br></div><div class="spacer battle-history"><br></div><div class="battle-history"><small>The opposing Ursaring was hurt by its burn!</small><br></div><div class="spacer battle-history"><br></div><h2 class="battle-history">Turn 6</h2><div class="spacer battle-history"><br></div><div class="battle-history">Mahvel Party withdrew Ursaring!<br></div><div class="battle-history">Mahvel Party sent out <strong>Beedrill</strong>!<br></div><div class="spacer battle-history"><br></div><div class="battle-history">Tangrowth used <strong>Giga Drain</strong>!<br></div><div class="battle-history"><small>It's not very effective...</small><br></div><div class="battle-history"><small>(The opposing Beedrill lost <abbr title="−30/271">11.1%</abbr> of its health!)</small><br></div><div class="battle-history"><small>The opposing Beedrill had its energy drained!</small><br></div><div class="spacer battle-history"><br></div><h2 class="battle-history">Turn 7</h2><div class="spacer battle-history"><br></div><div class="battle-history">Tangrowth, come back!<br></div><div class="battle-history">Go! Landorus (<strong>Landorus-Therian</strong>)!<br></div><div class="battle-history"><small>[Landorus's Intimidate]</small><br></div><div class="battle-history"><small>The opposing Beedrill's Attack fell!</small><br></div><div class="spacer battle-history"><br></div><div class="battle-history"><small>The opposing Beedrill's Beedrillite is reacting to the Key Stone!</small><br>The opposing Beedrill has Mega Evolved into Mega Beedrill!<br></div><div class="spacer battle-history"><br></div><div class="battle-history">The opposing Beedrill used <strong>U-turn</strong>!<br></div><div class="battle-history"><small>It's not very effective...</small><br></div><div class="battle-history"><small>(Landorus lost <abbr title="−64/339">18.9%</abbr> of its health!)</small><br></div><div class="spacer battle-history"><br></div><div class="battle-history">The opposing Beedrill went back to Mahvel Party!<br></div><div class="battle-history">Mahvel Party sent out Landorus (<strong>Landorus-Therian</strong>)!<br></div><div class="battle-history"><small>[The opposing Landorus's Intimidate]</small><br></div><div class="battle-history"><small>Landorus's Attack fell!</small><br></div><div class="spacer battle-history"><br></div><h2 class="battle-history">Turn 8</h2><div class="spacer battle-history"><br></div><div class="battle-history">Landorus used <strong>Hidden Power</strong>!<br></div><div class="battle-history"><small>It's super effective!</small><br></div><div class="battle-history"><small>(The opposing Landorus lost <abbr title="−228/373">61.1%</abbr> of its health!)</small><br></div><div class="spacer battle-history"><br></div><div class="battle-history">The opposing Landorus used <strong>Stealth Rock</strong>!<br></div><div class="battle-history"><small>Pointed stones float in the air around your team!</small><br></div><div class="spacer battle-history"><br></div><div class="battle-history"><small>The opposing Landorus restored a little HP using its Leftovers!</small><br></div><div class="spacer battle-history"><br></div><h2 class="battle-history">Turn 9</h2><div class="spacer battle-history"><br></div><div class="battle-history">Landorus, come back!<br></div><div class="battle-history">Go! <strong>Kartana</strong>!<br></div><div class="battle-history"><small>Pointed stones dug into Kartana!</small><br></div><div class="spacer battle-history"><br></div><div class="battle-history">Mahvel Party withdrew Landorus!<br></div><div class="battle-history">Mahvel Party sent out <strong>Alomomola</strong>!<br></div><div class="spacer battle-history"><br></div><h2 class="battle-history">Turn 10</h2><div class="spacer battle-history"><br></div><div class="battle-history">Kartana used <strong>Defog</strong>!<br></div><div class="battle-history"><small>The opposing Alomomola's evasiveness fell!</small><br></div><div class="battle-history"><small>The pointed stones disappeared from around your team!</small><br></div><div class="spacer battle-history"><br></div><div class="battle-history">The opposing Alomomola used <strong>Wish</strong>!<br></div><div class="spacer battle-history"><br></div><h2 class="battle-history">Turn 11</h2><div class="spacer battle-history"><br></div><div class="battle-history">Kartana, come back!<br></div><div class="battle-history">Go! Landorus (<strong>Landorus-Therian</strong>)!<br></div><div class="battle-history"><small>[Landorus's Intimidate]</small><br></div><div class="battle-history"><small>The opposing Alomomola's Attack fell!</small><br></div><div class="spacer battle-history"><br></div><div class="battle-history">Mahvel Party withdrew Alomomola!<br></div><div class="battle-history">Mahvel Party sent out Landorus (<strong>Landorus-Therian</strong>)!<br></div><div class="battle-history"><small>[The opposing Landorus's Intimidate]</small><br></div><div class="battle-history"><small>Landorus's Attack fell!</small><br></div><div class="spacer battle-history"><br></div><div class="battle-history"><small>Alomomola's wish came true!</small><br></div><div class="spacer battle-history"><br></div><h2 class="battle-history">Turn 12</h2><div class="spacer battle-history"><br></div><div class="battle-history">Landorus, come back!<br></div><div class="battle-history">Go! <strong>Nidoking</strong>!<br></div><div class="spacer battle-history"><br></div><div class="battle-history">Mahvel Party withdrew Landorus!<br></div><div class="battle-history">Mahvel Party sent out <strong>Alomomola</strong>!<br></div><div class="spacer battle-history"><br></div><h2 class="battle-history">Turn 13</h2><div class="spacer battle-history"><br></div><div class="battle-history">The opposing Alomomola used <strong>Protect</strong>!<br></div><div class="battle-history"><small>The opposing Alomomola protected itself!</small><br></div><div class="spacer battle-history"><br></div><div class="battle-history">Nidoking used <strong>Sludge Wave</strong>!<br></div><div class="battle-history"><small>The opposing Alomomola protected itself!</small><br></div><div class="spacer battle-history"><br></div><h2 class="battle-history">Turn 14</h2><div class="spacer battle-history"><br></div><div class="battle-history">Nidoking, come back!<br></div><div class="battle-history">Go! <strong>Tangrowth</strong>!<br></div><div class="spacer battle-history"><br></div><div class="battle-history">Mahvel Party withdrew Alomomola!<br></div><div class="battle-history">Mahvel Party sent out <strong>Snorlax</strong>!<br></div><div class="spacer battle-history"><br></div><div class="battle-history"><small>The opposing Snorlax restored a little HP using its Leftovers!</small><br></div><div class="spacer battle-history"><br></div><h2 class="battle-history">Turn 15</h2><div class="spacer battle-history"><br></div><div class="battle-history">Mahvel Party withdrew Snorlax!<br></div><div class="battle-history">Mahvel Party sent out <strong>Alomomola</strong>!<br></div><div class="spacer battle-history"><br></div><div class="battle-history">Tangrowth used <strong>Knock Off</strong>!<br></div><div class="battle-history"><small>(The opposing Alomomola lost <abbr title="−88/471">18.7%</abbr> of its health!)</small><br></div><div class="battle-history"><small>Tangrowth knocked off the opposing Alomomola's Leftovers!</small><br></div><div class="spacer battle-history"><br></div><h2 class="battle-history">Turn 16</h2><div class="spacer battle-history"><br></div><div class="battle-history">Tangrowth, come back!<br></div><div class="battle-history">Go! <strong>Kartana</strong>!<br></div><div class="spacer battle-history"><br></div><div class="battle-history">The opposing Alomomola used <strong>Wish</strong>!<br></div><div class="spacer battle-history"><br></div><h2 class="battle-history">Turn 17</h2><div class="spacer battle-history"><br></div><div class="battle-history">Mahvel Party withdrew Alomomola!<br></div><div class="battle-history">Mahvel Party sent out <strong>Ursaring</strong>!<br></div><div class="spacer battle-history"><br></div><div class="battle-history">Kartana used <strong>Swords Dance</strong>!<br></div><div class="battle-history"><small>Kartana's Attack rose sharply!</small><br></div><div class="spacer battle-history"><br></div><div class="battle-history"><small>Alomomola's wish came true!</small><br></div><div class="battle-history"><small>The opposing Ursaring was hurt by its burn!</small><br></div><div class="spacer battle-history"><br></div><h2 class="battle-history">Turn 18</h2><div class="spacer battle-history"><br></div><div class="battle-history">Kartana used <strong>Sacred Sword</strong>!<br></div><div class="battle-history"><small>It's super effective!</small><br></div><div class="battle-history"><small>(The opposing Ursaring lost <abbr title="−360/383">94.0%</abbr> of its health!)</small><br></div><div class="spacer battle-history"><br></div><div class="battle-history">The opposing Ursaring fainted!<br></div><div class="battle-history"><small>[Kartana's Beast Boost]</small><br></div><div class="battle-history"><small>Kartana's Attack rose!</small><br></div><div class="spacer battle-history"><br></div><div class="battle-history">Mahvel Party sent out <strong>Gengar</strong>!<br></div><div class="spacer battle-history"><br></div><h2 class="battle-history">Turn 19</h2><div class="spacer battle-history"><br></div><div class="battle-history">The opposing Gengar used <strong>Focus Blast</strong>!<br></div><div class="battle-history"><small>It's super effective!</small><br></div><div class="battle-history"><small>(Kartana lost <abbr title="−243/259">93.8%</abbr> of its health!)</small><br></div><div class="spacer battle-history"><br></div><div class="battle-history">Kartana fainted!<br></div><div class="spacer battle-history"><br></div><div class="battle-history">Go! <strong>Nidoking</strong>!<br></div><div class="spacer battle-history"><br></div><h2 class="battle-history">Turn 20</h2><div class="spacer battle-history"><br></div><div class="battle-history">Mahvel Party withdrew Gengar!<br></div><div class="battle-history">Mahvel Party sent out <strong>Snorlax</strong>!<br></div><div class="spacer battle-history"><br></div><div class="battle-history">Nidoking used <strong>Ice Beam</strong>!<br></div><div class="battle-history"><small>(The opposing Snorlax lost <abbr title="−51/524">9.7%</abbr> of its health!)</small><br></div><div class="spacer battle-history"><br></div><div class="battle-history"><small>The opposing Snorlax restored a little HP using its Leftovers!</small><br></div><div class="spacer battle-history"><br></div><h2 class="battle-history">Turn 21</h2><div class="spacer battle-history"><br></div><div class="battle-history">Nidoking, come back!<br></div><div class="battle-history">Go! <strong>Tangrowth</strong>!<br></div><div class="spacer battle-history"><br></div><div class="battle-history">The opposing Snorlax used <strong>Yawn</strong>!<br></div><div class="battle-history"><small>Tangrowth grew drowsy!</small><br></div><div class="spacer battle-history"><br></div><div class="battle-history"><small>The opposing Snorlax restored a little HP using its Leftovers!</small><br></div><div class="spacer battle-history"><br></div><h2 class="battle-history">Turn 22</h2><div class="spacer battle-history"><br></div><div class="battle-history">Tangrowth, come back!<br></div><div class="battle-history">Go! Landorus (<strong>Landorus-Therian</strong>)!<br></div><div class="battle-history"><small>[Landorus's Intimidate]</small><br></div><div class="battle-history"><small>The opposing Snorlax's Attack fell!</small><br></div><div class="spacer battle-history"><br></div><div class="battle-history">Mahvel Party withdrew Snorlax!<br></div><div class="battle-history">Mahvel Party sent out Beedrill (<strong>Beedrill-Mega</strong>)!<br></div><div class="spacer battle-history"><br></div><h2 class="battle-history">Turn 23</h2><div class="spacer battle-history"><br></div><div class="battle-history">Landorus, come back!<br></div><div class="battle-history">Go! <strong>Magnezone</strong>!<br></div><div class="spacer battle-history"><br></div><div class="battle-history">Mahvel Party withdrew Beedrill!<br></div><div class="battle-history">Mahvel Party sent out Landorus (<strong>Landorus-Therian</strong>)!<br></div><div class="battle-history"><small>[The opposing Landorus's Intimidate]</small><br></div><div class="battle-history"><small>Magnezone's Attack fell!</small><br></div><div class="spacer battle-history"><br></div><h2 class="battle-history">Turn 24</h2><div class="spacer battle-history"><br></div><div class="battle-history">Magnezone, come back!<br></div><div class="battle-history">Go! <strong>Nidoking</strong>!<br></div><div class="spacer battle-history"><br></div><div class="battle-history">The opposing Landorus used <strong>Stealth Rock</strong>!<br></div><div class="battle-history"><small>Pointed stones float in the air around your team!</small><br></div><div class="spacer battle-history"><br></div><h2 class="battle-history">Turn 25</h2><div class="spacer battle-history"><br></div><div class="battle-history">Mahvel Party withdrew Landorus!<br></div><div class="battle-history">Mahvel Party sent out <strong>Snorlax</strong>!<br></div><div class="spacer battle-history"><br></div><div class="battle-history">Nidoking used <strong>Sludge Wave</strong>!<br></div><div class="battle-history"><small>(The opposing Snorlax lost <abbr title="−157/524">30.0%</abbr> of its health!)</small><br></div><div class="spacer battle-history"><br></div><div class="battle-history"><small>The opposing Snorlax restored a little HP using its Leftovers!</small><br></div><div class="spacer battle-history"><br></div><h2 class="battle-history">Turn 26</h2><div class="spacer battle-history"><br></div><div class="battle-history">Nidoking used <strong>Earth Power</strong>!<br></div><div class="battle-history"><small>(The opposing Snorlax lost <abbr title="−142/524">27.1%</abbr> of its health!)</small><br></div><div class="spacer battle-history"><br></div><div class="battle-history">The opposing Snorlax used <strong>Flamethrower</strong>!<br></div><div class="battle-history"><small>(Nidoking lost <abbr title="−58/303">19.1%</abbr> of its health!)</small><br></div><div class="spacer battle-history"><br></div><div class="battle-history"><small>The opposing Snorlax restored a little HP using its Leftovers!</small><br></div><div class="spacer battle-history"><br></div><h2 class="battle-history">Turn 27</h2><div class="spacer battle-history"><br></div><div class="battle-history">Nidoking used <strong>Earth Power</strong>!<br></div><div class="battle-history"><small>(The opposing Snorlax lost <abbr title="−133/524">25.4%</abbr> of its health!)</small><br></div><div class="spacer battle-history"><br></div><div class="battle-history">The opposing Snorlax used <strong>Yawn</strong>!<br></div><div class="battle-history"><small>Nidoking grew drowsy!</small><br></div><div class="spacer battle-history"><br></div><div class="battle-history"><small>The opposing Snorlax restored a little HP using its Leftovers!</small><br></div><div class="spacer battle-history"><br></div><h2 class="battle-history">Turn 28</h2><div class="spacer battle-history"><br></div><div class="battle-history">Nidoking, come back!<br></div><div class="battle-history">Go! Landorus (<strong>Landorus-Therian</strong>)!<br></div><div class="battle-history"><small>Pointed stones dug into Landorus!</small><br></div><div class="battle-history"><small>[Landorus's Intimidate]</small><br></div><div class="battle-history"><small>The opposing Snorlax's Attack fell!</small><br></div><div class="spacer battle-history"><br></div><div class="battle-history">Mahvel Party withdrew Snorlax!<br></div><div class="battle-history">Mahvel Party sent out Beedrill (<strong>Beedrill-Mega</strong>)!<br></div><div class="spacer battle-history"><br></div><h2 class="battle-history">Turn 29</h2><div class="spacer battle-history"><br></div><div class="battle-history">Landorus used <strong>U-turn</strong>!<br></div><div class="battle-history"><small>It's not very effective...</small><br></div><div class="battle-history"><small>(The opposing Beedrill lost <abbr title="−88/271">32.5%</abbr> of its health!)</small><br></div><div class="chat chatmessage-mahvelparty"><strong style="color:hsl(214,54%,49.959496616864456%)"><small>☆</small><span class="username" data-name="Mahvel Party">Mahvel Party</span>:</strong> <em>ty reveal scarf</em></div><div class="spacer battle-history"><br></div><div class="battle-history">Landorus went back to Ds90!<br></div><div class="battle-history">Go! <strong>Nidoking</strong>!<br></div><div class="battle-history"><small>Pointed stones dug into Nidoking!</small><br></div><div class="spacer battle-history"><br></div><div class="battle-history">The opposing Beedrill used <strong>U-turn</strong>!<br></div><div class="battle-history"><small>It's not very effective...</small><br></div><div class="battle-history"><small>(Nidoking lost <abbr title="−120/303">39.6%</abbr> of its health!)</small><br></div><div class="spacer battle-history"><br></div><div class="battle-history">The opposing Beedrill went back to Mahvel Party!<br></div><div class="battle-history">Mahvel Party sent out <strong>Gengar</strong>!<br></div><div class="spacer battle-history"><br></div><h2 class="battle-history">Turn 30</h2><div class="spacer battle-history"><br></div><div class="battle-history">Nidoking, come back!<br></div><div class="battle-history">Go! <strong>Magnezone</strong>!<br></div><div class="battle-history"><small>Pointed stones dug into Magnezone!</small><br></div><div class="spacer battle-history"><br></div><div class="battle-history">The opposing Gengar used <strong>Shadow Ball</strong>!<br></div><div class="battle-history"><small>(Magnezone lost <abbr title="−186/281">66.2%</abbr> of its health!)</small><br></div><div class="spacer battle-history"><br></div><h2 class="battle-history">Turn 31</h2><div class="spacer battle-history"><br></div><div class="battle-history">Mahvel Party withdrew Gengar!<br></div><div class="battle-history">Mahvel Party sent out Landorus (<strong>Landorus-Therian</strong>)!<br></div><div class="battle-history"><small>[The opposing Landorus's Intimidate]</small><br></div><div class="battle-history"><small>Magnezone's Attack fell!</small><br></div><div class="spacer battle-history"><br></div><div class="battle-history">Magnezone used <strong>Flash Cannon</strong>!<br></div><div class="battle-history"><small>(The opposing Landorus lost <abbr title="−162/373">43.4%</abbr> of its health!)</small><br></div><div class="battle-history"><small>The opposing Landorus's Special Defense fell!</small><br></div><div class="spacer battle-history"><br></div><div class="battle-history"><small>The opposing Landorus restored a little HP using its Leftovers!</small><br></div><div class="spacer battle-history"><br></div><h2 class="battle-history">Turn 32</h2><div class="spacer battle-history"><br></div><div class="battle-history">Magnezone used <strong>Flash Cannon</strong>!<br></div><div class="battle-history"><small>(The opposing Landorus lost <abbr title="−234/373">62.7%</abbr> of its health!)</small><br></div><div class="spacer battle-history"><br></div><div class="battle-history">The opposing Landorus fainted!<br></div><div class="spacer battle-history"><br></div><div class="battle-history">Mahvel Party sent out <strong>Alomomola</strong>!<br></div><div class="spacer battle-history"><br></div><h2 class="battle-history">Turn 33</h2><div class="spacer battle-history"><br></div><div class="battle-history">Magnezone, come back!<br></div><div class="battle-history">Go! <strong>Tangrowth</strong>!<br></div><div class="battle-history"><small>Pointed stones dug into Tangrowth!</small><br></div><div class="spacer battle-history"><br></div><div class="battle-history">The opposing Alomomola used <strong>Wish</strong>!<br></div><div class="spacer battle-history"><br></div><h2 class="battle-history">Turn 34</h2><div class="spacer battle-history"><br></div><div class="battle-history">Mahvel Party withdrew Alomomola!<br></div><div class="battle-history">Mahvel Party sent out <strong>Snorlax</strong>!<br></div><div class="spacer battle-history"><br></div><div class="battle-history">Tangrowth used <strong>Earthquake</strong>!<br></div><div class="battle-history"><small>A critical hit!</small><br></div><div class="battle-history"><small>(The opposing Snorlax lost <abbr title="−159/524">30.3%</abbr> of its health!)</small><br></div><div class="spacer battle-history"><br></div><div class="battle-history">The opposing Snorlax fainted!<br></div><div class="spacer battle-history"><br></div><div class="battle-history">Mahvel Party sent out <strong>Gengar</strong>!<br></div><div class="spacer battle-history"><br></div><h2 class="battle-history">Turn 35</h2><div class="spacer battle-history"><br></div><div class="battle-history">Tangrowth, come back!<br></div><div class="battle-history">Go! <strong>Tyranitar</strong>!<br></div><div class="battle-history"><small>Pointed stones dug into Tyranitar!</small><br></div><div class="battle-history"><small>[Tyranitar's Sand Stream]</small><br><small>A sandstorm kicked up!</small><br></div><div class="spacer battle-history"><br></div><div class="battle-history">The opposing Gengar used <strong>Focus Blast</strong>!<br></div><div class="battle-history"><small>It's super effective!</small><br></div><div class="battle-history"><small>(Tyranitar lost <abbr title="−332/403">82.4%</abbr> of its health!)</small><br></div><div class="spacer battle-history"><br></div><div class="battle-history"><small>The sandstorm is raging.</small><br></div><div class="battle-history"><small>The opposing Gengar is buffeted by the sandstorm!</small><br></div><div class="spacer battle-history"><br></div><h2 class="battle-history">Turn 36</h2><div class="spacer battle-history"><br></div><div class="battle-history"><small>Tyranitar's Tyranitarite is reacting to the Key Stone!</small><br>Tyranitar has Mega Evolved into Mega Tyranitar!<br></div><div class="spacer battle-history"><br></div><div class="battle-history">The opposing Gengar used <strong>Shadow Ball</strong>!<br></div><div class="battle-history"><small>It's not very effective...</small><br></div><div class="battle-history"><small>(Tyranitar lost <abbr title="−21/403">5.2%</abbr> of its health!)</small><br></div><div class="spacer battle-history"><br></div><div class="battle-history">Tyranitar fainted!<br></div><div class="spacer battle-history"><br></div><div class="battle-history"><small>The sandstorm is raging.</small><br></div><div class="battle-history"><small>The opposing Gengar is buffeted by the sandstorm!</small><br></div><div class="spacer battle-history"><br></div><div class="battle-history">Go! Landorus (<strong>Landorus-Therian</strong>)!<br></div><div class="battle-history"><small>Pointed stones dug into Landorus!</small><br></div><div class="battle-history"><small>[Landorus's Intimidate]</small><br></div><div class="battle-history"><small>The opposing Gengar's Attack fell!</small><br></div><div class="spacer battle-history"><br></div><h2 class="battle-history">Turn 37</h2><div class="spacer battle-history"><br></div><div class="battle-history">Mahvel Party withdrew Gengar!<br></div><div class="battle-history">Mahvel Party sent out <strong>Alomomola</strong>!<br></div><div class="spacer battle-history"><br></div><div class="battle-history">Landorus used <strong>Earthquake</strong>!<br></div><div class="battle-history"><small>(The opposing Alomomola lost <abbr title="−216/471">45.9%</abbr> of its health!)</small><br></div><div class="spacer battle-history"><br></div><div class="battle-history"><small>The sandstorm is raging.</small><br></div><div class="battle-history"><small>The opposing Alomomola is buffeted by the sandstorm!</small><br></div><div class="spacer battle-history"><br></div><h2 class="battle-history">Turn 38</h2><div class="spacer battle-history"><br></div><div class="battle-history">Landorus, come back!<br></div><div class="battle-history">Go! <strong>Tangrowth</strong>!<br></div><div class="battle-history"><small>Pointed stones dug into Tangrowth!</small><br></div><div class="spacer battle-history"><br></div><div class="battle-history">The opposing Alomomola used <strong>Wish</strong>!<br></div><div class="spacer battle-history"><br></div><div class="battle-history"><small>The sandstorm is raging.</small><br></div><div class="battle-history"><small>The opposing Alomomola is buffeted by the sandstorm!</small><br></div><div class="battle-history"><small>Tangrowth is buffeted by the sandstorm!</small><br></div><div class="spacer battle-history"><br></div><h2 class="battle-history">Turn 39</h2><div class="spacer battle-history"><br></div><div class="battle-history">The opposing Alomomola used <strong>Toxic</strong>!<br></div><div class="battle-history"><small>Tangrowth was badly poisoned!</small><br></div><div class="spacer battle-history"><br></div><div class="battle-history">Tangrowth used <strong>Earthquake</strong>!<br></div><div class="battle-history"><small>(The opposing Alomomola lost <abbr title="−90/471">19.1%</abbr> of its health!)</small><br></div><div class="spacer battle-history"><br></div><div class="battle-history"><small>The sandstorm subsided.</small><br></div><div class="battle-history"><small>Alomomola's wish came true!</small><br></div><div class="battle-history"><small>Tangrowth was hurt by poison!</small><br></div><div class="spacer battle-history"><br></div><h2 class="battle-history">Turn 40</h2><div class="spacer battle-history"><br></div><div class="battle-history">Mahvel Party withdrew Alomomola!<br></div><div class="battle-history">Mahvel Party sent out <strong>Gengar</strong>!<br></div><div class="spacer battle-history"><br></div><div class="battle-history">Tangrowth used <strong>Giga Drain</strong>!<br></div><div class="battle-history"><small>It's not very effective...</small><br></div><div class="battle-history"><small>(The opposing Gengar lost <abbr title="−55/261">21.1%</abbr> of its health!)</small><br></div><div class="battle-history"><small>The opposing Gengar had its energy drained!</small><br></div><div class="spacer battle-history"><br></div><div class="battle-history"><small>Tangrowth was hurt by poison!</small><br></div><div class="spacer battle-history"><br></div><h2 class="battle-history">Turn 41</h2><div class="spacer battle-history"><br></div><div class="battle-history">Tangrowth, come back!<br></div><div class="battle-history">Go! <strong>Magnezone</strong>!<br></div><div class="battle-history"><small>Pointed stones dug into Magnezone!</small><br></div><div class="spacer battle-history"><br></div><div class="battle-history">The opposing Gengar used <strong>Sludge Bomb</strong>!<br></div><div class="battle-history"><small>It doesn't affect Magnezone...</small><br></div><div class="spacer battle-history"><br></div><h2 class="battle-history">Turn 42</h2><div class="spacer battle-history"><br></div><div class="battle-history">Magnezone used <strong>Thunderbolt</strong>!<br></div><div class="battle-history"><small>(The opposing Gengar lost <abbr title="−174/261">66.7%</abbr> of its health!)</small><br></div><div class="spacer battle-history"><br></div><div class="battle-history">The opposing Gengar fainted!<br></div><div class="spacer battle-history"><br></div><div class="battle-history">Mahvel Party sent out Beedrill (<strong>Beedrill-Mega</strong>)!<br></div><div class="spacer battle-history"><br></div><h2 class="battle-history">Turn 43</h2><div class="spacer battle-history"><br></div><div class="battle-history">Magnezone, come back!<br></div><div class="battle-history">Go! <strong>Nidoking</strong>!<br></div><div class="battle-history"><small>Pointed stones dug into Nidoking!</small><br></div><div class="spacer battle-history"><br></div><div class="battle-history">The opposing Beedrill used <strong>U-turn</strong>!<br></div><div class="battle-history"><small>It's not very effective...</small><br></div><div class="battle-history"><small>(Nidoking lost <abbr title="−89/303">29.4%</abbr> of its health!)</small><br></div><div class="spacer battle-history"><br></div><div class="battle-history">Nidoking fainted!<br></div><div class="spacer battle-history"><br></div><div class="battle-history">The opposing Beedrill went back to Mahvel Party!<br></div><div class="battle-history">Mahvel Party sent out <strong>Alomomola</strong>!<br></div><div class="spacer battle-history"><br></div><div class="battle-history">Go! <strong>Tangrowth</strong>!<br></div><div class="battle-history"><small>Pointed stones dug into Tangrowth!</small><br></div><div class="spacer battle-history"><br></div><h2 class="battle-history">Turn 44</h2><div class="spacer battle-history"><br></div><div class="battle-history">Tangrowth, come back!<br></div><div class="battle-history">Go! Landorus (<strong>Landorus-Therian</strong>)!<br></div><div class="battle-history"><small>Pointed stones dug into Landorus!</small><br></div><div class="battle-history"><small>[Landorus's Intimidate]</small><br></div><div class="battle-history"><small>The opposing Alomomola's Attack fell!</small><br></div><div class="spacer battle-history"><br></div><div class="battle-history">The opposing Alomomola used <strong>Wish</strong>!<br></div><div class="spacer battle-history"><br></div><h2 class="battle-history">Turn 45</h2><div class="spacer battle-history"><br></div><div class="battle-history">Landorus used <strong>U-turn</strong>!<br></div><div class="battle-history"><small>(The opposing Alomomola lost <abbr title="−102/471">21.7%</abbr> of its health!)</small><br></div><div class="spacer battle-history"><br></div><div class="battle-history">Landorus went back to Ds90!<br></div><div class="battle-history">Go! <strong>Tangrowth</strong>!<br></div><div class="battle-history"><small>Pointed stones dug into Tangrowth!</small><br></div><div class="spacer battle-history"><br></div><div class="battle-history">The opposing Alomomola used <strong>Scald</strong>!<br></div><div class="battle-history"><small>It's not very effective...</small><br></div><div class="battle-history"><small>(Tangrowth lost <abbr title="−20/403">5.0%</abbr> of its health!)</small><br></div><div class="spacer battle-history"><br></div><div class="battle-history"><small>Alomomola's wish came true!</small><br></div><div class="battle-history"><small>Tangrowth was hurt by poison!</small><br></div><div class="spacer battle-history"><br></div><h2 class="battle-history">Turn 46</h2><div class="spacer battle-history"><br></div><div class="battle-history">The opposing Alomomola used <strong>Protect</strong>!<br></div><div class="battle-history"><small>The opposing Alomomola protected itself!</small><br></div><div class="spacer battle-history"><br></div><div class="battle-history">Tangrowth used <strong>Giga Drain</strong>!<br></div><div class="battle-history"><small>The opposing Alomomola protected itself!</small><br></div><div class="spacer battle-history"><br></div><div class="battle-history"><small>Tangrowth was hurt by poison!</small><br></div><div class="spacer battle-history"><br></div><h2 class="battle-history">Turn 47</h2><div class="spacer battle-history"><br></div><div class="battle-history">The opposing Alomomola used <strong>Wish</strong>!<br></div><div class="spacer battle-history"><br></div><div class="battle-history">Tangrowth used <strong>Earthquake</strong>!<br></div><div class="battle-history"><small>(The opposing Alomomola lost <abbr title="−96/471">20.4%</abbr> of its health!)</small><br></div><div class="spacer battle-history"><br></div><div class="battle-history"><small>Tangrowth was hurt by poison!</small><br></div><div class="spacer battle-history"><br></div><h2 class="battle-history">Turn 48</h2><div class="spacer battle-history"><br></div><div class="battle-history">Tangrowth, come back!<br></div><div class="battle-history">Go! <strong>Magnezone</strong>!<br></div><div class="battle-history"><small>Pointed stones dug into Magnezone!</small><br></div><div class="spacer battle-history"><br></div><div class="battle-history">The opposing Alomomola used <strong>Scald</strong>!<br></div><div class="battle-history"><small>(Magnezone lost <abbr title="−44/281">15.7%</abbr> of its health!)</small><br></div><div class="spacer battle-history"><br></div><div class="battle-history">Magnezone fainted!<br></div><div class="spacer battle-history"><br></div><div class="battle-history"><small>Alomomola's wish came true!</small><br></div><div class="chat chatmessage-mahvelparty"><strong style="color:hsl(214,54%,49.959496616864456%)"><small>☆</small><span class="username" data-name="Mahvel Party">Mahvel Party</span>:</strong> <em>gg</em></div><div class="spacer battle-history"><br></div><div class="battle-history">Go! <strong>Tangrowth</strong>!<br></div><div class="battle-history"><small>Pointed stones dug into Tangrowth!</small><br></div><div class="spacer battle-history"><br></div><h2 class="battle-history">Turn 49</h2><div class="spacer battle-history"><br></div><div class="battle-history">The opposing Alomomola used <strong>Protect</strong>!<br></div><div class="battle-history"><small>The opposing Alomomola protected itself!</small><br></div><div class="spacer battle-history"><br></div><div class="battle-history">Tangrowth used <strong>Giga Drain</strong>!<br></div><div class="battle-history"><small>The opposing Alomomola protected itself!</small><br></div><div class="spacer battle-history"><br></div><div class="battle-history"><small>Tangrowth was hurt by poison!</small><br></div><div class="spacer battle-history"><br></div><h2 class="battle-history">Turn 50</h2><div class="spacer battle-history"><br></div><div class="battle-history">The opposing Alomomola used <strong>Wish</strong>!<br></div><div class="spacer battle-history"><br></div><div class="battle-history">Tangrowth used <strong>Giga Drain</strong>!<br></div><div class="battle-history"><small>It's super effective!</small><br></div><div class="battle-history"><small>(The opposing Alomomola lost <abbr title="−344/471">73.0%</abbr> of its health!)</small><br></div><div class="battle-history"><small>The opposing Alomomola had its energy drained!</small><br></div><div class="spacer battle-history"><br></div><div class="battle-history"><small>Tangrowth was hurt by poison!</small><br></div><div class="spacer battle-history"><br></div><h2 class="battle-history">Turn 51</h2><div class="spacer battle-history"><br></div><div class="battle-history">The opposing Alomomola used <strong>Protect</strong>!<br></div><div class="battle-history"><small>The opposing Alomomola protected itself!</small><br></div><div class="spacer battle-history"><br></div><div class="battle-history">Tangrowth used <strong>Earthquake</strong>!<br></div><div class="battle-history"><small>The opposing Alomomola protected itself!</small><br></div><div class="spacer battle-history"><br></div><div class="battle-history"><small>Alomomola's wish came true!</small><br></div><div class="battle-history"><small>Tangrowth was hurt by poison!</small><br></div><div class="spacer battle-history"><br></div><h2 class="battle-history">Turn 52</h2><div class="spacer battle-history"><br></div><div class="battle-history">Mahvel Party withdrew Alomomola!<br></div><div class="battle-history">Mahvel Party sent out Beedrill (<strong>Beedrill-Mega</strong>)!<br></div><div class="spacer battle-history"><br></div><div class="battle-history">Tangrowth used <strong>Giga Drain</strong>!<br></div><div class="battle-history"><small>It's not very effective...</small><br></div><div class="battle-history"><small>(The opposing Beedrill lost <abbr title="−29/271">10.7%</abbr> of its health!)</small><br></div><div class="battle-history"><small>The opposing Beedrill had its energy drained!</small><br></div><div class="spacer battle-history"><br></div><div class="battle-history"><small>Tangrowth was hurt by poison!</small><br></div><div class="spacer battle-history"><br></div><h2 class="battle-history">Turn 53</h2><div class="spacer battle-history"><br></div><div class="battle-history">Tangrowth, come back!<br></div><div class="battle-history">Go! Landorus (<strong>Landorus-Therian</strong>)!<br></div><div class="battle-history"><small>Pointed stones dug into Landorus!</small><br></div><div class="battle-history"><small>[Landorus's Intimidate]</small><br></div><div class="battle-history"><small>The opposing Beedrill's Attack fell!</small><br></div><div class="spacer battle-history"><br></div><div class="battle-history">The opposing Beedrill used <strong>Poison Jab</strong>!<br></div><div class="battle-history"><small>It's not very effective...</small><br></div><div class="battle-history"><small>(Landorus lost <abbr title="−77/339">22.7%</abbr> of its health!)</small><br></div><div class="battle-history"><small>Landorus was poisoned!</small><br></div><div class="spacer battle-history"><br></div><div class="battle-history"><small>Landorus was hurt by poison!</small><br></div><div class="spacer battle-history"><br></div><div class="battle-history">Landorus fainted!<br></div><div class="spacer battle-history"><br></div><div class="battle-history">Go! <strong>Tangrowth</strong>!<br></div><div class="battle-history"><small>Pointed stones dug into Tangrowth!</small><br></div><div class="spacer battle-history"><br></div><h2 class="battle-history">Turn 54</h2><div class="spacer battle-history"><br></div><div class="battle-history">The opposing Beedrill used <strong>U-turn</strong>!<br></div><div class="battle-history"><small>It's super effective!</small><br></div><div class="battle-history"><small>(Tangrowth lost <abbr title="−192/403">47.6%</abbr> of its health!)</small><br></div><div class="spacer battle-history"><br></div><div class="battle-history">The opposing Beedrill went back to Mahvel Party!<br></div><div class="battle-history">Mahvel Party sent out <strong>Alomomola</strong>!<br></div><div class="spacer battle-history"><br></div><div class="battle-history">Tangrowth used <strong>Earthquake</strong>!<br></div><div class="battle-history"><small>(The opposing Alomomola lost <abbr title="−88/471">18.7%</abbr> of its health!)</small><br></div><div class="spacer battle-history"><br></div><div class="battle-history"><small>Tangrowth was hurt by poison!</small><br></div><div class="spacer battle-history"><br></div><h2 class="battle-history">Turn 55</h2><div class="spacer battle-history"><br></div><div class="battle-history">The opposing Alomomola used <strong>Protect</strong>!<br></div><div class="battle-history"><small>The opposing Alomomola protected itself!</small><br></div><div class="spacer battle-history"><br></div><div class="battle-history">Tangrowth used <strong>Giga Drain</strong>!<br></div><div class="battle-history"><small>The opposing Alomomola protected itself!</small><br></div><div class="spacer battle-history"><br></div><div class="battle-history"><small>Tangrowth was hurt by poison!</small><br></div><div class="spacer battle-history"><br></div><h2 class="battle-history">Turn 56</h2><div class="spacer battle-history"><br></div><div class="battle-history">The opposing Alomomola used <strong>Scald</strong>!<br></div><div class="battle-history"><small>It's not very effective...</small><br></div><div class="battle-history"><small>(Tangrowth lost <abbr title="−10/403">2.5%</abbr> of its health!)</small><br></div><div class="spacer battle-history"><br></div><div class="battle-history">Tangrowth fainted!<br></div><div class="spacer battle-history"><br></div><div class="battle-history"><strong>Mahvel Party</strong> won the battle!<br></div><div class="chat">Mahvel Party ha ganado 6.75 PokeDolares.</div><div class="chat">Puntaje de Ds90: 1080 → <strong>1070</strong><br>(-10 por perder)</div><div class="chat">Puntaje de Mahvel Party: 1161 → <strong>1184</strong><br>(+23 por ganar)</div></div><div class="inner-preempt"></div></div></div>
</div>
<script>
let daily = Math.floor(Date.now()/1000/60/60/24);document.write('<script src="https://play.pokemonshowdown.com/js/replay-embed.js?version'+daily+'"></'+'script>');
</script>
