<!DOCTYPE html>
<meta charset="utf-8" />
<!-- version 1 -->
<title>OU replay: AdderJo vs. elabejonejo</title>
<style>
html,body {font-family:Verdana, sans-serif;font-size:10pt;margin:0;padding:0;}body{padding:12px 0;} .battle-log {font-family:Verdana, sans-serif;font-size:10pt;} .battle-log-inline {border:1px solid #AAAAAA;background:#EEF2F5;color:black;max-width:640px;margin:0 auto 80px;padding-bottom:5px;} .battle-log .inner {padding:4px 8px 0px 8px;} .battle-log .inner-preempt {padding:0 8px 4px 8px;} .battle-log .inner-after {margin-top:0.5em;} .battle-log h2 {margin:0.5em -8px;padding:4px 8px;border:1px solid #AAAAAA;background:#E0E7EA;border-left:0;border-right:0;font-family:Verdana, sans-serif;font-size:13pt;} .battle-log .chat {vertical-align:middle;padding:3px 0 3px 0;font-size:8pt;} .battle-log .chat strong {color:#40576A;} .battle-log .chat em {padding:1px 4px 1px 3px;color:#000000;font-style:normal;} .chat.mine {background:rgba(0,0,0,0.05);margin-left:-8px;margin-right:-8px;padding-left:8px;padding-right:8px;} .spoiler {color:#BBBBBB;background:#BBBBBB;padding:0px 3px;} .spoiler:hover, .spoiler:active, .spoiler-shown {color:#000000;background:#E2E2E2;padding:0px 3px;} .spoiler a {color:#BBBBBB;} .spoiler:hover a, .spoiler:active a, .spoiler-shown a {color:#2288CC;} .chat code, .chat .spoiler:hover code, .chat .spoiler:active code, .chat .spoiler-shown code {border:1px solid #C0C0C0;background:#EEEEEE;color:black;padding:0 2px;} .chat .spoiler code {border:1px solid #CCCCCC;background:#CCCCCC;color:#CCCCCC;} .battle-log .rated {padding:3px 4px;} .battle-log .rated strong {color:white;background:#89A;padding:1px 4px;border-radius:4px;} .spacer {margin-top:0.5em;} .message-announce {background:#6688AA;color:white;padding:1px 4px 2px;} .message-announce a, .broadcast-green a, .broadcast-blue a, .broadcast-red a {color:#DDEEFF;} .broadcast-green {background-color:#559955;color:white;padding:2px 4px;} .broadcast-blue {background-color:#6688AA;color:white;padding:2px 4px;} .infobox {border:1px solid #6688AA;padding:2px 4px;} .infobox-limited {max-height:200px;overflow:auto;overflow-x:hidden;} .broadcast-red {background-color:#AA5544;color:white;padding:2px 4px;} .message-learn-canlearn {font-weight:bold;color:#228822;text-decoration:underline;} .message-learn-cannotlearn {font-weight:bold;color:#CC2222;text-decoration:underline;} .message-effect-weak {font-weight:bold;color:#CC2222;} .message-effect-resist {font-weight:bold;color:#6688AA;} .message-effect-immune {font-weight:bold;color:#666666;} .message-learn-list {margin-top:0;margin-bottom:0;} .message-throttle-notice, .message-error {color:#992222;} .message-overflow, .chat small.message-overflow {font-size:0pt;} .message-overflow::before {font-size:9pt;content:'...';} .subtle {color:#3A4A66;}
</style>
<div class="wrapper replay-wrapper" style="max-width:1180px;margin:0 auto">
<input type="hidden" name="replayid" value="destiny-ou-472732" />
<div class="battle"></div><div class="battle-log"></div><div class="replay-controls"></div><div class="replay-controls-2"></div>
<h1 style="font-weight:normal;text-align:center"><strong>OU</strong><br /><a href="http://pokemonshowdown.com/users/adderjo" class="subtle" target="_blank">AdderJo</a> vs. <a href="http://pokemonshowdown.com/users/elabejonejo" class="subtle" target="_blank">elabejonejo</a></h1>
<script type="text/plain" class="battle-log-data">|player|p1|AdderJo|1
|teamsize|p1|6
|player|p2|elabejonejo|2095
|teamsize|p2|6
|teamsize|p1|6
|teamsize|p2|6
|gametype|singles
|gen|7
|tier|OU
|seed|940,18671,1658,62772
|rule|Cláusula-Mod de Dormir: solo puedes dormir a uno de tus oponentes a la vez.
|rule|Cláusula de Especie: Hasta un Pokémon de cada especie
|rule|Cláusula de Golpe Fulminante: los movimientos fulminantes (OHKO) estan prohibidos
|rule|Cláusula de Veleta: la habilidad Veleta está prohibida
|rule|Cláusula de Movimientos Evasivos: los movimientos de Evasión están prohibidos.
|rule|Cláusula de Batallas Eternas: forzar batallas eternas está prohibido
|clearpoke
|poke|p1|Beedrill, M|item
|poke|p1|Infernape, F|item
|poke|p1|Tapu Lele|item
|poke|p1|Greninja, F|item
|poke|p1|Chansey, F|item
|poke|p1|Landorus-Therian, M|item
|poke|p2|Breloom, F, shiny|item
|poke|p2|Victini|item
|poke|p2|Latios, M, shiny|item
|poke|p2|Landorus-Therian, M, shiny|item
|poke|p2|Ferrothorn, M, shiny|item
|poke|p2|Magearna|item
|teampreview|undefined
|choice|*team 423156|*
|c|☆AdderJo|el equipo es tuyo?
|inactive|Reloj de batalla ENCENDIDO. El jugador inactivo será descalificado (solicitado por AdderJo).
|inactive|elabejonejo tiene 285 segundos restantes.
|choice|*|*team 423156
|choice|team 4, 2, 3, 1, 5, 6|team 4, 2, 3, 1, 5, 6
|
|start
|switch|p1a: Greninja|Greninja, F|285\/285
|switch|p2a: Landorus|Landorus-Therian, M, shiny|382\/382
|-ability|p2a: Landorus|Intimidate|boost
|-unboost|p1a: Greninja|atk|1
|turn|1
|choice|*|*switch 5
|choice|*move 1 zmove|*
|choice|move hydropump zmove|switch 5
|
|switch|p2a: Ferrothorn|Ferrothorn, M, shiny|351\/351
|-zpower|p1a: Greninja
|move|p1a: Greninja|Hydro Vortex|p2a: Ferrothorn|[zeffect]
|-start|p1a: Greninja|typechange|Water|[from] Protean
|-resisted|p2a: Ferrothorn
|-damage|p2a: Ferrothorn|219\/351
|
|upkeep
|turn|2
|choice|*switch 2|*
|choice|*|*move 3
|choice|switch 2|move leechseed
|
|switch|p1a: Infernape|Infernape, F|293\/293
|move|p2a: Ferrothorn|Leech Seed|p1a: Infernape
|-start|p1a: Infernape|move: Leech Seed
|
|-damage|p1a: Infernape|257\/293|[from] Leech Seed|[of] p2a: Ferrothorn
|-heal|p2a: Ferrothorn|255\/351|[silent]
|upkeep
|turn|3
|choice|*move 3|*
|choice|*|*move 4
|choice|move overheat|move toxic
|
|move|p1a: Infernape|Overheat|p2a: Ferrothorn
|-supereffective|p2a: Ferrothorn
|-damage|p2a: Ferrothorn|0 fnt
|-unboost|p1a: Infernape|spa|2
|-damage|p1a: Infernape|228\/293|[from] item: Life Orb
|faint|p2a: Ferrothorn
|
|upkeep
|choice|*|*switch 5
|choice||switch 5
|
|switch|p2a: Landorus|Landorus-Therian, M, shiny|382\/382
|-ability|p2a: Landorus|Intimidate|boost
|-unboost|p1a: Infernape|atk|1
|turn|4
|choice|*switch 6|*
|choice|*|*move 1
|choice|switch 6|move stealthrock
|
|switch|p1a: Landorus|Landorus-Therian, M|381\/381
|-ability|p1a: Landorus|Intimidate|boost
|-unboost|p2a: Landorus|atk|1
|move|p2a: Landorus|Stealth Rock|p1a: Landorus
|-sidestart|p1: AdderJo|move: Stealth Rock
|
|upkeep
|turn|5
|choice|*move 2|*
|choice|*|*move 2
|choice|move defog|move uturn
|
|move|p2a: Landorus|U-turn|p1a: Landorus
|-resisted|p1a: Landorus
|-damage|p1a: Landorus|354\/381
|choice|*|*switch 4
|choice||switch 4
|
|switch|p2a: Breloom|Breloom, F, shiny|324\/324|[from]move: U-turn
|move|p1a: Landorus|Defog|p2a: Breloom
|-unboost|p2a: Breloom|evasion|1
|-sideend|p1: AdderJo|Stealth Rock|[from] move: Defog|[of] p1a: Landorus
|
|-heal|p1a: Landorus|377\/381|[from] item: Leftovers
|upkeep
|turn|6
|choice|*move 4|*
|choice|*|*move 4
|choice|move hiddenpower|move leechseed
|
|move|p1a: Landorus|Hidden Power|p2a: Breloom
|-supereffective|p2a: Breloom
|-damage|p2a: Breloom|172\/324
|move|p2a: Breloom|Leech Seed|p1a: Landorus|[miss]
|-miss|p2a: Breloom|p1a: Landorus
|
|-heal|p1a: Landorus|381\/381|[from] item: Leftovers
|-heal|p2a: Breloom|192\/324|[from] item: Leftovers
|upkeep
|turn|7
|choice|*move 1|*
|choice|*|*move 4
|choice|move stealthrock|move leechseed
|
|move|p1a: Landorus|Stealth Rock|p2a: Breloom
|-sidestart|p2: elabejonejo|move: Stealth Rock
|move|p2a: Breloom|Leech Seed|p1a: Landorus
|-start|p1a: Landorus|move: Leech Seed
|
|-heal|p2a: Breloom|212\/324|[from] item: Leftovers
|-damage|p1a: Landorus|334\/381|[from] Leech Seed|[of] p2a: Breloom
|-heal|p2a: Breloom|259\/324|[silent]
|upkeep
|turn|8
|choice|*move 4|*
|choice|*|*move 1
|choice|move hiddenpower|move toxic
|
|move|p1a: Landorus|Hidden Power|p2a: Breloom
|-supereffective|p2a: Breloom
|-damage|p2a: Breloom|105\/324
|move|p2a: Breloom|Toxic|p1a: Landorus
|-status|p1a: Landorus|tox
|
|-heal|p1a: Landorus|357\/381 tox|[from] item: Leftovers
|-heal|p2a: Breloom|125\/324|[from] item: Leftovers
|-damage|p1a: Landorus|310\/381 tox|[from] Leech Seed|[of] p2a: Breloom
|-heal|p2a: Breloom|172\/324|[silent]
|-damage|p1a: Landorus|287\/381 tox|[from] psn
|upkeep
|turn|9
|choice|*move 4|*
|choice|*|*move 3
|choice|move hiddenpower|move drainpunch
|
|move|p1a: Landorus|Hidden Power|p2a: Breloom
|-supereffective|p2a: Breloom
|-damage|p2a: Breloom|16\/324
|move|p2a: Breloom|Drain Punch|p1a: Landorus
|-resisted|p1a: Landorus
|-damage|p1a: Landorus|243\/381 tox
|-heal|p2a: Breloom|38\/324|[from] drain|[of] p1a: Landorus
|
|-heal|p1a: Landorus|266\/381 tox|[from] item: Leftovers
|-heal|p2a: Breloom|58\/324|[from] item: Leftovers
|-damage|p1a: Landorus|219\/381 tox|[from] Leech Seed|[of] p2a: Breloom
|-heal|p2a: Breloom|105\/324|[silent]
|-damage|p1a: Landorus|173\/381 tox|[from] psn
|upkeep
|turn|10
|choice|*move 4|*
|choice|*switch 4|*
|choice|*|*move 2
|choice|switch 4|move synthesis
|
|switch|p1a: Beedrill|Beedrill, M|271\/271
|move|p2a: Breloom|Synthesis|p2a: Breloom
|-heal|p2a: Breloom|267\/324
|
|-heal|p2a: Breloom|287\/324|[from] item: Leftovers
|upkeep
|turn|11
|choice|*move 2 mega|*
|choice|*|*switch 6
|choice|move poisonjab mega|switch 6
|
|switch|p2a: Magearna|Magearna|364\/364
|-damage|p2a: Magearna|342\/364|[from] Stealth Rock
|-mega|p1a: Beedrill|Beedrill|Beedrillite
|detailschange|p1a: Beedrill|Beedrill-Mega, M
|move|p1a: Beedrill|Poison Jab|p2a: Magearna
|-immune|p2a: Magearna|[msg]
|
|-heal|p2a: Magearna|364\/364|[from] item: Leftovers
|upkeep
|turn|12
|choice|*move 3|*
|choice|*|*move 1
|choice|move knockoff|move fleurcannon
|
|move|p1a: Beedrill|Knock Off|p2a: Magearna
|-resisted|p2a: Magearna
|-damage|p2a: Magearna|302\/364
|-enditem|p2a: Magearna|Leftovers|[from] move: Knock Off|[of] p1a: Beedrill
|move|p2a: Magearna|Fleur Cannon|p1a: Beedrill
|-resisted|p1a: Beedrill
|-damage|p1a: Beedrill|110\/271
|-unboost|p2a: Magearna|spa|2
|
|upkeep
|turn|13
|choice|*move 1|*
|choice|*|*move 4
|choice|move uturn|move voltswitch
|
|move|p1a: Beedrill|U-turn|p2a: Magearna
|-resisted|p2a: Magearna
|-damage|p2a: Magearna|263\/364
|choice|*switch 5|*
|choice|switch 5|
|
|switch|p1a: Chansey|Chansey, F|703\/703|[from]move: U-turn
|move|p2a: Magearna|Volt Switch|p1a: Chansey
|-damage|p1a: Chansey|671\/703
|inactive|elabejonejo tiene 285 segundos restantes.
|choice|*|*switch 6
|choice||switch 6
|
|switch|p2a: Breloom|Breloom, F, shiny|287\/324|[from]move: Volt Switch
|-damage|p2a: Breloom|267\/324|[from] Stealth Rock
|
|-heal|p2a: Breloom|287\/324|[from] item: Leftovers
|upkeep
|turn|14
|choice|*switch 3|*
|choice|*|*move 1
|choice|switch 3|move toxic
|
|switch|p1a: Tapu Lele|Tapu Lele|281\/281
|-fieldstart|move: Psychic Terrain|[from] ability: Psychic Surge|[of] p1a: Tapu Lele
|move|p2a: Breloom|Toxic|p1a: Tapu Lele|[miss]
|-miss|p2a: Breloom|p1a: Tapu Lele
|
|-heal|p2a: Breloom|307\/324|[from] item: Leftovers
|upkeep
|turn|15
|choice|*move 1|*
|choice|*|*move 1
|choice|move psychic|move toxic
|
|move|p1a: Tapu Lele|Psychic|p2a: Breloom
|-supereffective|p2a: Breloom
|-damage|p2a: Breloom|0 fnt
|faint|p2a: Breloom
|
|upkeep
|inactive|elabejonejo tiene 285 segundos restantes.
|inactive|elabejonejo tiene 270 segundos restantes.
|choice|*|*switch 3
|choice||switch 3
|
|switch|p2a: Latios|Latios, M, shiny|301\/301
|-damage|p2a: Latios|264\/301|[from] Stealth Rock
|turn|16
|choice|*switch 3|*
|choice|*|*move 3 mega
|choice|switch 3|move surf mega
|
|switch|p1a: Chansey|Chansey, F|671\/703
|-mega|p2a: Latios|Latios|Latiosite
|detailschange|p2a: Latios|Latios-Mega, M, shiny
|move|p2a: Latios|Surf|p1a: Chansey
|-damage|p1a: Chansey|596\/703
|
|upkeep
|turn|17
|choice|*move 1|*
|choice|*|*move 4
|choice|move aromatherapy|move hiddenpower
|
|move|p2a: Latios|Hidden Power|p1a: Chansey
|-damage|p1a: Chansey|541\/703
|move|p1a: Chansey|Aromatherapy|p1a: Chansey
|-activate|p1a: Chansey|move: Aromatherapy
|-curestatus|p1: Landorus|tox|[msg]
|
|upkeep
|turn|18
|choice|*move 2|*
|choice|*|*move 2
|choice|move toxic|move psyshock
|
|move|p2a: Latios|Psyshock|p1a: Chansey
|-damage|p1a: Chansey|313\/703
|move|p1a: Chansey|Toxic|p2a: Latios|[miss]
|-miss|p1a: Chansey|p2a: Latios
|
|-fieldend|move: Psychic Terrain
|upkeep
|turn|19
|choice|*|*move 2
|choice|*move 4|*
|choice|move softboiled|move psyshock
|
|move|p2a: Latios|Psyshock|p1a: Chansey
|-damage|p1a: Chansey|109\/703
|move|p1a: Chansey|Soft-Boiled|p1a: Chansey
|-heal|p1a: Chansey|461\/703
|
|upkeep
|turn|20
|choice|*move 4|*
|choice|*|*move 2
|choice|move softboiled|move psyshock
|
|move|p2a: Latios|Psyshock|p1a: Chansey
|-damage|p1a: Chansey|221\/703
|move|p1a: Chansey|Soft-Boiled|p1a: Chansey
|-heal|p1a: Chansey|573\/703
|
|upkeep
|turn|21
|choice|*move 2|*
|choice|*|*move 2
|choice|move toxic|move psyshock
|
|move|p2a: Latios|Psyshock|p1a: Chansey
|-damage|p1a: Chansey|341\/703
|move|p1a: Chansey|Toxic|p2a: Latios
|-status|p2a: Latios|tox
|
|-damage|p2a: Latios|246\/301 tox|[from] psn
|upkeep
|turn|22
|choice|*|*move 2
|choice|*move 4|*
|choice|move softboiled|move psyshock
|
|move|p2a: Latios|Psyshock|p1a: Chansey
|-damage|p1a: Chansey|128\/703
|move|p1a: Chansey|Soft-Boiled|p1a: Chansey
|-heal|p1a: Chansey|480\/703
|
|-damage|p2a: Latios|210\/301 tox|[from] psn
|upkeep
|turn|23
|choice|*move 4|*
|choice|*|*switch 4
|choice|move softboiled|switch 4
|
|switch|p2a: Landorus|Landorus-Therian, M, shiny|382\/382
|-damage|p2a: Landorus|335\/382|[from] Stealth Rock
|-ability|p2a: Landorus|Intimidate|boost
|-unboost|p1a: Chansey|atk|1
|move|p1a: Chansey|Soft-Boiled|p1a: Chansey
|-heal|p1a: Chansey|703\/703
|
|-heal|p2a: Landorus|358\/382|[from] item: Leftovers
|upkeep
|turn|24
|choice|*switch 4|*
|choice|*|*move 1
|choice|switch 4|move stealthrock
|
|switch|p1a: Landorus|Landorus-Therian, M|173\/381
|-ability|p1a: Landorus|Intimidate|boost
|-unboost|p2a: Landorus|atk|1
|move|p2a: Landorus|Stealth Rock|p1a: Landorus
|-sidestart|p1: AdderJo|move: Stealth Rock
|
|-heal|p2a: Landorus|381\/382|[from] item: Leftovers
|-heal|p1a: Landorus|196\/381|[from] item: Leftovers
|upkeep
|turn|25
|choice|*move 4|*
|choice|*|*move 2
|choice|move hiddenpower|move uturn
|
|move|p2a: Landorus|U-turn|p1a: Landorus
|-resisted|p1a: Landorus
|-damage|p1a: Landorus|169\/381
|choice|*|*switch 4
|choice||switch 4
|
|switch|p2a: Latios|Latios-Mega, M, shiny|210\/301 tox|[from]move: U-turn
|-damage|p2a: Latios|173\/301 tox|[from] Stealth Rock
|move|p1a: Landorus|Hidden Power|p2a: Latios
|-supereffective|p2a: Latios
|-damage|p2a: Latios|81\/301 tox
|
|-heal|p1a: Landorus|192\/381|[from] item: Leftovers
|-damage|p2a: Latios|63\/301 tox|[from] psn
|upkeep
|turn|26
|inactive|AdderJo tiene 285 segundos restantes.
|inactive|elabejonejo tiene 285 segundos restantes.
|choice|*switch 2|*
|choice|*switch 4|*
|inactive|elabejonejo tiene 285 segundos restantes.
|inactive|elabejonejo tiene 270 segundos restantes.
|inactive|elabejonejo tiene 255 segundos restantes.
|choice|*|*move 1
|choice|switch 4|move recover
|
|switch|p1a: Chansey|Chansey, F|703\/703
|-damage|p1a: Chansey|616\/703|[from] Stealth Rock
|move|p2a: Latios|Recover|p2a: Latios
|-heal|p2a: Latios|214\/301 tox
|
|-damage|p2a: Latios|178\/301 tox|[from] psn
|upkeep
|turn|27
|choice|*move 3|*
|choice|*|*move 1
|choice|move seismictoss|move recover
|
|move|p2a: Latios|Recover|p2a: Latios
|-heal|p2a: Latios|301\/301 tox
|move|p1a: Chansey|Seismic Toss|p2a: Latios
|-damage|p2a: Latios|201\/301 tox
|
|-damage|p2a: Latios|147\/301 tox|[from] psn
|upkeep
|turn|28
|choice|*move 2|*
|choice|*|*switch 6
|choice|move toxic|switch 6
|
|switch|p2a: Magearna|Magearna|263\/364
|-damage|p2a: Magearna|241\/364|[from] Stealth Rock
|move|p1a: Chansey|Toxic|p2a: Magearna
|-immune|p2a: Magearna|[msg]
|
|upkeep
|turn|29
|choice|*move 3|*
|choice|*|*move 2
|choice|move seismictoss|move healbell
|
|move|p2a: Magearna|Heal Bell|p2a: Magearna
|-activate|p2a: Magearna|move: Heal Bell
|-curestatus|p2: Latios|tox|[msg]
|move|p1a: Chansey|Seismic Toss|p2a: Magearna
|-damage|p2a: Magearna|141\/364
|
|upkeep
|turn|30
|choice|*move 3|*
|choice|*|*move 1
|choice|move seismictoss|move fleurcannon
|
|move|p2a: Magearna|Fleur Cannon|p1a: Chansey
|-damage|p1a: Chansey|457\/703
|-unboost|p2a: Magearna|spa|2
|move|p1a: Chansey|Seismic Toss|p2a: Magearna
|-damage|p2a: Magearna|41\/364
|
|upkeep
|turn|31
|choice|*move 4|*
|choice|*|*move 4
|choice|move softboiled|move voltswitch
|
|move|p2a: Magearna|Volt Switch|p1a: Chansey
|-damage|p1a: Chansey|426\/703
|choice|*|*switch 2
|choice||switch 2
|
|switch|p2a: Victini|Victini|341\/341|[from]move: Volt Switch
|-damage|p2a: Victini|256\/341|[from] Stealth Rock
|move|p1a: Chansey|Soft-Boiled|p1a: Chansey
|-heal|p1a: Chansey|703\/703
|
|-heal|p2a: Victini|277\/341|[from] item: Leftovers
|upkeep
|turn|32
|choice|*switch 4|*
|choice|*switch 6|*
|inactive|elabejonejo tiene 285 segundos restantes.
|inactive|elabejonejo tiene 270 segundos restantes.
|inactive|elabejonejo tiene 255 segundos restantes.
|inactive|elabejonejo tiene 240 segundos restantes.
|choice|*switch 6|*
|choice|*|*move 2
|choice|switch 6|move fusionbolt
|
|switch|p1a: Infernape|Infernape, F|228\/293
|-damage|p1a: Infernape|192\/293|[from] Stealth Rock
|move|p2a: Victini|Fusion Bolt|p1a: Infernape
|-damage|p1a: Infernape|34\/293
|
|-heal|p2a: Victini|298\/341|[from] item: Leftovers
|upkeep
|turn|33
|choice|*|*move 3
|choice|*move 2|*
|choice|move rockslide|move uturn
|
|move|p1a: Infernape|Rock Slide|p2a: Victini
|-supereffective|p2a: Victini
|-damage|p2a: Victini|77\/341
|-damage|p1a: Infernape|5\/293|[from] item: Life Orb
|cant|p2a: Victini|flinch
|
|-heal|p2a: Victini|98\/341|[from] item: Leftovers
|upkeep
|turn|34
|choice|*move 2|*
|inactive|elabejonejo tiene 285 segundos restantes.
|inactive|elabejonejo tiene 270 segundos restantes.
|choice|*|*move 2
|choice|move rockslide|move fusionbolt
|
|move|p1a: Infernape|Rock Slide|p2a: Victini
|-supereffective|p2a: Victini
|-damage|p2a: Victini|0 fnt
|-damage|p1a: Infernape|0 fnt|[from] item: Life Orb
|faint|p2a: Victini
|faint|p1a: Infernape
|
|upkeep
|choice|*|*switch 2
|choice|*switch 4|*
|choice|switch 4|switch 2
|
|switch|p1a: Landorus|Landorus-Therian, M|192\/381
|switch|p2a: Magearna|Magearna|41\/364
|-damage|p1a: Landorus|145\/381|[from] Stealth Rock
|-ability|p1a: Landorus|Intimidate|boost
|-unboost|p2a: Magearna|atk|1
|-damage|p2a: Magearna|19\/364|[from] Stealth Rock
|turn|35
|choice|*|*move 3
|choice|*move 3|*
|choice|move earthquake|move grassknot
|
|move|p1a: Landorus|Earthquake|p2a: Magearna
|-supereffective|p2a: Magearna
|-damage|p2a: Magearna|0 fnt
|faint|p2a: Magearna
|
|-heal|p1a: Landorus|168\/381|[from] item: Leftovers
|upkeep
|choice|*|*switch 6
|choice||switch 6
|
|switch|p2a: Latios|Latios-Mega, M, shiny|147\/301
|-damage|p2a: Latios|110\/301|[from] Stealth Rock
|turn|36
|choice|*move 4|*
|choice|*|*move 3
|choice|move hiddenpower|move surf
|
|move|p2a: Latios|Surf|p1a: Landorus
|-supereffective|p1a: Landorus
|-damage|p1a: Landorus|0 fnt
|faint|p1a: Landorus
|
|upkeep
|choice|*switch 5|*
|choice|switch 5|
|
|switch|p1a: Beedrill|Beedrill-Mega, M|110\/271
|-damage|p1a: Beedrill|43\/271|[from] Stealth Rock
|turn|37
|choice|*|*move 2
|choice|*move 3|*
|choice|move knockoff|move psyshock
|
|move|p1a: Beedrill|Knock Off|p2a: Latios
|-supereffective|p2a: Latios
|-damage|p2a: Latios|0 fnt
|faint|p2a: Latios
|
|upkeep
|choice|*|*switch 4
|choice||switch 4
|
|switch|p2a: Landorus|Landorus-Therian, M, shiny|381\/382
|-damage|p2a: Landorus|334\/382|[from] Stealth Rock
|-ability|p2a: Landorus|Intimidate|boost
|-unboost|p1a: Beedrill|atk|1
|turn|38
|choice|*move 3|*
|choice|*|*move 2
|choice|move knockoff|move uturn
|
|move|p1a: Beedrill|Knock Off|p2a: Landorus
|-damage|p2a: Landorus|239\/382
|-enditem|p2a: Landorus|Leftovers|[from] move: Knock Off|[of] p1a: Beedrill
|move|p2a: Landorus|U-turn|p1a: Beedrill
|-resisted|p1a: Beedrill
|-damage|p1a: Beedrill|0 fnt
|faint|p1a: Beedrill
|
|upkeep
|choice|*switch 3|*
|choice|switch 3|
|
|switch|p1a: Tapu Lele|Tapu Lele|281\/281
|-damage|p1a: Tapu Lele|246\/281|[from] Stealth Rock
|-fieldstart|move: Psychic Terrain|[from] ability: Psychic Surge|[of] p1a: Tapu Lele
|turn|39
|choice|*move 1|*
|choice|*|*move 4
|choice|move psychic|move stoneedge
|
|move|p1a: Tapu Lele|Psychic|p2a: Landorus
|-damage|p2a: Landorus|0 fnt
|faint|p2a: Landorus
|
|win|AdderJo
|c|☆AdderJo|gg
</script>
</div>
<div class="battle-log battle-log-inline"><div class="inner"><div class="battle-options"></div><div class="inner"><div class=""><small>Format:</small> <br><strong>OU</strong></div><div class=""><small><em>Cláusula-Mod de Dormir:</em> solo puedes dormir a uno de tus oponentes a la vez.</small></div><div class=""><small><em>Cláusula de Especie:</em> Hasta un Pokémon de cada especie</small></div><div class=""><small><em>Cláusula de Golpe Fulminante:</em> los movimientos fulminantes (OHKO) estan prohibidos</small></div><div class=""><small><em>Cláusula de Veleta:</em> la habilidad Veleta está prohibida</small></div><div class=""><small><em>Cláusula de Movimientos Evasivos:</em> los movimientos de Evasión están prohibidos.</small></div><div class=""><small><em>Cláusula de Batallas Eternas:</em> forzar batallas eternas está prohibido</small></div><div class="chat battle-history"><strong>AdderJo's team:</strong> <em style="color:#445566;display:block;">Beedrill / Infernape / Tapu Lele / Greninja / Chansey / Landorus-Therian</em></div><div class="chat battle-history"><strong>elabejonejo's team:</strong> <em style="color:#445566;display:block;">Breloom / Victini / Latios / Landorus-Therian / Ferrothorn / Magearna</em></div><div class="chat chatmessage-adderjo"><strong style="color:hsl(264,75%,56.933847391406246%)"><small>☆</small><span class="username" data-name="AdderJo">AdderJo</span>:</strong> <em>el equipo es tuyo?</em></div><div class="chat message-error">Reloj de batalla ENCENDIDO. El jugador inactivo será descalificado (solicitado por AdderJo).</div><div class="chat message-error">elabejonejo tiene 285 segundos restantes.</div><div class="spacer battle-history"><br></div><div class="battle-history">Battle started between AdderJo and elabejonejo!<br></div><div class="spacer battle-history"><br></div><div class="battle-history">Go! <strong>Greninja</strong>!<br></div><div class="spacer battle-history"><br></div><div class="battle-history">elabejonejo sent out Landorus (<strong>Landorus-Therian</strong>)!<br></div><div class="battle-history"><small>[The opposing Landorus's Intimidate]</small><br></div><div class="battle-history"><small>Greninja's Attack fell!</small><br></div><div class="spacer battle-history"><br></div><h2 class="battle-history">Turn 1</h2><div class="spacer battle-history"><br></div><div class="battle-history">elabejonejo withdrew Landorus!<br></div><div class="battle-history">elabejonejo sent out <strong>Ferrothorn</strong>!<br></div><div class="battle-history"><small>Greninja surrounded itself with its Z-Power!</small><br></div><div class="spacer battle-history"><br></div><div class="battle-history">Greninja used <strong>Hydro Vortex</strong>!<br></div><div class="spacer battle-history"><br></div><div class="battle-history"><small>[Greninja's Protean]</small><br><small>Greninja transformed into the Water type!</small><br></div><div class="battle-history"><small>It's not very effective...</small><br></div><div class="battle-history"><small>(The opposing Ferrothorn lost <abbr title="−132/351">37.6%</abbr> of its health!)</small><br></div><div class="spacer battle-history"><br></div><h2 class="battle-history">Turn 2</h2><div class="spacer battle-history"><br></div><div class="battle-history">Greninja, come back!<br></div><div class="battle-history">Go! <strong>Infernape</strong>!<br></div><div class="spacer battle-history"><br></div><div class="battle-history">The opposing Ferrothorn used <strong>Leech Seed</strong>!<br></div><div class="battle-history"><small>Infernape was seeded!</small><br></div><div class="spacer battle-history"><br></div><div class="battle-history"><small>Infernape's health is sapped by Leech Seed!</small><br></div><div class="spacer battle-history"><br></div><h2 class="battle-history">Turn 3</h2><div class="spacer battle-history"><br></div><div class="battle-history">Infernape used <strong>Overheat</strong>!<br></div><div class="battle-history"><small>It's super effective!</small><br></div><div class="battle-history"><small>(The opposing Ferrothorn lost <abbr title="−255/351">72.6%</abbr> of its health!)</small><br></div><div class="battle-history"><small>Infernape's Special Attack fell harshly!</small><br></div><div class="battle-history"><small>Infernape lost some of its HP!</small><br></div><div class="spacer battle-history"><br></div><div class="battle-history">The opposing Ferrothorn fainted!<br></div><div class="spacer battle-history"><br></div><div class="battle-history">elabejonejo sent out Landorus (<strong>Landorus-Therian</strong>)!<br></div><div class="battle-history"><small>[The opposing Landorus's Intimidate]</small><br></div><div class="battle-history"><small>Infernape's Attack fell!</small><br></div><div class="spacer battle-history"><br></div><h2 class="battle-history">Turn 4</h2><div class="spacer battle-history"><br></div><div class="battle-history">Infernape, come back!<br></div><div class="battle-history">Go! Landorus (<strong>Landorus-Therian</strong>)!<br></div><div class="battle-history"><small>[Landorus's Intimidate]</small><br></div><div class="battle-history"><small>The opposing Landorus's Attack fell!</small><br></div><div class="spacer battle-history"><br></div><div class="battle-history">The opposing Landorus used <strong>Stealth Rock</strong>!<br></div><div class="battle-history"><small>Pointed stones float in the air around your team!</small><br></div><div class="spacer battle-history"><br></div><h2 class="battle-history">Turn 5</h2><div class="spacer battle-history"><br></div><div class="battle-history">The opposing Landorus used <strong>U-turn</strong>!<br></div><div class="battle-history"><small>It's not very effective...</small><br></div><div class="battle-history"><small>(Landorus lost <abbr title="−27/381">7.1%</abbr> of its health!)</small><br></div><div class="spacer battle-history"><br></div><div class="battle-history">The opposing Landorus went back to elabejonejo!<br></div><div class="battle-history">elabejonejo sent out <strong>Breloom</strong>!<br></div><div class="spacer battle-history"><br></div><div class="battle-history">Landorus used <strong>Defog</strong>!<br></div><div class="battle-history"><small>The opposing Breloom's evasiveness fell!</small><br></div><div class="battle-history"><small>The pointed stones disappeared from around your team!</small><br></div><div class="spacer battle-history"><br></div><div class="battle-history"><small>Landorus restored a little HP using its Leftovers!</small><br></div><div class="spacer battle-history"><br></div><h2 class="battle-history">Turn 6</h2><div class="spacer battle-history"><br></div><div class="battle-history">Landorus used <strong>Hidden Power</strong>!<br></div><div class="battle-history"><small>It's super effective!</small><br></div><div class="battle-history"><small>(The opposing Breloom lost <abbr title="−152/324">46.9%</abbr> of its health!)</small><br></div><div class="spacer battle-history"><br></div><div class="battle-history">The opposing Breloom used <strong>Leech Seed</strong>!<br></div><div class="battle-history"><small>Landorus avoided the attack!</small><br></div><div class="spacer battle-history"><br></div><div class="battle-history"><small>Landorus restored a little HP using its Leftovers!</small><br></div><div class="battle-history"><small>The opposing Breloom restored a little HP using its Leftovers!</small><br></div><div class="spacer battle-history"><br></div><h2 class="battle-history">Turn 7</h2><div class="spacer battle-history"><br></div><div class="battle-history">Landorus used <strong>Stealth Rock</strong>!<br></div><div class="battle-history"><small>Pointed stones float in the air around the opposing team!</small><br></div><div class="spacer battle-history"><br></div><div class="battle-history">The opposing Breloom used <strong>Leech Seed</strong>!<br></div><div class="battle-history"><small>Landorus was seeded!</small><br></div><div class="spacer battle-history"><br></div><div class="battle-history"><small>The opposing Breloom restored a little HP using its Leftovers!</small><br></div><div class="battle-history"><small>Landorus's health is sapped by Leech Seed!</small><br></div><div class="spacer battle-history"><br></div><h2 class="battle-history">Turn 8</h2><div class="spacer battle-history"><br></div><div class="battle-history">Landorus used <strong>Hidden Power</strong>!<br></div><div class="battle-history"><small>It's super effective!</small><br></div><div class="battle-history"><small>(The opposing Breloom lost <abbr title="−154/324">47.5%</abbr> of its health!)</small><br></div><div class="spacer battle-history"><br></div><div class="battle-history">The opposing Breloom used <strong>Toxic</strong>!<br></div><div class="battle-history"><small>Landorus was badly poisoned!</small><br></div><div class="spacer battle-history"><br></div><div class="battle-history"><small>Landorus restored a little HP using its Leftovers!</small><br></div><div class="battle-history"><small>The opposing Breloom restored a little HP using its Leftovers!</small><br></div><div class="battle-history"><small>Landorus's health is sapped by Leech Seed!</small><br></div><div class="battle-history"><small>Landorus was hurt by poison!</small><br></div><div class="spacer battle-history"><br></div><h2 class="battle-history">Turn 9</h2><div class="spacer battle-history"><br></div><div class="battle-history">Landorus used <strong>Hidden Power</strong>!<br></div><div class="battle-history"><small>It's super effective!</small><br></div><div class="battle-history"><small>(The opposing Breloom lost <abbr title="−156/324">48.1%</abbr> of its health!)</small><br></div><div class="spacer battle-history"><br></div><div class="battle-history">The opposing Breloom used <strong>Drain Punch</strong>!<br></div><div class="battle-history"><small>It's not very effective...</small><br></div><div class="battle-history"><small>(Landorus lost <abbr title="−44/381">11.5%</abbr> of its health!)</small><br></div><div class="battle-history"><small>Landorus had its energy drained!</small><br></div><div class="spacer battle-history"><br></div><div class="battle-history"><small>Landorus restored a little HP using its Leftovers!</small><br></div><div class="battle-history"><small>The opposing Breloom restored a little HP using its Leftovers!</small><br></div><div class="battle-history"><small>Landorus's health is sapped by Leech Seed!</small><br></div><div class="battle-history"><small>Landorus was hurt by poison!</small><br></div><div class="spacer battle-history"><br></div><h2 class="battle-history">Turn 10</h2><div class="spacer battle-history"><br></div><div class="battle-history">Landorus, come back!<br></div><div class="battle-history">Go! <strong>Beedrill</strong>!<br></div><div class="spacer battle-history"><br></div><div class="battle-history">The opposing Breloom used <strong>Synthesis</strong>!<br></div><div class="battle-history"><small>The opposing Breloom restored its HP.</small><br></div><div class="spacer battle-history"><br></div><div class="battle-history"><small>The opposing Breloom restored a little HP using its Leftovers!</small><br></div><div class="spacer battle-history"><br></div><h2 class="battle-history">Turn 11</h2><div class="spacer battle-history"><br></div><div class="battle-history">elabejonejo withdrew Breloom!<br></div><div class="battle-history">elabejonejo sent out <strong>Magearna</strong>!<br></div><div class="battle-history"><small>Pointed stones dug into the opposing Magearna!</small><br></div><div class="spacer battle-history"><br></div><div class="battle-history"><small>Beedrill's Beedrillite is reacting to the Key Stone!</small><br>Beedrill has Mega Evolved into Mega Beedrill!<br></div><div class="spacer battle-history"><br></div><div class="battle-history">Beedrill used <strong>Poison Jab</strong>!<br></div><div class="battle-history"><small>It doesn't affect the opposing Magearna...</small><br></div><div class="spacer battle-history"><br></div><div class="battle-history"><small>The opposing Magearna restored a little HP using its Leftovers!</small><br></div><div class="spacer battle-history"><br></div><h2 class="battle-history">Turn 12</h2><div class="spacer battle-history"><br></div><div class="battle-history">Beedrill used <strong>Knock Off</strong>!<br></div><div class="battle-history"><small>It's not very effective...</small><br></div><div class="battle-history"><small>(The opposing Magearna lost <abbr title="−62/364">17.0%</abbr> of its health!)</small><br></div><div class="battle-history"><small>Beedrill knocked off the opposing Magearna's Leftovers!</small><br></div><div class="spacer battle-history"><br></div><div class="battle-history">The opposing Magearna used <strong>Fleur Cannon</strong>!<br></div><div class="battle-history"><small>It's not very effective...</small><br></div><div class="battle-history"><small>(Beedrill lost <abbr title="−161/271">59.4%</abbr> of its health!)</small><br></div><div class="battle-history"><small>The opposing Magearna's Special Attack fell harshly!</small><br></div><div class="spacer battle-history"><br></div><h2 class="battle-history">Turn 13</h2><div class="spacer battle-history"><br></div><div class="battle-history">Beedrill used <strong>U-turn</strong>!<br></div><div class="battle-history"><small>It's not very effective...</small><br></div><div class="battle-history"><small>(The opposing Magearna lost <abbr title="−39/364">10.7%</abbr> of its health!)</small><br></div><div class="spacer battle-history"><br></div><div class="battle-history">Beedrill went back to AdderJo!<br></div><div class="battle-history">Go! <strong>Chansey</strong>!<br></div><div class="spacer battle-history"><br></div><div class="battle-history">The opposing Magearna used <strong>Volt Switch</strong>!<br></div><div class="battle-history"><small>(Chansey lost <abbr title="−32/703">4.6%</abbr> of its health!)</small><br></div><div class="chat message-error">elabejonejo tiene 285 segundos restantes.</div><div class="spacer battle-history"><br></div><div class="battle-history">The opposing Magearna went back to elabejonejo!<br></div><div class="battle-history">elabejonejo sent out <strong>Breloom</strong>!<br></div><div class="battle-history"><small>Pointed stones dug into the opposing Breloom!</small><br></div><div class="spacer battle-history"><br></div><div class="battle-history"><small>The opposing Breloom restored a little HP using its Leftovers!</small><br></div><div class="spacer battle-history"><br></div><h2 class="battle-history">Turn 14</h2><div class="spacer battle-history"><br></div><div class="battle-history">Chansey, come back!<br></div><div class="battle-history">Go! <strong>Tapu Lele</strong>!<br></div><div class="battle-history"><small>[Tapu Lele's Psychic Surge]</small><br><small>The battlefield got weird!</small><br></div><div class="spacer battle-history"><br></div><div class="battle-history">The opposing Breloom used <strong>Toxic</strong>!<br></div><div class="battle-history"><small>Tapu Lele avoided the attack!</small><br></div><div class="spacer battle-history"><br></div><div class="battle-history"><small>The opposing Breloom restored a little HP using its Leftovers!</small><br></div><div class="spacer battle-history"><br></div><h2 class="battle-history">Turn 15</h2><div class="spacer battle-history"><br></div><div class="battle-history">Tapu Lele used <strong>Psychic</strong>!<br></div><div class="battle-history"><small>It's super effective!</small><br></div><div class="battle-history"><small>(The opposing Breloom lost <abbr title="−307/324">94.8%</abbr> of its health!)</small><br></div><div class="spacer battle-history"><br></div><div class="battle-history">The opposing Breloom fainted!<br></div><div class="chat message-error">elabejonejo tiene 285 segundos restantes.</div><div class="chat message-error">elabejonejo tiene 270 segundos restantes.</div><div class="spacer battle-history"><br></div><div class="battle-history">elabejonejo sent out <strong>Latios</strong>!<br></div><div class="battle-history"><small>Pointed stones dug into the opposing Latios!</small><br></div><div class="spacer battle-history"><br></div><h2 class="battle-history">Turn 16</h2><div class="spacer battle-history"><br></div><div class="battle-history">Tapu Lele, come back!<br></div><div class="battle-history">Go! <strong>Chansey</strong>!<br></div><div class="spacer battle-history"><br></div><div class="battle-history"><small>The opposing Latios's Latiosite is reacting to the Key Stone!</small><br>The opposing Latios has Mega Evolved into Mega Latios!<br></div><div class="spacer battle-history"><br></div><div class="battle-history">The opposing Latios used <strong>Surf</strong>!<br></div><div class="battle-history"><small>(Chansey lost <abbr title="−75/703">10.7%</abbr> of its health!)</small><br></div><div class="spacer battle-history"><br></div><h2 class="battle-history">Turn 17</h2><div class="spacer battle-history"><br></div><div class="battle-history">The opposing Latios used <strong>Hidden Power</strong>!<br></div><div class="battle-history"><small>(Chansey lost <abbr title="−55/703">7.8%</abbr> of its health!)</small><br></div><div class="spacer battle-history"><br></div><div class="battle-history">Chansey used <strong>Aromatherapy</strong>!<br></div><div class="battle-history"><small>A soothing aroma wafted through the area!</small><br></div><div class="battle-history"><small>Landorus was cured of its poisoning.</small><br></div><div class="spacer battle-history"><br></div><h2 class="battle-history">Turn 18</h2><div class="spacer battle-history"><br></div><div class="battle-history">The opposing Latios used <strong>Psyshock</strong>!<br></div><div class="battle-history"><small>(Chansey lost <abbr title="−228/703">32.4%</abbr> of its health!)</small><br></div><div class="spacer battle-history"><br></div><div class="battle-history">Chansey used <strong>Toxic</strong>!<br></div><div class="battle-history"><small>The opposing Latios avoided the attack!</small><br></div><div class="spacer battle-history"><br></div><div class="battle-history"><small>The weirdness disappeared from the battlefield!</small><br></div><div class="spacer battle-history"><br></div><h2 class="battle-history">Turn 19</h2><div class="spacer battle-history"><br></div><div class="battle-history">The opposing Latios used <strong>Psyshock</strong>!<br></div><div class="battle-history"><small>(Chansey lost <abbr title="−204/703">29.0%</abbr> of its health!)</small><br></div><div class="spacer battle-history"><br></div><div class="battle-history">Chansey used <strong>Soft-Boiled</strong>!<br></div><div class="battle-history"><small>Chansey restored its HP.</small><br></div><div class="spacer battle-history"><br></div><h2 class="battle-history">Turn 20</h2><div class="spacer battle-history"><br></div><div class="battle-history">The opposing Latios used <strong>Psyshock</strong>!<br></div><div class="battle-history"><small>(Chansey lost <abbr title="−240/703">34.1%</abbr> of its health!)</small><br></div><div class="spacer battle-history"><br></div><div class="battle-history">Chansey used <strong>Soft-Boiled</strong>!<br></div><div class="battle-history"><small>Chansey restored its HP.</small><br></div><div class="spacer battle-history"><br></div><h2 class="battle-history">Turn 21</h2><div class="spacer battle-history"><br></div><div class="battle-history">The opposing Latios used <strong>Psyshock</strong>!<br></div><div class="battle-history"><small>(Chansey lost <abbr title="−232/703">33.0%</abbr> of its health!)</small><br></div><div class="spacer battle-history"><br></div><div class="battle-history">Chansey used <strong>Toxic</strong>!<br></div><div class="battle-history"><small>The opposing Latios was badly poisoned!</small><br></div><div class="spacer battle-history"><br></div><div class="battle-history"><small>The opposing Latios was hurt by poison!</small><br></div><div class="spacer battle-history"><br></div><h2 class="battle-history">Turn 22</h2><div class="spacer battle-history"><br></div><div class="battle-history">The opposing Latios used <strong>Psyshock</strong>!<br></div><div class="battle-history"><small>(Chansey lost <abbr title="−213/703">30.3%</abbr> of its health!)</small><br></div><div class="spacer battle-history"><br></div><div class="battle-history">Chansey used <strong>Soft-Boiled</strong>!<br></div><div class="battle-history"><small>Chansey restored its HP.</small><br></div><div class="spacer battle-history"><br></div><div class="battle-history"><small>The opposing Latios was hurt by poison!</small><br></div><div class="spacer battle-history"><br></div><h2 class="battle-history">Turn 23</h2><div class="spacer battle-history"><br></div><div class="battle-history">elabejonejo withdrew Latios!<br></div><div class="battle-history">elabejonejo sent out Landorus (<strong>Landorus-Therian</strong>)!<br></div><div class="battle-history"><small>Pointed stones dug into the opposing Landorus!</small><br></div><div class="battle-history"><small>[The opposing Landorus's Intimidate]</small><br></div><div class="battle-history"><small>Chansey's Attack fell!</small><br></div><div class="spacer battle-history"><br></div><div class="battle-history">Chansey used <strong>Soft-Boiled</strong>!<br></div><div class="battle-history"><small>Chansey restored its HP.</small><br></div><div class="spacer battle-history"><br></div><div class="battle-history"><small>The opposing Landorus restored a little HP using its Leftovers!</small><br></div><div class="spacer battle-history"><br></div><h2 class="battle-history">Turn 24</h2><div class="spacer battle-history"><br></div><div class="battle-history">Chansey, come back!<br></div><div class="battle-history">Go! Landorus (<strong>Landorus-Therian</strong>)!<br></div><div class="battle-history"><small>[Landorus's Intimidate]</small><br></div><div class="battle-history"><small>The opposing Landorus's Attack fell!</small><br></div><div class="spacer battle-history"><br></div><div class="battle-history">The opposing Landorus used <strong>Stealth Rock</strong>!<br></div><div class="battle-history"><small>Pointed stones float in the air around your team!</small><br></div><div class="spacer battle-history"><br></div><div class="battle-history"><small>The opposing Landorus restored a little HP using its Leftovers!</small><br></div><div class="battle-history"><small>Landorus restored a little HP using its Leftovers!</small><br></div><div class="spacer battle-history"><br></div><h2 class="battle-history">Turn 25</h2><div class="spacer battle-history"><br></div><div class="battle-history">The opposing Landorus used <strong>U-turn</strong>!<br></div><div class="battle-history"><small>It's not very effective...</small><br></div><div class="battle-history"><small>(Landorus lost <abbr title="−27/381">7.1%</abbr> of its health!)</small><br></div><div class="spacer battle-history"><br></div><div class="battle-history">The opposing Landorus went back to elabejonejo!<br></div><div class="battle-history">elabejonejo sent out Latios (<strong>Latios-Mega</strong>)!<br></div><div class="battle-history"><small>Pointed stones dug into the opposing Latios!</small><br></div><div class="spacer battle-history"><br></div><div class="battle-history">Landorus used <strong>Hidden Power</strong>!<br></div><div class="battle-history"><small>It's super effective!</small><br></div><div class="battle-history"><small>(The opposing Latios lost <abbr title="−92/301">30.6%</abbr> of its health!)</small><br></div><div class="spacer battle-history"><br></div><div class="battle-history"><small>Landorus restored a little HP using its Leftovers!</small><br></div><div class="battle-history"><small>The opposing Latios was hurt by poison!</small><br></div><div class="spacer battle-history"><br></div><h2 class="battle-history">Turn 26</h2><div class="chat message-error">AdderJo tiene 285 segundos restantes.</div><div class="chat message-error">elabejonejo tiene 285 segundos restantes.</div><div class="chat message-error">elabejonejo tiene 285 segundos restantes.</div><div class="chat message-error">elabejonejo tiene 270 segundos restantes.</div><div class="chat message-error">elabejonejo tiene 255 segundos restantes.</div><div class="spacer battle-history"><br></div><div class="battle-history">Landorus, come back!<br></div><div class="battle-history">Go! <strong>Chansey</strong>!<br></div><div class="battle-history"><small>Pointed stones dug into Chansey!</small><br></div><div class="spacer battle-history"><br></div><div class="battle-history">The opposing Latios used <strong>Recover</strong>!<br></div><div class="battle-history"><small>The opposing Latios restored its HP.</small><br></div><div class="spacer battle-history"><br></div><div class="battle-history"><small>The opposing Latios was hurt by poison!</small><br></div><div class="spacer battle-history"><br></div><h2 class="battle-history">Turn 27</h2><div class="spacer battle-history"><br></div><div class="battle-history">The opposing Latios used <strong>Recover</strong>!<br></div><div class="battle-history"><small>The opposing Latios restored its HP.</small><br></div><div class="spacer battle-history"><br></div><div class="battle-history">Chansey used <strong>Seismic Toss</strong>!<br></div><div class="battle-history"><small>(The opposing Latios lost <abbr title="−100/301">33.2%</abbr> of its health!)</small><br></div><div class="spacer battle-history"><br></div><div class="battle-history"><small>The opposing Latios was hurt by poison!</small><br></div><div class="spacer battle-history"><br></div><h2 class="battle-history">Turn 28</h2><div class="spacer battle-history"><br></div><div class="battle-history">elabejonejo withdrew Latios!<br></div><div class="battle-history">elabejonejo sent out <strong>Magearna</strong>!<br></div><div class="battle-history"><small>Pointed stones dug into the opposing Magearna!</small><br></div><div class="spacer battle-history"><br></div><div class="battle-history">Chansey used <strong>Toxic</strong>!<br></div><div class="battle-history"><small>It doesn't affect the opposing Magearna...</small><br></div><div class="spacer battle-history"><br></div><h2 class="battle-history">Turn 29</h2><div class="spacer battle-history"><br></div><div class="battle-history">The opposing Magearna used <strong>Heal Bell</strong>!<br></div><div class="battle-history"><small>A bell chimed!</small><br></div><div class="battle-history"><small>The opposing Latios was cured of its poisoning.</small><br></div><div class="spacer battle-history"><br></div><div class="battle-history">Chansey used <strong>Seismic Toss</strong>!<br></div><div class="battle-history"><small>(The opposing Magearna lost <abbr title="−100/364">27.5%</abbr> of its health!)</small><br></div><div class="spacer battle-history"><br></div><h2 class="battle-history">Turn 30</h2><div class="spacer battle-history"><br></div><div class="battle-history">The opposing Magearna used <strong>Fleur Cannon</strong>!<br></div><div class="battle-history"><small>(Chansey lost <abbr title="−159/703">22.6%</abbr> of its health!)</small><br></div><div class="battle-history"><small>The opposing Magearna's Special Attack fell harshly!</small><br></div><div class="spacer battle-history"><br></div><div class="battle-history">Chansey used <strong>Seismic Toss</strong>!<br></div><div class="battle-history"><small>(The opposing Magearna lost <abbr title="−100/364">27.5%</abbr> of its health!)</small><br></div><div class="spacer battle-history"><br></div><h2 class="battle-history">Turn 31</h2><div class="spacer battle-history"><br></div><div class="battle-history">The opposing Magearna used <strong>Volt Switch</strong>!<br></div><div class="battle-history"><small>(Chansey lost <abbr title="−31/703">4.4%</abbr> of its health!)</small><br></div><div class="spacer battle-history"><br></div><div class="battle-history">The opposing Magearna went back to elabejonejo!<br></div><div class="battle-history">elabejonejo sent out <strong>Victini</strong>!<br></div><div class="battle-history"><small>Pointed stones dug into the opposing Victini!</small><br></div><div class="spacer battle-history"><br></div><div class="battle-history">Chansey used <strong>Soft-Boiled</strong>!<br></div><div class="battle-history"><small>Chansey restored its HP.</small><br></div><div class="spacer battle-history"><br></div><div class="battle-history"><small>The opposing Victini restored a little HP using its Leftovers!</small><br></div><div class="spacer battle-history"><br></div><h2 class="battle-history">Turn 32</h2><div class="chat message-error">elabejonejo tiene 285 segundos restantes.</div><div class="chat message-error">elabejonejo tiene 270 segundos restantes.</div><div class="chat message-error">elabejonejo tiene 255 segundos restantes.</div><div class="chat message-error">elabejonejo tiene 240 segundos restantes.</div><div class="spacer battle-history"><br></div><div class="battle-history">Chansey, come back!<br></div><div class="battle-history">Go! <strong>Infernape</strong>!<br></div><div class="battle-history"><small>Pointed stones dug into Infernape!</small><br></div><div class="spacer battle-history"><br></div><div class="battle-history">The opposing Victini used <strong>Fusion Bolt</strong>!<br></div><div class="battle-history"><small>(Infernape lost <abbr title="−158/293">53.9%</abbr> of its health!)</small><br></div><div class="spacer battle-history"><br></div><div class="battle-history"><small>The opposing Victini restored a little HP using its Leftovers!</small><br></div><div class="spacer battle-history"><br></div><h2 class="battle-history">Turn 33</h2><div class="spacer battle-history"><br></div><div class="battle-history">Infernape used <strong>Rock Slide</strong>!<br></div><div class="battle-history"><small>It's super effective!</small><br></div><div class="battle-history"><small>(The opposing Victini lost <abbr title="−221/341">64.8%</abbr> of its health!)</small><br></div><div class="battle-history"><small>Infernape lost some of its HP!</small><br></div><div class="spacer battle-history"><br></div><div class="battle-history">The opposing Victini flinched and couldn't move!<br></div><div class="spacer battle-history"><br></div><div class="battle-history"><small>The opposing Victini restored a little HP using its Leftovers!</small><br></div><div class="spacer battle-history"><br></div><h2 class="battle-history">Turn 34</h2><div class="chat message-error">elabejonejo tiene 285 segundos restantes.</div><div class="chat message-error">elabejonejo tiene 270 segundos restantes.</div><div class="spacer battle-history"><br></div><div class="battle-history">Infernape used <strong>Rock Slide</strong>!<br></div><div class="battle-history"><small>It's super effective!</small><br></div><div class="battle-history"><small>(The opposing Victini lost <abbr title="−98/341">28.7%</abbr> of its health!)</small><br></div><div class="battle-history"><small>Infernape lost some of its HP!</small><br></div><div class="spacer battle-history"><br></div><div class="battle-history">The opposing Victini fainted!<br></div><div class="battle-history">Infernape fainted!<br></div><div class="spacer battle-history"><br></div><div class="battle-history">Go! Landorus (<strong>Landorus-Therian</strong>)!<br></div><div class="spacer battle-history"><br></div><div class="battle-history">elabejonejo sent out <strong>Magearna</strong>!<br></div><div class="battle-history"><small>Pointed stones dug into Landorus!</small><br></div><div class="battle-history"><small>[Landorus's Intimidate]</small><br></div><div class="battle-history"><small>The opposing Magearna's Attack fell!</small><br></div><div class="battle-history"><small>Pointed stones dug into the opposing Magearna!</small><br></div><div class="spacer battle-history"><br></div><h2 class="battle-history">Turn 35</h2><div class="spacer battle-history"><br></div><div class="battle-history">Landorus used <strong>Earthquake</strong>!<br></div><div class="battle-history"><small>It's super effective!</small><br></div><div class="battle-history"><small>(The opposing Magearna lost <abbr title="−19/364">5.2%</abbr> of its health!)</small><br></div><div class="spacer battle-history"><br></div><div class="battle-history">The opposing Magearna fainted!<br></div><div class="spacer battle-history"><br></div><div class="battle-history"><small>Landorus restored a little HP using its Leftovers!</small><br></div><div class="spacer battle-history"><br></div><div class="battle-history">elabejonejo sent out Latios (<strong>Latios-Mega</strong>)!<br></div><div class="battle-history"><small>Pointed stones dug into the opposing Latios!</small><br></div><div class="spacer battle-history"><br></div><h2 class="battle-history">Turn 36</h2><div class="spacer battle-history"><br></div><div class="battle-history">The opposing Latios used <strong>Surf</strong>!<br></div><div class="battle-history"><small>It's super effective!</small><br></div><div class="battle-history"><small>(Landorus lost <abbr title="−168/381">44.1%</abbr> of its health!)</small><br></div><div class="spacer battle-history"><br></div><div class="battle-history">Landorus fainted!<br></div><div class="spacer battle-history"><br></div><div class="battle-history">Go! Beedrill (<strong>Beedrill-Mega</strong>)!<br></div><div class="battle-history"><small>Pointed stones dug into Beedrill!</small><br></div><div class="spacer battle-history"><br></div><h2 class="battle-history">Turn 37</h2><div class="spacer battle-history"><br></div><div class="battle-history">Beedrill used <strong>Knock Off</strong>!<br></div><div class="battle-history"><small>It's super effective!</small><br></div><div class="battle-history"><small>(The opposing Latios lost <abbr title="−110/301">36.5%</abbr> of its health!)</small><br></div><div class="spacer battle-history"><br></div><div class="battle-history">The opposing Latios fainted!<br></div><div class="spacer battle-history"><br></div><div class="battle-history">elabejonejo sent out Landorus (<strong>Landorus-Therian</strong>)!<br></div><div class="battle-history"><small>Pointed stones dug into the opposing Landorus!</small><br></div><div class="battle-history"><small>[The opposing Landorus's Intimidate]</small><br></div><div class="battle-history"><small>Beedrill's Attack fell!</small><br></div><div class="spacer battle-history"><br></div><h2 class="battle-history">Turn 38</h2><div class="spacer battle-history"><br></div><div class="battle-history">Beedrill used <strong>Knock Off</strong>!<br></div><div class="battle-history"><small>(The opposing Landorus lost <abbr title="−95/382">24.9%</abbr> of its health!)</small><br></div><div class="battle-history"><small>Beedrill knocked off the opposing Landorus's Leftovers!</small><br></div><div class="spacer battle-history"><br></div><div class="battle-history">The opposing Landorus used <strong>U-turn</strong>!<br></div><div class="battle-history"><small>It's not very effective...</small><br></div><div class="battle-history"><small>(Beedrill lost <abbr title="−43/271">15.9%</abbr> of its health!)</small><br></div><div class="spacer battle-history"><br></div><div class="battle-history">Beedrill fainted!<br></div><div class="spacer battle-history"><br></div><div class="battle-history">Go! <strong>Tapu Lele</strong>!<br></div><div class="battle-history"><small>Pointed stones dug into Tapu Lele!</small><br></div><div class="battle-history"><small>[Tapu Lele's Psychic Surge]</small><br><small>The battlefield got weird!</small><br></div><div class="spacer battle-history"><br></div><h2 class="battle-history">Turn 39</h2><div class="spacer battle-history"><br></div><div class="battle-history">Tapu Lele used <strong>Psychic</strong>!<br></div><div class="battle-history"><small>(The opposing Landorus lost <abbr title="−239/382">62.6%</abbr> of its health!)</small><br></div><div class="spacer battle-history"><br></div><div class="battle-history">The opposing Landorus fainted!<br></div><div class="spacer battle-history"><br></div><div class="battle-history"><strong>AdderJo</strong> won the battle!<br></div><div class="chat chatmessage-adderjo"><strong style="color:hsl(264,75%,56.933847391406246%)"><small>☆</small><span class="username" data-name="AdderJo">AdderJo</span>:</strong> <em>gg</em></div></div><div class="inner-preempt"></div></div></div>
</div>
<script>
let daily = Math.floor(Date.now()/1000/60/60/24);document.write('<script src="https://play.pokemonshowdown.com/js/replay-embed.js?version'+daily+'"></'+'script>');
</script>
