<!DOCTYPE html>
<meta charset="utf-8" />
<!-- version 1 -->
<title>OU replay: Kurumi Tokіsaki vs. No man's hax</title>
<style>
html,body {font-family:Verdana, sans-serif;font-size:10pt;margin:0;padding:0;}body{padding:12px 0;} .battle-log {font-family:Verdana, sans-serif;font-size:10pt;} .battle-log-inline {border:1px solid #AAAAAA;background:#EEF2F5;color:black;max-width:640px;margin:0 auto 80px;padding-bottom:5px;} .battle-log .inner {padding:4px 8px 0px 8px;} .battle-log .inner-preempt {padding:0 8px 4px 8px;} .battle-log .inner-after {margin-top:0.5em;} .battle-log h2 {margin:0.5em -8px;padding:4px 8px;border:1px solid #AAAAAA;background:#E0E7EA;border-left:0;border-right:0;font-family:Verdana, sans-serif;font-size:13pt;} .battle-log .chat {vertical-align:middle;padding:3px 0 3px 0;font-size:8pt;} .battle-log .chat strong {color:#40576A;} .battle-log .chat em {padding:1px 4px 1px 3px;color:#000000;font-style:normal;} .chat.mine {background:rgba(0,0,0,0.05);margin-left:-8px;margin-right:-8px;padding-left:8px;padding-right:8px;} .spoiler {color:#BBBBBB;background:#BBBBBB;padding:0px 3px;} .spoiler:hover, .spoiler:active, .spoiler-shown {color:#000000;background:#E2E2E2;padding:0px 3px;} .spoiler a {color:#BBBBBB;} .spoiler:hover a, .spoiler:active a, .spoiler-shown a {color:#2288CC;} .chat code, .chat .spoiler:hover code, .chat .spoiler:active code, .chat .spoiler-shown code {border:1px solid #C0C0C0;background:#EEEEEE;color:black;padding:0 2px;} .chat .spoiler code {border:1px solid #CCCCCC;background:#CCCCCC;color:#CCCCCC;} .battle-log .rated {padding:3px 4px;} .battle-log .rated strong {color:white;background:#89A;padding:1px 4px;border-radius:4px;} .spacer {margin-top:0.5em;} .message-announce {background:#6688AA;color:white;padding:1px 4px 2px;} .message-announce a, .broadcast-green a, .broadcast-blue a, .broadcast-red a {color:#DDEEFF;} .broadcast-green {background-color:#559955;color:white;padding:2px 4px;} .broadcast-blue {background-color:#6688AA;color:white;padding:2px 4px;} .infobox {border:1px solid #6688AA;padding:2px 4px;} .infobox-limited {max-height:200px;overflow:auto;overflow-x:hidden;} .broadcast-red {background-color:#AA5544;color:white;padding:2px 4px;} .message-learn-canlearn {font-weight:bold;color:#228822;text-decoration:underline;} .message-learn-cannotlearn {font-weight:bold;color:#CC2222;text-decoration:underline;} .message-effect-weak {font-weight:bold;color:#CC2222;} .message-effect-resist {font-weight:bold;color:#6688AA;} .message-effect-immune {font-weight:bold;color:#666666;} .message-learn-list {margin-top:0;margin-bottom:0;} .message-throttle-notice, .message-error {color:#992222;} .message-overflow, .chat small.message-overflow {font-size:0pt;} .message-overflow::before {font-size:9pt;content:'...';} .subtle {color:#3A4A66;}
</style>
<div class="wrapper replay-wrapper" style="max-width:1180px;margin:0 auto">
<input type="hidden" name="replayid" value="destiny-ou-458518" />
<div class="battle"></div><div class="battle-log"></div><div class="replay-controls"></div><div class="replay-controls-2"></div>
<h1 style="font-weight:normal;text-align:center"><strong>OU</strong><br /><a href="http://pokemonshowdown.com/users/kurumitoksaki" class="subtle" target="_blank">Kurumi Tokіsaki</a> vs. <a href="http://pokemonshowdown.com/users/nomanshax" class="subtle" target="_blank">No man's hax</a></h1>
<script type="text/plain" class="battle-log-data">|unlink|||tour
|player|p1|Kurumi Tokіsaki|kurumitoksaki.gif?a585b6d4
|teamsize|p1|6
|player|p2|No man's hax|nomanshax-11.gif?1c3781e6
|teamsize|p2|6
|teamsize|p1|6
|teamsize|p2|6
|gametype|singles
|gen|7
|tier|OU
|seed|35708,18371,50323,30736
|rule|Cláusula-Mod de Dormir: solo puedes dormir a uno de tus oponentes a la vez.
|rule|Cláusula de Especie: Hasta un Pokémon de cada especie
|rule|Cláusula de Golpe Fulminante: los movimientos fulminantes (OHKO) estan prohibidos
|rule|Cláusula de Veleta: la habilidad Veleta está prohibida
|rule|Cláusula de Movimientos Evasivos: los movimientos de Evasión están prohibidos.
|rule|Cláusula de Batallas Eternas: forzar batallas eternas está prohibido
|clearpoke
|poke|p1|Charizard, M|item
|poke|p1|Tapu Koko|item
|poke|p1|Jirachi|item
|poke|p1|Zygarde|item
|poke|p1|Keldeo|item
|poke|p1|Landorus-Therian, M|item
|poke|p2|Pinsir, F|item
|poke|p2|Keldeo|item
|poke|p2|Tapu Bulu|item
|poke|p2|Zygarde|item
|poke|p2|Jirachi|item
|poke|p2|Zapdos|item
|teampreview|undefined
|choice|*|*team 213456
|choice|*team 623451|*
|choice|team 6, 2, 3, 4, 5, 1|team 2, 1, 3, 4, 5, 6
|
|start
|switch|p1a: Landorus|Landorus-Therian, M|339\/339
|switch|p2a: Keldeo|Keldeo|323\/323
|-ability|p1a: Landorus|Intimidate|boost
|-unboost|p2a: Keldeo|atk|1
|turn|1
|c|☆No man's hax|que la hax te acompañe
|choice|*|*move 2
|c|☆Kurumi Tokіsaki|=
|choice|*move 2|*
|choice|move uturn|move scald
|
|move|p2a: Keldeo|Scald|p1a: Landorus
|-supereffective|p1a: Landorus
|-damage|p1a: Landorus|0 fnt
|faint|p1a: Landorus
|
|upkeep
|choice|*switch 2|*
|choice|switch 2|
|
|switch|p1a: Tapu Koko|Tapu Koko|307\/307
|-fieldstart|move: Electric Terrain|[from] ability: Electric Surge|[of] p1a: Tapu Koko
|turn|2
|choice|*move 2|*
|c|☆No man's hax|por que lo dejaste?
|choice|*|*switch 5
|choice|move voltswitch|switch 5
|
|switch|p2a: Jirachi|Jirachi|403\/403
|move|p1a: Tapu Koko|Volt Switch|p2a: Jirachi
|-damage|p2a: Jirachi|279\/403
|c|☆Kurumi Tokіsaki|normalmente suelo ver mas al keldeo waterium z
|choice|*switch 6|*
|choice|switch 6|
|
|switch|p1a: Charizard|Charizard, M|297\/297|[from]move: Volt Switch
|
|-heal|p2a: Jirachi|304\/403|[from] item: Leftovers
|upkeep
|turn|3
|c|☆No man's hax|en realidad es mas comun la variante scarf
|choice|*|*switch 5
|choice|*move 1 mega|*
|choice|move dragondance mega|switch 5
|
|switch|p2a: Keldeo|Keldeo|323\/323
|-mega|p1a: Charizard|Charizard|Charizardite X
|detailschange|p1a: Charizard|Charizard-Mega-X, M
|move|p1a: Charizard|Dragon Dance|p1a: Charizard
|-boost|p1a: Charizard|atk|1
|-boost|p1a: Charizard|spe|1
|
|upkeep
|turn|4
|c|☆No man's hax|luego la waterium y de vez en cuando hay gente que lo usa CM con leftovers o choice specs
|choice|*|*move 3
|c|+Camila Cruz♥|Porque no danza espada ?
|choice|*switch 5|*
|choice|switch 5|move hydropump
|
|switch|p1a: Keldeo|Keldeo|323\/323
|move|p2a: Keldeo|Hydro Pump|p1a: Keldeo
|-resisted|p1a: Keldeo
|-damage|p1a: Keldeo|213\/323
|
|upkeep
|turn|5
|c|+Camila Cruz♥|
|choice|*|*switch 6
|choice|*move 2|*
|choice|move secretsword|switch 6
|
|switch|p2a: Zapdos|Zapdos|383\/383
|move|p1a: Keldeo|Secret Sword|p2a: Zapdos
|-resisted|p2a: Zapdos
|-damage|p2a: Zapdos|322\/383
|
|-heal|p2a: Zapdos|345\/383|[from] item: Leftovers
|upkeep
|turn|6
|c|☆No man's hax|alv si cierto
|choice|*|*switch 3
|choice|*|*switch 3
|c|☆No man's hax|deberias hacer un poco de check antes de dejar un poke o no kurumi
|choice|*switch 4|*
|choice|switch 4|switch 3
|
|switch|p1a: Zygarde|Zygarde|358\/358
|-ability|p1a: Zygarde|Aura Break
|switch|p2a: Tapu Bulu|Tapu Bulu|343\/343
|-fieldstart|move: Grassy Terrain|[from] ability: Grassy Surge|[of] p2a: Tapu Bulu
|
|upkeep
|turn|7
|choice|*|*move 4
|c|☆Kurumi Tokіsaki|llevo como 2 años sin jugar xd
|choice|*move 4|*
|choice|move irontail|move naturesmadness
|
|move|p1a: Zygarde|Iron Tail|p2a: Tapu Bulu
|-supereffective|p2a: Tapu Bulu
|-damage|p2a: Tapu Bulu|73\/343
|move|p2a: Tapu Bulu|Nature's Madness|p1a: Zygarde
|-damage|p1a: Zygarde|179\/358
|
|-heal|p1a: Zygarde|201\/358|[from] Grassy Terrain
|-heal|p2a: Tapu Bulu|94\/343|[from] Grassy Terrain
|upkeep
|turn|8
|c|☆No man's hax|se nota en ese caso que estas muy oxidado
|choice|*|*switch 5
|choice|*|*switch 5
|choice|*|*switch 5
|choice|*switch 6|*
|choice|switch 6|switch 5
|
|switch|p1a: Tapu Koko|Tapu Koko|307\/307
|-fieldstart|move: Electric Terrain|[from] ability: Electric Surge|[of] p1a: Tapu Koko
|switch|p2a: Jirachi|Jirachi|304\/403
|
|-heal|p2a: Jirachi|329\/403|[from] item: Leftovers
|upkeep
|turn|9
|choice|*|*move 3
|choice|*move 2|*
|choice|move voltswitch|move protect
|
|move|p2a: Jirachi|Protect|p2a: Jirachi
|-singleturn|p2a: Jirachi|Protect
|move|p1a: Tapu Koko|Volt Switch|p2a: Jirachi
|-activate|p2a: Jirachi|move: Protect
|
|-heal|p2a: Jirachi|354\/403|[from] item: Leftovers
|upkeep
|turn|10
|choice|*|*switch 4
|choice|*move 2|*
|choice|move voltswitch|switch 4
|
|switch|p2a: Zygarde|Zygarde|358\/358
|-ability|p2a: Zygarde|Aura Break
|move|p1a: Tapu Koko|Volt Switch|p2a: Zygarde
|-immune|p2a: Zygarde|[msg]
|
|upkeep
|turn|11
|choice|*move 3|*
|choice|*|*move 3
|choice|move hiddenpower|move dragondance
|
|move|p1a: Tapu Koko|Hidden Power|p2a: Zygarde
|-supereffective|p2a: Zygarde
|-damage|p2a: Zygarde|138\/358
|move|p2a: Zygarde|Dragon Dance|p2a: Zygarde
|-boost|p2a: Zygarde|atk|1
|-boost|p2a: Zygarde|spe|1
|
|upkeep
|turn|12
|choice|*|*move 2
|c|+Camila Cruz♥|Mas oxidado que las nalgas de oscar
|c|+Camila Cruz♥|(?
|c|+Camila Cruz♥|bueno no tanto xD
|c|☆No man's hax|sta pendeja....
|choice|*move 3|*
|choice|move hiddenpower|move thousandarrows
|
|move|p2a: Zygarde|Thousand Arrows|p1a: Tapu Koko
|-supereffective|p1a: Tapu Koko
|-enditem|p1a: Tapu Koko|Shuca Berry|[eat]
|-enditem|p1a: Tapu Koko|Shuca Berry|[weaken]
|-damage|p1a: Tapu Koko|79\/307
|move|p1a: Tapu Koko|Hidden Power|p2a: Zygarde
|-supereffective|p2a: Zygarde
|-damage|p2a: Zygarde|0 fnt
|faint|p2a: Zygarde
|
|-fieldend|move: Electric Terrain
|upkeep
|choice|*|*switch 4
|choice||switch 4
|
|switch|p2a: Jirachi|Jirachi|354\/403
|turn|13
|choice|*|*move 1
|choice|*move 2|*
|choice|move voltswitch|move stealthrock
|
|move|p1a: Tapu Koko|Volt Switch|p2a: Jirachi
|-damage|p2a: Jirachi|282\/403
|choice|*switch 5|*
|choice|switch 5|
|
|switch|p1a: Charizard|Charizard-Mega-X, M|297\/297|[from]move: Volt Switch
|move|p2a: Jirachi|Stealth Rock|p1a: Charizard
|-sidestart|p1: Kurumi Tokіsaki|move: Stealth Rock
|
|-heal|p2a: Jirachi|307\/403|[from] item: Leftovers
|upkeep
|turn|14
|choice|*|*switch 6
|choice|*move 3|*
|choice|move flareblitz|switch 6
|
|switch|p2a: Keldeo|Keldeo|323\/323
|move|p1a: Charizard|Flare Blitz|p2a: Keldeo
|-resisted|p2a: Keldeo
|-damage|p2a: Keldeo|176\/323
|-damage|p1a: Charizard|248\/297|[from] recoil
|
|upkeep
|turn|15
|choice|*|*move 3
|choice|*switch 5|*
|choice|switch 5|move hydropump
|
|switch|p1a: Tapu Koko|Tapu Koko|79\/307
|-damage|p1a: Tapu Koko|41\/307|[from] Stealth Rock
|-fieldstart|move: Electric Terrain|[from] ability: Electric Surge|[of] p1a: Tapu Koko
|move|p2a: Keldeo|Hydro Pump|p1a: Tapu Koko
|-damage|p1a: Tapu Koko|0 fnt
|faint|p1a: Tapu Koko
|
|upkeep
|choice|*switch 4|*
|choice|switch 4|
|
|switch|p1a: Keldeo|Keldeo|213\/323
|-damage|p1a: Keldeo|193\/323|[from] Stealth Rock
|turn|16
|choice|*|*switch 6
|choice|*|*switch 3
|choice|*move 2|*
|choice|move secretsword|switch 3
|
|switch|p2a: Zapdos|Zapdos|345\/383
|move|p1a: Keldeo|Secret Sword|p2a: Zapdos
|-resisted|p2a: Zapdos
|-damage|p2a: Zapdos|278\/383
|
|-heal|p2a: Zapdos|301\/383|[from] item: Leftovers
|upkeep
|turn|17
|choice|*|*switch 5
|choice|*move 1 zmove|*
|choice|move hydropump zmove|switch 5
|
|switch|p2a: Tapu Bulu|Tapu Bulu|94\/343
|-fieldstart|move: Grassy Terrain|[from] ability: Grassy Surge|[of] p2a: Tapu Bulu
|-zpower|p1a: Keldeo
|move|p1a: Keldeo|Hydro Vortex|p2a: Tapu Bulu|[zeffect]
|-resisted|p2a: Tapu Bulu
|-damage|p2a: Tapu Bulu|0 fnt
|faint|p2a: Tapu Bulu
|
|-heal|p1a: Keldeo|213\/323|[from] Grassy Terrain
|upkeep
|choice|*|*switch 2
|choice||switch 2
|
|switch|p2a: Pinsir|Pinsir, F|272\/272
|turn|18
|choice|*|*move 1 mega
|c|+Camila Cruz♥|tu defog es landorus ?
|choice|*|*move 2 mega
|c|☆Kurumi Tokіsaki|sip
|choice|*move 1|*
|choice|move hydropump|move return mega
|
|-mega|p2a: Pinsir|Pinsir|Pinsirite
|detailschange|p2a: Pinsir|Pinsir-Mega, F
|move|p1a: Keldeo|Hydro Pump|p2a: Pinsir
|-damage|p2a: Pinsir|44\/272
|move|p2a: Pinsir|Return|p1a: Keldeo
|-supereffective|p1a: Keldeo
|-damage|p1a: Keldeo|0 fnt
|faint|p1a: Keldeo
|
|upkeep
|choice|*switch 6|*
|choice|switch 6|
|
|switch|p1a: Zygarde|Zygarde|201\/358
|-damage|p1a: Zygarde|179\/358|[from] Stealth Rock
|-ability|p1a: Zygarde|Aura Break
|turn|19
|choice|*|*switch 6
|choice|*move 2|*
|choice|move extremespeed|switch 6
|
|switch|p2a: Jirachi|Jirachi|307\/403
|move|p1a: Zygarde|Extreme Speed|p2a: Jirachi
|-resisted|p2a: Jirachi
|-damage|p2a: Jirachi|239\/403
|
|-heal|p1a: Zygarde|201\/358|[from] Grassy Terrain
|-heal|p2a: Jirachi|264\/403|[from] item: Leftovers
|-heal|p2a: Jirachi|289\/403|[from] Grassy Terrain
|upkeep
|turn|20
|choice|*|*move 4
|choice|*switch 3|*
|choice|switch 3|move wish
|
|switch|p1a: Jirachi|Jirachi|403\/403
|-damage|p1a: Jirachi|378\/403|[from] Stealth Rock
|move|p2a: Jirachi|Wish|p2a: Jirachi
|
|-heal|p2a: Jirachi|314\/403|[from] item: Leftovers
|-heal|p2a: Jirachi|339\/403|[from] Grassy Terrain
|-heal|p1a: Jirachi|403\/403|[from] item: Leftovers
|upkeep
|turn|21
|choice|*move 1|*
|choice|*|*switch 5
|choice|move stealthrock|switch 5
|
|switch|p2a: Zapdos|Zapdos|301\/383
|move|p1a: Jirachi|Stealth Rock|p2a: Zapdos
|-sidestart|p2: No man's hax|move: Stealth Rock
|
|-heal|p2a: Zapdos|383\/383|[from] move: Wish|[wisher] Jirachi
|-fieldend|move: Grassy Terrain
|upkeep
|turn|22
|choice|*|*move 2
|choice|*move 3|*
|choice|move uturn|move heatwave
|
|move|p1a: Jirachi|U-turn|p2a: Zapdos
|-resisted|p2a: Zapdos
|-damage|p2a: Zapdos|357\/383
|choice|*switch 3|*
|choice|switch 3|
|
|switch|p1a: Zygarde|Zygarde|201\/358|[from]move: U-turn
|-damage|p1a: Zygarde|179\/358|[from] Stealth Rock
|-ability|p1a: Zygarde|Aura Break
|move|p2a: Zapdos|Heat Wave|p1a: Zygarde
|-resisted|p1a: Zygarde
|-damage|p1a: Zygarde|131\/358
|-status|p1a: Zygarde|brn
|
|-heal|p2a: Zapdos|380\/383|[from] item: Leftovers
|-damage|p1a: Zygarde|109\/358 brn|[from] brn
|upkeep
|turn|23
|c|☆No man's hax|sry por eso
|choice|*|*move 4
|choice|*move 3|*
|choice|move outrage|move roost
|
|move|p1a: Zygarde|Outrage|p2a: Zapdos
|-damage|p2a: Zapdos|247\/383
|move|p2a: Zapdos|Roost|p2a: Zapdos
|-heal|p2a: Zapdos|383\/383
|
|-damage|p1a: Zygarde|87\/358 brn|[from] brn
|upkeep
|turn|24
|choice|*move 1|*
|choice|*|*move 4
|choice|move outrage|move roost
|
|move|p1a: Zygarde|Outrage|p2a: Zapdos|[from]lockedmove
|-damage|p2a: Zapdos|248\/383
|move|p2a: Zapdos|Roost|p2a: Zapdos
|-heal|p2a: Zapdos|383\/383
|
|-damage|p1a: Zygarde|65\/358 brn|[from] brn
|upkeep
|turn|25
|choice|*|*move 4
|choice|*move 1|*
|choice|move outrage|move roost
|
|move|p1a: Zygarde|Outrage|p2a: Zapdos|[from]lockedmove
|-damage|p2a: Zapdos|245\/383
|-start|p1a: Zygarde|confusion|[fatigue]
|move|p2a: Zapdos|Roost|p2a: Zapdos
|-heal|p2a: Zapdos|383\/383
|
|-damage|p1a: Zygarde|43\/358 brn|[from] brn
|upkeep
|turn|26
|choice|*|*move 2
|choice|*move 3|*
|choice|move outrage|move heatwave
|
|-activate|p1a: Zygarde|confusion
|move|p1a: Zygarde|Outrage|p2a: Zapdos
|-damage|p2a: Zapdos|248\/383
|move|p2a: Zapdos|Heat Wave|p1a: Zygarde
|-resisted|p1a: Zygarde
|-damage|p1a: Zygarde|0 fnt
|faint|p1a: Zygarde
|
|-heal|p2a: Zapdos|271\/383|[from] item: Leftovers
|upkeep
|choice|*switch 5|*
|choice|switch 5|
|
|switch|p1a: Charizard|Charizard-Mega-X, M|248\/297
|-damage|p1a: Charizard|174\/297|[from] Stealth Rock
|turn|27
|choice|*|*move 3
|choice|*move 3|*
|choice|move flareblitz|move defog
|
|move|p1a: Charizard|Flare Blitz|p2a: Zapdos
|-damage|p2a: Zapdos|34\/383
|-damage|p1a: Charizard|96\/297|[from] recoil
|move|p2a: Zapdos|Defog|p1a: Charizard
|-unboost|p1a: Charizard|evasion|1
|-sideend|p1: Kurumi Tokіsaki|Stealth Rock|[from] move: Defog|[of] p1a: Charizard
|-sideend|p2: No man's hax|Stealth Rock|[from] move: Defog|[of] p2a: Zapdos
|
|-heal|p2a: Zapdos|57\/383|[from] item: Leftovers
|upkeep
|turn|28
|choice|*|*move 1
|choice|*|*switch 3
|choice|*|*switch 3
|choice|*move 2|*
|choice|move dragonclaw|switch 3
|
|switch|p2a: Keldeo|Keldeo|176\/323
|move|p1a: Charizard|Dragon Claw|p2a: Keldeo
|-damage|p2a: Keldeo|0 fnt
|faint|p2a: Keldeo
|
|upkeep
|choice|*|*switch 6
|choice||switch 6
|
|switch|p2a: Pinsir|Pinsir-Mega, F|44\/272
|turn|29
|choice|*|*move 2
|choice|*switch 3|*
|choice|switch 3|move return
|
|switch|p1a: Jirachi|Jirachi|403\/403
|move|p2a: Pinsir|Return|p1a: Jirachi
|-resisted|p1a: Jirachi
|-damage|p1a: Jirachi|289\/403
|
|-heal|p1a: Jirachi|314\/403|[from] item: Leftovers
|upkeep
|turn|30
|choice|*|*move 3
|choice|*move 2|*
|choice|move ironhead|move closecombat
|
|move|p2a: Pinsir|Close Combat|p1a: Jirachi
|-damage|p1a: Jirachi|140\/403
|-unboost|p2a: Pinsir|def|1
|-unboost|p2a: Pinsir|spd|1
|move|p1a: Jirachi|Iron Head|p2a: Pinsir
|-damage|p2a: Pinsir|0 fnt
|faint|p2a: Pinsir
|
|-heal|p1a: Jirachi|165\/403|[from] item: Leftovers
|upkeep
|choice|*|*switch 5
|choice||switch 5
|
|switch|p2a: Jirachi|Jirachi|339\/403
|turn|31
|choice|*|*switch 3
|choice|*move 4|*
|choice|*|*switch 3
|choice|move healingwish|switch 3
|
|switch|p2a: Zapdos|Zapdos|57\/383
|move|p1a: Jirachi|Healing Wish|p1a: Jirachi
|faint|p1a: Jirachi
|
|-heal|p2a: Zapdos|80\/383|[from] item: Leftovers
|upkeep
|choice|*switch 3|*
|choice|switch 3|
|
|switch|p1a: Charizard|Charizard-Mega-X, M|96\/297
|-heal|p1a: Charizard|297\/297|[from] move: Healing Wish
|turn|32
|c|☆No man's hax|bueno,gg
|choice|*move 3|*
|c|☆Kurumi Tokіsaki|gg
|c|☆No man's hax|ya vi un problema muy grave con este team
|choice|*|*move 1
|choice|move flareblitz|move discharge
|
|move|p1a: Charizard|Flare Blitz|p2a: Zapdos
|-damage|p2a: Zapdos|0 fnt
|-damage|p1a: Charizard|271\/297|[from] recoil
|faint|p2a: Zapdos
|
|upkeep
|choice|*|*switch 3
|choice||switch 3
|
|switch|p2a: Jirachi|Jirachi|339\/403
|turn|33
|choice|*move 3|*
|-message|No man's hax se rindió.
|
|win|Kurumi Tokіsaki
</script>
</div>
<div class="battle-log battle-log-inline"><div class="inner"><div class="battle-options"></div><div class="inner"><div class=""><small>Format:</small> <br><strong>OU</strong></div><div class=""><small><em>Cláusula-Mod de Dormir:</em> solo puedes dormir a uno de tus oponentes a la vez.</small></div><div class=""><small><em>Cláusula de Especie:</em> Hasta un Pokémon de cada especie</small></div><div class=""><small><em>Cláusula de Golpe Fulminante:</em> los movimientos fulminantes (OHKO) estan prohibidos</small></div><div class=""><small><em>Cláusula de Veleta:</em> la habilidad Veleta está prohibida</small></div><div class=""><small><em>Cláusula de Movimientos Evasivos:</em> los movimientos de Evasión están prohibidos.</small></div><div class=""><small><em>Cláusula de Batallas Eternas:</em> forzar batallas eternas está prohibido</small></div><div class="chat battle-history"><strong>Kurumi Tokіsaki's team:</strong> <em style="color:#445566;display:block;">Charizard / Tapu Koko / Jirachi / Zygarde / Keldeo / Landorus-Therian</em></div><div class="chat battle-history"><strong>No man's hax's team:</strong> <em style="color:#445566;display:block;">Pinsir / Keldeo / Tapu Bulu / Zygarde / Jirachi / Zapdos</em></div><div class="spacer battle-history"><br></div><div class="battle-history">Battle started between Kurumi Tokіsaki and No man's hax!<br></div><div class="spacer battle-history"><br></div><div class="battle-history">Go! Landorus (<strong>Landorus-Therian</strong>)!<br></div><div class="spacer battle-history"><br></div><div class="battle-history">No man's hax sent out <strong>Keldeo</strong>!<br></div><div class="battle-history"><small>[Landorus's Intimidate]</small><br></div><div class="battle-history"><small>The opposing Keldeo's Attack fell!</small><br></div><div class="spacer battle-history"><br></div><h2 class="battle-history">Turn 1</h2><div class="chat chatmessage-nomanshax"><strong style="color:hsl(105,82%,35%)"><small>☆</small><span class="username" data-name="No man's hax">No man's hax</span>:</strong> <em>que la hax te acompañe</em></div><div class="chat chatmessage-kurumitoksaki"><strong style="color:hsl(307,50%,48%)"><small>☆</small><span class="username" data-name="Kurumi Tokіsaki">Kurumi Tokіsaki</span>:</strong> <em>=</em></div><div class="spacer battle-history"><br></div><div class="battle-history">The opposing Keldeo used <strong>Scald</strong>!<br></div><div class="battle-history"><small>It's super effective!</small><br></div><div class="battle-history"><small>(Landorus lost <abbr title="−339/339">100%</abbr> of its health!)</small><br></div><div class="spacer battle-history"><br></div><div class="battle-history">Landorus fainted!<br></div><div class="spacer battle-history"><br></div><div class="battle-history">Go! <strong>Tapu Koko</strong>!<br></div><div class="battle-history"><small>[Tapu Koko's Electric Surge]</small><br><small>An electric current runs across the battlefield!</small><br></div><div class="spacer battle-history"><br></div><h2 class="battle-history">Turn 2</h2><div class="chat chatmessage-nomanshax"><strong style="color:hsl(105,82%,35%)"><small>☆</small><span class="username" data-name="No man's hax">No man's hax</span>:</strong> <em>por que lo dejaste?</em></div><div class="spacer battle-history"><br></div><div class="battle-history">No man's hax withdrew Keldeo!<br></div><div class="battle-history">No man's hax sent out <strong>Jirachi</strong>!<br></div><div class="spacer battle-history"><br></div><div class="battle-history">Tapu Koko used <strong>Volt Switch</strong>!<br></div><div class="battle-history"><small>(The opposing Jirachi lost <abbr title="−124/403">30.8%</abbr> of its health!)</small><br></div><div class="chat chatmessage-kurumitoksaki"><strong style="color:hsl(307,50%,48%)"><small>☆</small><span class="username" data-name="Kurumi Tokіsaki">Kurumi Tokіsaki</span>:</strong> <em>normalmente suelo ver mas al keldeo waterium z</em></div><div class="spacer battle-history"><br></div><div class="battle-history">Tapu Koko went back to Kurumi Tokіsaki!<br></div><div class="battle-history">Go! <strong>Charizard</strong>!<br></div><div class="spacer battle-history"><br></div><div class="battle-history"><small>The opposing Jirachi restored a little HP using its Leftovers!</small><br></div><div class="spacer battle-history"><br></div><h2 class="battle-history">Turn 3</h2><div class="chat chatmessage-nomanshax"><strong style="color:hsl(105,82%,35%)"><small>☆</small><span class="username" data-name="No man's hax">No man's hax</span>:</strong> <em>en realidad es mas comun la variante scarf</em></div><div class="spacer battle-history"><br></div><div class="battle-history">No man's hax withdrew Jirachi!<br></div><div class="battle-history">No man's hax sent out <strong>Keldeo</strong>!<br></div><div class="spacer battle-history"><br></div><div class="battle-history"><small>Charizard's Charizardite X is reacting to the Key Stone!</small><br>Charizard has Mega Evolved into Mega Charizard!<br></div><div class="spacer battle-history"><br></div><div class="battle-history">Charizard used <strong>Dragon Dance</strong>!<br></div><div class="battle-history"><small>Charizard's Attack rose!</small><br></div><div class="battle-history"><small>Charizard's Speed rose!</small><br></div><div class="spacer battle-history"><br></div><h2 class="battle-history">Turn 4</h2><div class="chat chatmessage-nomanshax"><strong style="color:hsl(105,82%,35%)"><small>☆</small><span class="username" data-name="No man's hax">No man's hax</span>:</strong> <em>luego la waterium y de vez en cuando hay gente que lo usa CM con leftovers o choice specs</em></div><div class="chat chatmessage-camilacruz"><strong style="color:hsl(107,48%,44.819126939248115%)"><small>+</small><span class="username" data-name="Camila Cruz♥">Camila Cruz♥</span>:</strong> <em>Porque no danza espada ?</em></div><div class="spacer battle-history"><br></div><div class="battle-history">Charizard, come back!<br></div><div class="battle-history">Go! <strong>Keldeo</strong>!<br></div><div class="spacer battle-history"><br></div><div class="battle-history">The opposing Keldeo used <strong>Hydro Pump</strong>!<br></div><div class="battle-history"><small>It's not very effective...</small><br></div><div class="battle-history"><small>(Keldeo lost <abbr title="−110/323">34.1%</abbr> of its health!)</small><br></div><div class="spacer battle-history"><br></div><h2 class="battle-history">Turn 5</h2><div class="chat chatmessage-camilacruz"><strong style="color:hsl(107,48%,44.819126939248115%)"><small>+</small><span class="username" data-name="Camila Cruz♥">Camila Cruz♥</span>:</strong> <em></em></div><div class="spacer battle-history"><br></div><div class="battle-history">No man's hax withdrew Keldeo!<br></div><div class="battle-history">No man's hax sent out <strong>Zapdos</strong>!<br></div><div class="spacer battle-history"><br></div><div class="battle-history">Keldeo used <strong>Secret Sword</strong>!<br></div><div class="battle-history"><small>It's not very effective...</small><br></div><div class="battle-history"><small>(The opposing Zapdos lost <abbr title="−61/383">15.9%</abbr> of its health!)</small><br></div><div class="spacer battle-history"><br></div><div class="battle-history"><small>The opposing Zapdos restored a little HP using its Leftovers!</small><br></div><div class="spacer battle-history"><br></div><h2 class="battle-history">Turn 6</h2><div class="chat chatmessage-nomanshax"><strong style="color:hsl(105,82%,35%)"><small>☆</small><span class="username" data-name="No man's hax">No man's hax</span>:</strong> <em>alv si cierto</em></div><div class="chat chatmessage-nomanshax"><strong style="color:hsl(105,82%,35%)"><small>☆</small><span class="username" data-name="No man's hax">No man's hax</span>:</strong> <em>deberias hacer un poco de check antes de dejar un poke o no kurumi</em></div><div class="spacer battle-history"><br></div><div class="battle-history">Keldeo, come back!<br></div><div class="battle-history">Go! <strong>Zygarde</strong>!<br></div><div class="battle-history"><small>[Zygarde's Aura Break]</small><br><small>Zygarde reversed all other Pokémon's auras!</small><br></div><div class="spacer battle-history"><br></div><div class="battle-history">No man's hax withdrew Zapdos!<br></div><div class="battle-history">No man's hax sent out <strong>Tapu Bulu</strong>!<br></div><div class="battle-history"><small>[The opposing Tapu Bulu's Grassy Surge]</small><br><small>Grass grew to cover the battlefield!</small><br></div><div class="spacer battle-history"><br></div><h2 class="battle-history">Turn 7</h2><div class="chat chatmessage-kurumitoksaki"><strong style="color:hsl(307,50%,48%)"><small>☆</small><span class="username" data-name="Kurumi Tokіsaki">Kurumi Tokіsaki</span>:</strong> <em>llevo como 2 años sin jugar xd</em></div><div class="spacer battle-history"><br></div><div class="battle-history">Zygarde used <strong>Iron Tail</strong>!<br></div><div class="battle-history"><small>It's super effective!</small><br></div><div class="battle-history"><small>(The opposing Tapu Bulu lost <abbr title="−270/343">78.7%</abbr> of its health!)</small><br></div><div class="spacer battle-history"><br></div><div class="battle-history">The opposing Tapu Bulu used <strong>Nature's Madness</strong>!<br></div><div class="battle-history"><small>(Zygarde lost <abbr title="−179/358">50%</abbr> of its health!)</small><br></div><div class="spacer battle-history"><br></div><div class="battle-history"><small>Zygarde restored HP using its Grassy Terrain!</small><br></div><div class="battle-history"><small>The opposing Tapu Bulu restored HP using its Grassy Terrain!</small><br></div><div class="spacer battle-history"><br></div><h2 class="battle-history">Turn 8</h2><div class="chat chatmessage-nomanshax"><strong style="color:hsl(105,82%,35%)"><small>☆</small><span class="username" data-name="No man's hax">No man's hax</span>:</strong> <em>se nota en ese caso que estas muy oxidado</em></div><div class="spacer battle-history"><br></div><div class="battle-history">Zygarde, come back!<br></div><div class="battle-history">Go! <strong>Tapu Koko</strong>!<br></div><div class="battle-history"><small>[Tapu Koko's Electric Surge]</small><br><small>An electric current runs across the battlefield!</small><br></div><div class="spacer battle-history"><br></div><div class="battle-history">No man's hax withdrew Tapu Bulu!<br></div><div class="battle-history">No man's hax sent out <strong>Jirachi</strong>!<br></div><div class="spacer battle-history"><br></div><div class="battle-history"><small>The opposing Jirachi restored a little HP using its Leftovers!</small><br></div><div class="spacer battle-history"><br></div><h2 class="battle-history">Turn 9</h2><div class="spacer battle-history"><br></div><div class="battle-history">The opposing Jirachi used <strong>Protect</strong>!<br></div><div class="battle-history"><small>The opposing Jirachi protected itself!</small><br></div><div class="spacer battle-history"><br></div><div class="battle-history">Tapu Koko used <strong>Volt Switch</strong>!<br></div><div class="battle-history"><small>The opposing Jirachi protected itself!</small><br></div><div class="spacer battle-history"><br></div><div class="battle-history"><small>The opposing Jirachi restored a little HP using its Leftovers!</small><br></div><div class="spacer battle-history"><br></div><h2 class="battle-history">Turn 10</h2><div class="spacer battle-history"><br></div><div class="battle-history">No man's hax withdrew Jirachi!<br></div><div class="battle-history">No man's hax sent out <strong>Zygarde</strong>!<br></div><div class="battle-history"><small>[The opposing Zygarde's Aura Break]</small><br><small>The opposing Zygarde reversed all other Pokémon's auras!</small><br></div><div class="spacer battle-history"><br></div><div class="battle-history">Tapu Koko used <strong>Volt Switch</strong>!<br></div><div class="battle-history"><small>It doesn't affect the opposing Zygarde...</small><br></div><div class="spacer battle-history"><br></div><h2 class="battle-history">Turn 11</h2><div class="spacer battle-history"><br></div><div class="battle-history">Tapu Koko used <strong>Hidden Power</strong>!<br></div><div class="battle-history"><small>It's super effective!</small><br></div><div class="battle-history"><small>(The opposing Zygarde lost <abbr title="−220/358">61.5%</abbr> of its health!)</small><br></div><div class="spacer battle-history"><br></div><div class="battle-history">The opposing Zygarde used <strong>Dragon Dance</strong>!<br></div><div class="battle-history"><small>The opposing Zygarde's Attack rose!</small><br></div><div class="battle-history"><small>The opposing Zygarde's Speed rose!</small><br></div><div class="spacer battle-history"><br></div><h2 class="battle-history">Turn 12</h2><div class="chat chatmessage-camilacruz"><strong style="color:hsl(107,48%,44.819126939248115%)"><small>+</small><span class="username" data-name="Camila Cruz♥">Camila Cruz♥</span>:</strong> <em>Mas oxidado que las nalgas de oscar</em></div><div class="chat chatmessage-camilacruz"><strong style="color:hsl(107,48%,44.819126939248115%)"><small>+</small><span class="username" data-name="Camila Cruz♥">Camila Cruz♥</span>:</strong> <em>(?</em></div><div class="chat chatmessage-camilacruz"><strong style="color:hsl(107,48%,44.819126939248115%)"><small>+</small><span class="username" data-name="Camila Cruz♥">Camila Cruz♥</span>:</strong> <em>bueno no tanto xD</em></div><div class="chat chatmessage-nomanshax"><strong style="color:hsl(105,82%,35%)"><small>☆</small><span class="username" data-name="No man's hax">No man's hax</span>:</strong> <em>sta pendeja....</em></div><div class="spacer battle-history"><br></div><div class="battle-history">The opposing Zygarde used <strong>Thousand Arrows</strong>!<br></div><div class="battle-history"><small>It's super effective!</small><br></div><div class="battle-history"><small>Tapu Koko ate its Shuca Berry!</small><br></div><div class="battle-history"><small>The Shuca Berry weakened the damage to Tapu Koko!</small><br></div><div class="battle-history"><small>(Tapu Koko lost <abbr title="−228/307">74.3%</abbr> of its health!)</small><br></div><div class="spacer battle-history"><br></div><div class="battle-history">Tapu Koko used <strong>Hidden Power</strong>!<br></div><div class="battle-history"><small>It's super effective!</small><br></div><div class="battle-history"><small>(The opposing Zygarde lost <abbr title="−138/358">38.5%</abbr> of its health!)</small><br></div><div class="spacer battle-history"><br></div><div class="battle-history">The opposing Zygarde fainted!<br></div><div class="spacer battle-history"><br></div><div class="battle-history"><small>The electricity disappeared from the battlefield.</small><br></div><div class="spacer battle-history"><br></div><div class="battle-history">No man's hax sent out <strong>Jirachi</strong>!<br></div><div class="spacer battle-history"><br></div><h2 class="battle-history">Turn 13</h2><div class="spacer battle-history"><br></div><div class="battle-history">Tapu Koko used <strong>Volt Switch</strong>!<br></div><div class="battle-history"><small>(The opposing Jirachi lost <abbr title="−72/403">17.9%</abbr> of its health!)</small><br></div><div class="spacer battle-history"><br></div><div class="battle-history">Tapu Koko went back to Kurumi Tokіsaki!<br></div><div class="battle-history">Go! Charizard (<strong>Charizard-Mega-X</strong>)!<br></div><div class="spacer battle-history"><br></div><div class="battle-history">The opposing Jirachi used <strong>Stealth Rock</strong>!<br></div><div class="battle-history"><small>Pointed stones float in the air around your team!</small><br></div><div class="spacer battle-history"><br></div><div class="battle-history"><small>The opposing Jirachi restored a little HP using its Leftovers!</small><br></div><div class="spacer battle-history"><br></div><h2 class="battle-history">Turn 14</h2><div class="spacer battle-history"><br></div><div class="battle-history">No man's hax withdrew Jirachi!<br></div><div class="battle-history">No man's hax sent out <strong>Keldeo</strong>!<br></div><div class="spacer battle-history"><br></div><div class="battle-history">Charizard used <strong>Flare Blitz</strong>!<br></div><div class="battle-history"><small>It's not very effective...</small><br></div><div class="battle-history"><small>(The opposing Keldeo lost <abbr title="−147/323">45.5%</abbr> of its health!)</small><br></div><div class="battle-history"><small>Charizard is damaged by the recoil!</small><br></div><div class="spacer battle-history"><br></div><h2 class="battle-history">Turn 15</h2><div class="spacer battle-history"><br></div><div class="battle-history">Charizard, come back!<br></div><div class="battle-history">Go! <strong>Tapu Koko</strong>!<br></div><div class="battle-history"><small>Pointed stones dug into Tapu Koko!</small><br></div><div class="battle-history"><small>[Tapu Koko's Electric Surge]</small><br><small>An electric current runs across the battlefield!</small><br></div><div class="spacer battle-history"><br></div><div class="battle-history">The opposing Keldeo used <strong>Hydro Pump</strong>!<br></div><div class="battle-history"><small>(Tapu Koko lost <abbr title="−41/307">13.4%</abbr> of its health!)</small><br></div><div class="spacer battle-history"><br></div><div class="battle-history">Tapu Koko fainted!<br></div><div class="spacer battle-history"><br></div><div class="battle-history">Go! <strong>Keldeo</strong>!<br></div><div class="battle-history"><small>Pointed stones dug into Keldeo!</small><br></div><div class="spacer battle-history"><br></div><h2 class="battle-history">Turn 16</h2><div class="spacer battle-history"><br></div><div class="battle-history">No man's hax withdrew Keldeo!<br></div><div class="battle-history">No man's hax sent out <strong>Zapdos</strong>!<br></div><div class="spacer battle-history"><br></div><div class="battle-history">Keldeo used <strong>Secret Sword</strong>!<br></div><div class="battle-history"><small>It's not very effective...</small><br></div><div class="battle-history"><small>(The opposing Zapdos lost <abbr title="−67/383">17.5%</abbr> of its health!)</small><br></div><div class="spacer battle-history"><br></div><div class="battle-history"><small>The opposing Zapdos restored a little HP using its Leftovers!</small><br></div><div class="spacer battle-history"><br></div><h2 class="battle-history">Turn 17</h2><div class="spacer battle-history"><br></div><div class="battle-history">No man's hax withdrew Zapdos!<br></div><div class="battle-history">No man's hax sent out <strong>Tapu Bulu</strong>!<br></div><div class="battle-history"><small>[The opposing Tapu Bulu's Grassy Surge]</small><br><small>Grass grew to cover the battlefield!</small><br></div><div class="battle-history"><small>Keldeo surrounded itself with its Z-Power!</small><br></div><div class="spacer battle-history"><br></div><div class="battle-history">Keldeo used <strong>Hydro Vortex</strong>!<br></div><div class="battle-history"><small>It's not very effective...</small><br></div><div class="battle-history"><small>(The opposing Tapu Bulu lost <abbr title="−94/343">27.4%</abbr> of its health!)</small><br></div><div class="spacer battle-history"><br></div><div class="battle-history">The opposing Tapu Bulu fainted!<br></div><div class="spacer battle-history"><br></div><div class="battle-history"><small>Keldeo restored HP using its Grassy Terrain!</small><br></div><div class="spacer battle-history"><br></div><div class="battle-history">No man's hax sent out <strong>Pinsir</strong>!<br></div><div class="spacer battle-history"><br></div><h2 class="battle-history">Turn 18</h2><div class="chat chatmessage-camilacruz"><strong style="color:hsl(107,48%,44.819126939248115%)"><small>+</small><span class="username" data-name="Camila Cruz♥">Camila Cruz♥</span>:</strong> <em>tu defog es landorus ?</em></div><div class="chat chatmessage-kurumitoksaki"><strong style="color:hsl(307,50%,48%)"><small>☆</small><span class="username" data-name="Kurumi Tokіsaki">Kurumi Tokіsaki</span>:</strong> <em>sip</em></div><div class="spacer battle-history"><br></div><div class="battle-history"><small>The opposing Pinsir's Pinsirite is reacting to the Key Stone!</small><br>The opposing Pinsir has Mega Evolved into Mega Pinsir!<br></div><div class="spacer battle-history"><br></div><div class="battle-history">Keldeo used <strong>Hydro Pump</strong>!<br></div><div class="battle-history"><small>(The opposing Pinsir lost <abbr title="−228/272">83.8%</abbr> of its health!)</small><br></div><div class="spacer battle-history"><br></div><div class="battle-history">The opposing Pinsir used <strong>Return</strong>!<br></div><div class="battle-history"><small>It's super effective!</small><br></div><div class="battle-history"><small>(Keldeo lost <abbr title="−213/323">65.9%</abbr> of its health!)</small><br></div><div class="spacer battle-history"><br></div><div class="battle-history">Keldeo fainted!<br></div><div class="spacer battle-history"><br></div><div class="battle-history">Go! <strong>Zygarde</strong>!<br></div><div class="battle-history"><small>Pointed stones dug into Zygarde!</small><br></div><div class="battle-history"><small>[Zygarde's Aura Break]</small><br><small>Zygarde reversed all other Pokémon's auras!</small><br></div><div class="spacer battle-history"><br></div><h2 class="battle-history">Turn 19</h2><div class="spacer battle-history"><br></div><div class="battle-history">No man's hax withdrew Pinsir!<br></div><div class="battle-history">No man's hax sent out <strong>Jirachi</strong>!<br></div><div class="spacer battle-history"><br></div><div class="battle-history">Zygarde used <strong>Extreme Speed</strong>!<br></div><div class="battle-history"><small>It's not very effective...</small><br></div><div class="battle-history"><small>(The opposing Jirachi lost <abbr title="−68/403">16.9%</abbr> of its health!)</small><br></div><div class="spacer battle-history"><br></div><div class="battle-history"><small>Zygarde restored HP using its Grassy Terrain!</small><br></div><div class="battle-history"><small>The opposing Jirachi restored a little HP using its Leftovers!</small><br></div><div class="battle-history"><small>The opposing Jirachi restored HP using its Grassy Terrain!</small><br></div><div class="spacer battle-history"><br></div><h2 class="battle-history">Turn 20</h2><div class="spacer battle-history"><br></div><div class="battle-history">Zygarde, come back!<br></div><div class="battle-history">Go! <strong>Jirachi</strong>!<br></div><div class="battle-history"><small>Pointed stones dug into Jirachi!</small><br></div><div class="spacer battle-history"><br></div><div class="battle-history">The opposing Jirachi used <strong>Wish</strong>!<br></div><div class="spacer battle-history"><br></div><div class="battle-history"><small>The opposing Jirachi restored a little HP using its Leftovers!</small><br></div><div class="battle-history"><small>The opposing Jirachi restored HP using its Grassy Terrain!</small><br></div><div class="battle-history"><small>Jirachi restored a little HP using its Leftovers!</small><br></div><div class="spacer battle-history"><br></div><h2 class="battle-history">Turn 21</h2><div class="spacer battle-history"><br></div><div class="battle-history">No man's hax withdrew Jirachi!<br></div><div class="battle-history">No man's hax sent out <strong>Zapdos</strong>!<br></div><div class="spacer battle-history"><br></div><div class="battle-history">Jirachi used <strong>Stealth Rock</strong>!<br></div><div class="battle-history"><small>Pointed stones float in the air around the opposing team!</small><br></div><div class="spacer battle-history"><br></div><div class="battle-history"><small>Jirachi's wish came true!</small><br></div><div class="battle-history"><small>The grass disappeared from the battlefield.</small><br></div><div class="spacer battle-history"><br></div><h2 class="battle-history">Turn 22</h2><div class="spacer battle-history"><br></div><div class="battle-history">Jirachi used <strong>U-turn</strong>!<br></div><div class="battle-history"><small>It's not very effective...</small><br></div><div class="battle-history"><small>(The opposing Zapdos lost <abbr title="−26/383">6.8%</abbr> of its health!)</small><br></div><div class="spacer battle-history"><br></div><div class="battle-history">Jirachi went back to Kurumi Tokіsaki!<br></div><div class="battle-history">Go! <strong>Zygarde</strong>!<br></div><div class="battle-history"><small>Pointed stones dug into Zygarde!</small><br></div><div class="battle-history"><small>[Zygarde's Aura Break]</small><br><small>Zygarde reversed all other Pokémon's auras!</small><br></div><div class="spacer battle-history"><br></div><div class="battle-history">The opposing Zapdos used <strong>Heat Wave</strong>!<br></div><div class="battle-history"><small>It's not very effective...</small><br></div><div class="battle-history"><small>(Zygarde lost <abbr title="−48/358">13.4%</abbr> of its health!)</small><br></div><div class="battle-history"><small>Zygarde was burned!</small><br></div><div class="spacer battle-history"><br></div><div class="battle-history"><small>The opposing Zapdos restored a little HP using its Leftovers!</small><br></div><div class="battle-history"><small>Zygarde was hurt by its burn!</small><br></div><div class="spacer battle-history"><br></div><h2 class="battle-history">Turn 23</h2><div class="chat chatmessage-nomanshax"><strong style="color:hsl(105,82%,35%)"><small>☆</small><span class="username" data-name="No man's hax">No man's hax</span>:</strong> <em>sry por eso</em></div><div class="spacer battle-history"><br></div><div class="battle-history">Zygarde used <strong>Outrage</strong>!<br></div><div class="battle-history"><small>(The opposing Zapdos lost <abbr title="−133/383">34.7%</abbr> of its health!)</small><br></div><div class="spacer battle-history"><br></div><div class="battle-history">The opposing Zapdos used <strong>Roost</strong>!<br></div><div class="battle-history"><small>The opposing Zapdos restored its HP.</small><br></div><div class="spacer battle-history"><br></div><div class="battle-history"><small>Zygarde was hurt by its burn!</small><br></div><div class="spacer battle-history"><br></div><h2 class="battle-history">Turn 24</h2><div class="spacer battle-history"><br></div><div class="battle-history">Zygarde used <strong>Outrage</strong>!<br></div><div class="battle-history"><small>(The opposing Zapdos lost <abbr title="−135/383">35.2%</abbr> of its health!)</small><br></div><div class="spacer battle-history"><br></div><div class="battle-history">The opposing Zapdos used <strong>Roost</strong>!<br></div><div class="battle-history"><small>The opposing Zapdos restored its HP.</small><br></div><div class="spacer battle-history"><br></div><div class="battle-history"><small>Zygarde was hurt by its burn!</small><br></div><div class="spacer battle-history"><br></div><h2 class="battle-history">Turn 25</h2><div class="spacer battle-history"><br></div><div class="battle-history">Zygarde used <strong>Outrage</strong>!<br></div><div class="battle-history"><small>(The opposing Zapdos lost <abbr title="−138/383">36.0%</abbr> of its health!)</small><br></div><div class="battle-history"><small>Zygarde became confused due to fatigue!</small><br></div><div class="spacer battle-history"><br></div><div class="battle-history">The opposing Zapdos used <strong>Roost</strong>!<br></div><div class="battle-history"><small>The opposing Zapdos restored its HP.</small><br></div><div class="spacer battle-history"><br></div><div class="battle-history"><small>Zygarde was hurt by its burn!</small><br></div><div class="spacer battle-history"><br></div><h2 class="battle-history">Turn 26</h2><div class="spacer battle-history"><br></div><div class="battle-history"><small>Zygarde is confused!</small><br></div><div class="battle-history">Zygarde used <strong>Outrage</strong>!<br></div><div class="battle-history"><small>(The opposing Zapdos lost <abbr title="−135/383">35.2%</abbr> of its health!)</small><br></div><div class="spacer battle-history"><br></div><div class="battle-history">The opposing Zapdos used <strong>Heat Wave</strong>!<br></div><div class="battle-history"><small>It's not very effective...</small><br></div><div class="battle-history"><small>(Zygarde lost <abbr title="−43/358">12.0%</abbr> of its health!)</small><br></div><div class="spacer battle-history"><br></div><div class="battle-history">Zygarde fainted!<br></div><div class="spacer battle-history"><br></div><div class="battle-history"><small>The opposing Zapdos restored a little HP using its Leftovers!</small><br></div><div class="spacer battle-history"><br></div><div class="battle-history">Go! Charizard (<strong>Charizard-Mega-X</strong>)!<br></div><div class="battle-history"><small>Pointed stones dug into Charizard!</small><br></div><div class="spacer battle-history"><br></div><h2 class="battle-history">Turn 27</h2><div class="spacer battle-history"><br></div><div class="battle-history">Charizard used <strong>Flare Blitz</strong>!<br></div><div class="battle-history"><small>(The opposing Zapdos lost <abbr title="−237/383">61.9%</abbr> of its health!)</small><br></div><div class="battle-history"><small>Charizard is damaged by the recoil!</small><br></div><div class="spacer battle-history"><br></div><div class="battle-history">The opposing Zapdos used <strong>Defog</strong>!<br></div><div class="battle-history"><small>Charizard's evasiveness fell!</small><br></div><div class="battle-history"><small>The pointed stones disappeared from around your team!</small><br></div><div class="battle-history"><small>The pointed stones disappeared from around the opposing team!</small><br></div><div class="spacer battle-history"><br></div><div class="battle-history"><small>The opposing Zapdos restored a little HP using its Leftovers!</small><br></div><div class="spacer battle-history"><br></div><h2 class="battle-history">Turn 28</h2><div class="spacer battle-history"><br></div><div class="battle-history">No man's hax withdrew Zapdos!<br></div><div class="battle-history">No man's hax sent out <strong>Keldeo</strong>!<br></div><div class="spacer battle-history"><br></div><div class="battle-history">Charizard used <strong>Dragon Claw</strong>!<br></div><div class="battle-history"><small>(The opposing Keldeo lost <abbr title="−176/323">54.5%</abbr> of its health!)</small><br></div><div class="spacer battle-history"><br></div><div class="battle-history">The opposing Keldeo fainted!<br></div><div class="spacer battle-history"><br></div><div class="battle-history">No man's hax sent out Pinsir (<strong>Pinsir-Mega</strong>)!<br></div><div class="spacer battle-history"><br></div><h2 class="battle-history">Turn 29</h2><div class="spacer battle-history"><br></div><div class="battle-history">Charizard, come back!<br></div><div class="battle-history">Go! <strong>Jirachi</strong>!<br></div><div class="spacer battle-history"><br></div><div class="battle-history">The opposing Pinsir used <strong>Return</strong>!<br></div><div class="battle-history"><small>It's not very effective...</small><br></div><div class="battle-history"><small>(Jirachi lost <abbr title="−114/403">28.3%</abbr> of its health!)</small><br></div><div class="spacer battle-history"><br></div><div class="battle-history"><small>Jirachi restored a little HP using its Leftovers!</small><br></div><div class="spacer battle-history"><br></div><h2 class="battle-history">Turn 30</h2><div class="spacer battle-history"><br></div><div class="battle-history">The opposing Pinsir used <strong>Close Combat</strong>!<br></div><div class="battle-history"><small>(Jirachi lost <abbr title="−174/403">43.2%</abbr> of its health!)</small><br></div><div class="battle-history"><small>The opposing Pinsir's Defense fell!</small><br></div><div class="battle-history"><small>The opposing Pinsir's Special Defense fell!</small><br></div><div class="spacer battle-history"><br></div><div class="battle-history">Jirachi used <strong>Iron Head</strong>!<br></div><div class="battle-history"><small>(The opposing Pinsir lost <abbr title="−44/272">16.2%</abbr> of its health!)</small><br></div><div class="spacer battle-history"><br></div><div class="battle-history">The opposing Pinsir fainted!<br></div><div class="spacer battle-history"><br></div><div class="battle-history"><small>Jirachi restored a little HP using its Leftovers!</small><br></div><div class="spacer battle-history"><br></div><div class="battle-history">No man's hax sent out <strong>Jirachi</strong>!<br></div><div class="spacer battle-history"><br></div><h2 class="battle-history">Turn 31</h2><div class="spacer battle-history"><br></div><div class="battle-history">No man's hax withdrew Jirachi!<br></div><div class="battle-history">No man's hax sent out <strong>Zapdos</strong>!<br></div><div class="spacer battle-history"><br></div><div class="battle-history">Jirachi used <strong>Healing Wish</strong>!<br></div><div class="spacer battle-history"><br></div><div class="battle-history">Jirachi fainted!<br></div><div class="spacer battle-history"><br></div><div class="battle-history"><small>The opposing Zapdos restored a little HP using its Leftovers!</small><br></div><div class="spacer battle-history"><br></div><div class="battle-history">Go! Charizard (<strong>Charizard-Mega-X</strong>)!<br></div><div class="battle-history"><small>The healing wish came true for Charizard!</small><br></div><div class="spacer battle-history"><br></div><h2 class="battle-history">Turn 32</h2><div class="chat chatmessage-nomanshax"><strong style="color:hsl(105,82%,35%)"><small>☆</small><span class="username" data-name="No man's hax">No man's hax</span>:</strong> <em>bueno,gg</em></div><div class="chat chatmessage-kurumitoksaki"><strong style="color:hsl(307,50%,48%)"><small>☆</small><span class="username" data-name="Kurumi Tokіsaki">Kurumi Tokіsaki</span>:</strong> <em>gg</em></div><div class="chat chatmessage-nomanshax"><strong style="color:hsl(105,82%,35%)"><small>☆</small><span class="username" data-name="No man's hax">No man's hax</span>:</strong> <em>ya vi un problema muy grave con este team</em></div><div class="spacer battle-history"><br></div><div class="battle-history">Charizard used <strong>Flare Blitz</strong>!<br></div><div class="battle-history"><small>(The opposing Zapdos lost <abbr title="−80/383">20.9%</abbr> of its health!)</small><br></div><div class="battle-history"><small>Charizard is damaged by the recoil!</small><br></div><div class="spacer battle-history"><br></div><div class="battle-history">The opposing Zapdos fainted!<br></div><div class="spacer battle-history"><br></div><div class="battle-history">No man's hax sent out <strong>Jirachi</strong>!<br></div><div class="spacer battle-history"><br></div><h2 class="battle-history">Turn 33</h2><div class="spacer battle-history"><br></div><div class="battle-history"><small>No man's hax se rindió.</small><br></div><div class="spacer battle-history"><br></div><div class="battle-history"><strong>Kurumi Tokіsaki</strong> won the battle!<br></div></div><div class="inner-preempt"></div></div></div>
</div>
<script>
let daily = Math.floor(Date.now()/1000/60/60/24);document.write('<script src="https://play.pokemonshowdown.com/js/replay-embed.js?version'+daily+'"></'+'script>');
</script>
