<!DOCTYPE html>
<meta charset="utf-8" />
<!-- version 1 -->
<title>OU replay: Zen0220 vs. KeiKey</title>
<style>
html,body {font-family:Verdana, sans-serif;font-size:10pt;margin:0;padding:0;}body{padding:12px 0;} .battle-log {font-family:Verdana, sans-serif;font-size:10pt;} .battle-log-inline {border:1px solid #AAAAAA;background:#EEF2F5;color:black;max-width:640px;margin:0 auto 80px;padding-bottom:5px;} .battle-log .inner {padding:4px 8px 0px 8px;} .battle-log .inner-preempt {padding:0 8px 4px 8px;} .battle-log .inner-after {margin-top:0.5em;} .battle-log h2 {margin:0.5em -8px;padding:4px 8px;border:1px solid #AAAAAA;background:#E0E7EA;border-left:0;border-right:0;font-family:Verdana, sans-serif;font-size:13pt;} .battle-log .chat {vertical-align:middle;padding:3px 0 3px 0;font-size:8pt;} .battle-log .chat strong {color:#40576A;} .battle-log .chat em {padding:1px 4px 1px 3px;color:#000000;font-style:normal;} .chat.mine {background:rgba(0,0,0,0.05);margin-left:-8px;margin-right:-8px;padding-left:8px;padding-right:8px;} .spoiler {color:#BBBBBB;background:#BBBBBB;padding:0px 3px;} .spoiler:hover, .spoiler:active, .spoiler-shown {color:#000000;background:#E2E2E2;padding:0px 3px;} .spoiler a {color:#BBBBBB;} .spoiler:hover a, .spoiler:active a, .spoiler-shown a {color:#2288CC;} .chat code, .chat .spoiler:hover code, .chat .spoiler:active code, .chat .spoiler-shown code {border:1px solid #C0C0C0;background:#EEEEEE;color:black;padding:0 2px;} .chat .spoiler code {border:1px solid #CCCCCC;background:#CCCCCC;color:#CCCCCC;} .battle-log .rated {padding:3px 4px;} .battle-log .rated strong {color:white;background:#89A;padding:1px 4px;border-radius:4px;} .spacer {margin-top:0.5em;} .message-announce {background:#6688AA;color:white;padding:1px 4px 2px;} .message-announce a, .broadcast-green a, .broadcast-blue a, .broadcast-red a {color:#DDEEFF;} .broadcast-green {background-color:#559955;color:white;padding:2px 4px;} .broadcast-blue {background-color:#6688AA;color:white;padding:2px 4px;} .infobox {border:1px solid #6688AA;padding:2px 4px;} .infobox-limited {max-height:200px;overflow:auto;overflow-x:hidden;} .broadcast-red {background-color:#AA5544;color:white;padding:2px 4px;} .message-learn-canlearn {font-weight:bold;color:#228822;text-decoration:underline;} .message-learn-cannotlearn {font-weight:bold;color:#CC2222;text-decoration:underline;} .message-effect-weak {font-weight:bold;color:#CC2222;} .message-effect-resist {font-weight:bold;color:#6688AA;} .message-effect-immune {font-weight:bold;color:#666666;} .message-learn-list {margin-top:0;margin-bottom:0;} .message-throttle-notice, .message-error {color:#992222;} .message-overflow, .chat small.message-overflow {font-size:0pt;} .message-overflow::before {font-size:9pt;content:'...';} .subtle {color:#3A4A66;}
</style>
<div class="wrapper replay-wrapper" style="max-width:1180px;margin:0 auto">
<input type="hidden" name="replayid" value="destiny-ou-499792" />
<div class="battle"></div><div class="battle-log"></div><div class="replay-controls"></div><div class="replay-controls-2"></div>
<h1 style="font-weight:normal;text-align:center"><strong>OU</strong><br /><a href="http://pokemonshowdown.com/users/zen0220" class="subtle" target="_blank">Zen0220</a> vs. <a href="http://pokemonshowdown.com/users/keikey" class="subtle" target="_blank">KeiKey</a></h1>
<script type="text/plain" class="battle-log-data">|player|p1|Zen0220|1104
|teamsize|p1|6
|player|p2|KeiKey|2095
|teamsize|p2|6
|teamsize|p1|6
|teamsize|p2|6
|gametype|singles
|gen|7
|tier|OU
|seed|44661,43682,36478,58370
|rule|Cláusula-Mod de Dormir: solo puedes dormir a uno de tus oponentes a la vez.
|rule|Cláusula de Especie: Hasta un Pokémon de cada especie
|rule|Cláusula de Golpe Fulminante: los movimientos fulminantes (OHKO) estan prohibidos
|rule|Cláusula de Veleta: la habilidad Veleta está prohibida
|rule|Cláusula de Movimientos Evasivos: los movimientos de Evasión están prohibidos.
|rule|Cláusula de Batallas Eternas: forzar batallas eternas está prohibido
|clearpoke
|poke|p1|Dragalge, F|item
|poke|p1|Kommo-o, M|item
|poke|p1|Salamence, F, shiny|item
|poke|p1|Hydreigon, F, shiny|item
|poke|p1|Altaria, F, shiny|item
|poke|p1|Turtonator, M|item
|poke|p2|Sylveon, M, shiny|item
|poke|p2|Mimikyu, F|item
|poke|p2|Mawile, F|item
|poke|p2|Klefki, F|item
|poke|p2|Ribombee, M|item
|poke|p2|Florges-Blue, F, shiny|item
|teampreview|undefined
|choice|*|*team 523416
|choice|*team 123456|*
|choice|team 1, 2, 3, 4, 5, 6|team 5, 2, 3, 4, 1, 6
|
|start
|switch|p1a: Dragalge|Dragalge, F|334\/334
|switch|p2a: Ribombee|Ribombee, M|311\/311
|turn|1
|choice|*move 4|*
|choice|*|*move 4
|choice|move toxicspikes|move dazzlinggleam
|
|move|p2a: Ribombee|Dazzling Gleam|p1a: Dragalge
|-damage|p1a: Dragalge|276\/334
|move|p1a: Dragalge|Toxic Spikes|p2a: Ribombee
|-sidestart|p2: KeiKey|move: Toxic Spikes
|
|-heal|p1a: Dragalge|296\/334|[from] item: Black Sludge
|upkeep
|turn|2
|choice|*move 4|*
|choice|*|*move 2
|choice|move toxicspikes|move quiverdance
|
|move|p2a: Ribombee|Quiver Dance|p2a: Ribombee
|-boost|p2a: Ribombee|spa|1
|-boost|p2a: Ribombee|spd|1
|-boost|p2a: Ribombee|spe|1
|move|p1a: Dragalge|Toxic Spikes|p2a: Ribombee
|-sidestart|p2: KeiKey|move: Toxic Spikes
|
|-heal|p1a: Dragalge|316\/334|[from] item: Black Sludge
|upkeep
|turn|3
|choice|*move 1|*
|choice|*|*move 2
|choice|move sludgewave|move quiverdance
|
|move|p2a: Ribombee|Quiver Dance|p2a: Ribombee
|-boost|p2a: Ribombee|spa|1
|-boost|p2a: Ribombee|spd|1
|-boost|p2a: Ribombee|spe|1
|move|p1a: Dragalge|Sludge Wave|p2a: Ribombee
|-supereffective|p2a: Ribombee
|-damage|p2a: Ribombee|119\/311
|
|-heal|p1a: Dragalge|334\/334|[from] item: Black Sludge
|upkeep
|turn|4
|choice|*move 1|*
|choice|*|*move 1
|choice|move sludgewave|move drainingkiss
|
|move|p2a: Ribombee|Draining Kiss|p1a: Dragalge
|-damage|p1a: Dragalge|259\/334
|-heal|p2a: Ribombee|176\/311|[from] drain|[of] p1a: Dragalge
|move|p1a: Dragalge|Sludge Wave|p2a: Ribombee
|-supereffective|p2a: Ribombee
|-damage|p2a: Ribombee|0 fnt
|faint|p2a: Ribombee
|
|-heal|p1a: Dragalge|279\/334|[from] item: Black Sludge
|upkeep
|choice|*|*switch 4
|choice||switch 4
|
|switch|p2a: Klefki|Klefki, F|305\/305
|turn|5
|choice|*|*move 3
|choice|*move 3|*
|choice|move scald|move lightscreen
|
|move|p2a: Klefki|Light Screen|p2a: Klefki
|-sidestart|p2: KeiKey|move: Light Screen
|move|p1a: Dragalge|Scald|p2a: Klefki
|-damage|p2a: Klefki|273\/305
|
|-heal|p1a: Dragalge|299\/334|[from] item: Black Sludge
|upkeep
|turn|6
|choice|*|*move 4
|choice|*move 3|*
|choice|move scald|move protect
|
|move|p2a: Klefki|Protect|p2a: Klefki
|-singleturn|p2a: Klefki|Protect
|move|p1a: Dragalge|Scald|p2a: Klefki
|-activate|p2a: Klefki|move: Protect
|
|-heal|p1a: Dragalge|319\/334|[from] item: Black Sludge
|upkeep
|turn|7
|choice|*move 3|*
|choice|*|*move 2
|choice|move scald|move playrough
|
|move|p2a: Klefki|Play Rough|p1a: Dragalge
|-damage|p1a: Dragalge|207\/334
|move|p1a: Dragalge|Scald|p2a: Klefki
|-damage|p2a: Klefki|237\/305
|-status|p2a: Klefki|brn
|
|-heal|p1a: Dragalge|227\/334|[from] item: Black Sludge
|-damage|p2a: Klefki|218\/305 brn|[from] brn
|upkeep
|turn|8
|choice|*|*move 1
|c| DraconSer|xd el mistro roshi
|choice|*move 3|*
|choice|move scald|move dazzlinggleam
|
|move|p2a: Klefki|Dazzling Gleam|p1a: Dragalge
|-damage|p1a: Dragalge|179\/334
|move|p1a: Dragalge|Scald|p2a: Klefki
|-damage|p2a: Klefki|185\/305 brn
|
|-heal|p1a: Dragalge|199\/334|[from] item: Black Sludge
|-damage|p2a: Klefki|166\/305 brn|[from] brn
|upkeep
|turn|9
|choice|*move 3|*
|choice|*|*move 3
|choice|move scald|move lightscreen
|
|move|p2a: Klefki|Light Screen|p2a: Klefki
|-fail|p2a: Klefki
|move|p1a: Dragalge|Scald|p2a: Klefki
|-damage|p2a: Klefki|132\/305 brn
|
|-heal|p1a: Dragalge|219\/334|[from] item: Black Sludge
|-damage|p2a: Klefki|113\/305 brn|[from] brn
|-sideend|p2: KeiKey|move: Light Screen
|upkeep
|turn|10
|choice|*|*move 3
|choice|*move 3|*
|choice|move scald|move lightscreen
|
|move|p2a: Klefki|Light Screen|p2a: Klefki
|-sidestart|p2: KeiKey|move: Light Screen
|move|p1a: Dragalge|Scald|p2a: Klefki
|-damage|p2a: Klefki|76\/305 brn
|
|-heal|p1a: Dragalge|239\/334|[from] item: Black Sludge
|-damage|p2a: Klefki|57\/305 brn|[from] brn
|upkeep
|turn|11
|choice|*move 3|*
|choice|*|*move 2
|choice|move scald|move playrough
|
|move|p2a: Klefki|Play Rough|p1a: Dragalge
|-damage|p1a: Dragalge|186\/334
|move|p1a: Dragalge|Scald|p2a: Klefki
|-damage|p2a: Klefki|22\/305 brn
|
|-heal|p1a: Dragalge|206\/334|[from] item: Black Sludge
|-damage|p2a: Klefki|3\/305 brn|[from] brn
|upkeep
|turn|12
|choice|*|*move 2
|choice|*move 3|*
|choice|move scald|move playrough
|
|move|p2a: Klefki|Play Rough|p1a: Dragalge
|-damage|p1a: Dragalge|156\/334
|move|p1a: Dragalge|Scald|p2a: Klefki
|-damage|p2a: Klefki|0 fnt
|faint|p2a: Klefki
|
|-heal|p1a: Dragalge|176\/334|[from] item: Black Sludge
|upkeep
|choice|*|*switch 3
|choice||switch 3
|
|switch|p2a: Mawile|Mawile, F|303\/303
|-ability|p2a: Mawile|Intimidate|boost
|-unboost|p1a: Dragalge|atk|1
|turn|13
|choice|*move 3|*
|choice|*|*move 4 mega
|choice|move scald|move swordsdance mega
|
|-mega|p2a: Mawile|Mawile|Mawilite
|detailschange|p2a: Mawile|Mawile-Mega, F
|move|p2a: Mawile|Swords Dance|p2a: Mawile
|-boost|p2a: Mawile|atk|2
|move|p1a: Dragalge|Scald|p2a: Mawile
|-damage|p2a: Mawile|269\/303
|
|-heal|p1a: Dragalge|196\/334|[from] item: Black Sludge
|upkeep
|turn|14
|choice|*move 3|*
|choice|*|*move 4
|choice|move scald|move swordsdance
|
|move|p2a: Mawile|Swords Dance|p2a: Mawile
|-boost|p2a: Mawile|atk|2
|move|p1a: Dragalge|Scald|p2a: Mawile
|-damage|p2a: Mawile|236\/303
|-status|p2a: Mawile|brn
|
|-heal|p1a: Dragalge|216\/334|[from] item: Black Sludge
|-damage|p2a: Mawile|218\/303 brn|[from] brn
|-sideend|p2: KeiKey|move: Light Screen
|upkeep
|turn|15
|choice|*move 2|*
|choice|*move 3|*
|choice|*|*move 2
|choice|move scald|move suckerpunch
|
|move|p2a: Mawile|Sucker Punch|p1a: Dragalge
|-damage|p1a: Dragalge|27\/334
|move|p1a: Dragalge|Scald|p2a: Mawile
|-damage|p2a: Mawile|154\/303 brn
|
|-heal|p1a: Dragalge|47\/334|[from] item: Black Sludge
|-damage|p2a: Mawile|136\/303 brn|[from] brn
|upkeep
|turn|16
|c| jan suchiru|esto se va a descontrolar
|c| jan suchiru|:v
|choice|*move 3|*
|choice|*|*move 2
|choice|move scald|move suckerpunch
|
|move|p2a: Mawile|Sucker Punch|p1a: Dragalge
|-damage|p1a: Dragalge|0 fnt
|faint|p1a: Dragalge
|
|-damage|p2a: Mawile|118\/303 brn|[from] brn
|upkeep
|choice|*switch 6|*
|choice|switch 6|
|
|switch|p1a: Turtonator|Turtonator, M|324\/324
|turn|17
|choice|*move 3|*
|choice|*|*move 1
|choice|move shellsmash|move playrough
|
|move|p2a: Mawile|Play Rough|p1a: Turtonator
|-damage|p1a: Turtonator|20\/324
|move|p1a: Turtonator|Shell Smash|p1a: Turtonator
|-unboost|p1a: Turtonator|def|1
|-unboost|p1a: Turtonator|spd|1
|-boost|p1a: Turtonator|atk|2
|-boost|p1a: Turtonator|spa|2
|-boost|p1a: Turtonator|spe|2
|-enditem|p1a: Turtonator|White Herb
|-clearnegativeboost|p1a: Turtonator|[silent]
|
|-damage|p2a: Mawile|100\/303 brn|[from] brn
|upkeep
|turn|18
|c| DraconSer|y se va a poner caliente ( por tortunator
|choice|*move 1|*
|choice|*|*move 1
|choice|move flamethrower|move playrough
|
|move|p1a: Turtonator|Flamethrower|p2a: Mawile
|-supereffective|p2a: Mawile
|-damage|p2a: Mawile|0 fnt
|faint|p2a: Mawile
|
|upkeep
|choice|*|*switch 2
|choice||switch 2
|
|switch|p2a: Mimikyu|Mimikyu, F|313\/313
|-status|p2a: Mimikyu|tox
|turn|19
|choice|*|*move 4
|choice|*move 4|*
|choice|move flashcannon|move playrough
|
|move|p2a: Mimikyu|Play Rough|p1a: Turtonator
|-damage|p1a: Turtonator|0 fnt
|faint|p1a: Turtonator
|
|-damage|p2a: Mimikyu|294\/313 tox|[from] psn
|upkeep
|c| jan suchiru|porque no uso golpe bajo el enemigo
|c| jan suchiru|._____.
|c| Araquanid15|hola
|choice|*switch 5|*
|choice|switch 5|
|
|switch|p1a: Altaria|Altaria, F, shiny|292\/292
|turn|20
|choice|*move 1 mega|*
|c| DraconSer|hola
|choice|*|*move 4
|choice|move hypervoice mega|move playrough
|
|-mega|p1a: Altaria|Altaria|Altarianite
|detailschange|p1a: Altaria|Altaria-Mega, F, shiny
|move|p1a: Altaria|Hyper Voice|p2a: Mimikyu
|-activate|p2a: Mimikyu|ability: Disguise
|-damage|p2a: Mimikyu|294\/313 tox
|detailschange|p2a: Mimikyu|Mimikyu-Busted, F
|-enditem|p2a: Mimikyu|Red Card|[of] p1a: Altaria
|drag|p1a: Salamence|Salamence, F, shiny|332\/332
|move|p2a: Mimikyu|Play Rough|p1a: Salamence
|-supereffective|p1a: Salamence
|-damage|p1a: Salamence|60\/332
|
|-damage|p2a: Mimikyu|256\/313 tox|[from] psn
|upkeep
|turn|21
|choice|*move 3|*
|choice|*|*move 4
|choice|move aerialace|move playrough
|
|move|p1a: Salamence|Aerial Ace|p2a: Mimikyu
|-damage|p2a: Mimikyu|160\/313 tox
|move|p2a: Mimikyu|Play Rough|p1a: Salamence
|-supereffective|p1a: Salamence
|-damage|p1a: Salamence|0 fnt
|faint|p1a: Salamence
|
|-damage|p2a: Mimikyu|103\/313 tox|[from] psn
|upkeep
|choice|*switch 3|*
|choice|switch 3|
|
|switch|p1a: Altaria|Altaria-Mega, F, shiny|292\/292
|turn|22
|choice|*|*move 4
|choice|*move 1|*
|choice|move hypervoice|move playrough
|
|move|p1a: Altaria|Hyper Voice|p2a: Mimikyu
|-damage|p2a: Mimikyu|0 fnt
|faint|p2a: Mimikyu
|
|upkeep
|choice|*|*switch 6
|choice||switch 6
|
|switch|p2a: Florges|Florges-Blue, F, shiny|299\/299
|-status|p2a: Florges|tox
|turn|23
|choice|*|*move 2
|choice|*move 1|*
|choice|move hypervoice|move protect
|
|move|p2a: Florges|Protect|p2a: Florges
|-singleturn|p2a: Florges|Protect
|move|p1a: Altaria|Hyper Voice|p2a: Florges
|-activate|p2a: Florges|move: Protect
|
|-damage|p2a: Florges|281\/299 tox|[from] psn
|upkeep
|turn|24
|choice|*move 1|*
|c| jan suchiru|zen una batalla con mi nuevo monotipe acero( con legendarios) :,v
|choice|*|*move 4
|choice|move hypervoice|move moonblast
|
|move|p1a: Altaria|Hyper Voice|p2a: Florges
|-damage|p2a: Florges|172\/299 tox
|move|p2a: Florges|Moonblast|p1a: Altaria
|-supereffective|p1a: Altaria
|-damage|p1a: Altaria|0 fnt
|faint|p1a: Altaria
|
|-heal|p2a: Florges|190\/299 tox|[from] item: Leftovers
|-damage|p2a: Florges|154\/299 tox|[from] psn
|upkeep
|choice|*switch 4|*
|choice|switch 4|
|
|switch|p1a: Hydreigon|Hydreigon, F, shiny|388\/388
|turn|25
|c| Araquanid15|por cierto zen
|choice|*|*move 4
|choice|*move 2|*
|choice|move darkpulse|move moonblast
|
|move|p2a: Florges|Moonblast|p1a: Hydreigon
|-supereffective|p1a: Hydreigon
|-damage|p1a: Hydreigon|0 fnt
|faint|p1a: Hydreigon
|
|-heal|p2a: Florges|172\/299 tox|[from] item: Leftovers
|-damage|p2a: Florges|118\/299 tox|[from] psn
|upkeep
|c|☆KeiKey|algo gracioso, es la primera vez que dejo al zen en 2 pokemons
|choice|*switch 2|*
|choice|switch 2|
|
|switch|p1a: Kommo-o|Kommo-o, M|330\/330
|turn|26
|c| jan suchiru|NO TUVE OPCION!!!!!!!! :,V
|c| Araquanid15|soy yo o ganarle a dracon tiene más mérito porque él si usaba legendarios y él tenía dos pokes fuertes contra mí monotyoe y yo no tenía ningún dragón, hada u hielo
|choice|*|*move 4
|choice|*move 4|*
|choice|move thunderpunch|move moonblast
|
|move|p2a: Florges|Moonblast|p1a: Kommo-o
|-supereffective|p1a: Kommo-o
|-damage|p1a: Kommo-o|0 fnt
|faint|p1a: Kommo-o
|
|win|KeiKey
|c| Araquanid15|dime zen
|c| DraconSer|:\/
|c|☆KeiKey|oh shit me quiero guardar esto :,v
|c| Araquanid15|JA!!!
</script>
</div>
<div class="battle-log battle-log-inline"><div class="inner"><div class="battle-options"></div><div class="inner"><div class=""><small>Format:</small> <br><strong>OU</strong></div><div class=""><small><em>Cláusula-Mod de Dormir:</em> solo puedes dormir a uno de tus oponentes a la vez.</small></div><div class=""><small><em>Cláusula de Especie:</em> Hasta un Pokémon de cada especie</small></div><div class=""><small><em>Cláusula de Golpe Fulminante:</em> los movimientos fulminantes (OHKO) estan prohibidos</small></div><div class=""><small><em>Cláusula de Veleta:</em> la habilidad Veleta está prohibida</small></div><div class=""><small><em>Cláusula de Movimientos Evasivos:</em> los movimientos de Evasión están prohibidos.</small></div><div class=""><small><em>Cláusula de Batallas Eternas:</em> forzar batallas eternas está prohibido</small></div><div class="chat battle-history"><strong>Zen0220's team:</strong> <em style="color:#445566;display:block;">Dragalge / Kommo-o / Salamence / Hydreigon / Altaria / Turtonator</em></div><div class="chat battle-history"><strong>KeiKey's team:</strong> <em style="color:#445566;display:block;">Sylveon / Mimikyu / Mawile / Klefki / Ribombee / Florges-Blue</em></div><div class="spacer battle-history"><br></div><div class="battle-history">Battle started between Zen0220 and KeiKey!<br></div><div class="spacer battle-history"><br></div><div class="battle-history">Go! <strong>Dragalge</strong>!<br></div><div class="spacer battle-history"><br></div><div class="battle-history">KeiKey sent out <strong>Ribombee</strong>!<br></div><div class="spacer battle-history"><br></div><h2 class="battle-history">Turn 1</h2><div class="spacer battle-history"><br></div><div class="battle-history">The opposing Ribombee used <strong>Dazzling Gleam</strong>!<br></div><div class="battle-history"><small>(Dragalge lost <abbr title="−58/334">17.4%</abbr> of its health!)</small><br></div><div class="spacer battle-history"><br></div><div class="battle-history">Dragalge used <strong>Toxic Spikes</strong>!<br></div><div class="battle-history"><small>Poison spikes were scattered on the ground all around the opposing team!</small><br></div><div class="spacer battle-history"><br></div><div class="battle-history"><small>Dragalge restored a little HP using its Black Sludge!</small><br></div><div class="spacer battle-history"><br></div><h2 class="battle-history">Turn 2</h2><div class="spacer battle-history"><br></div><div class="battle-history">The opposing Ribombee used <strong>Quiver Dance</strong>!<br></div><div class="battle-history"><small>The opposing Ribombee's Special Attack rose!</small><br></div><div class="battle-history"><small>The opposing Ribombee's Special Defense rose!</small><br></div><div class="battle-history"><small>The opposing Ribombee's Speed rose!</small><br></div><div class="spacer battle-history"><br></div><div class="battle-history">Dragalge used <strong>Toxic Spikes</strong>!<br></div><div class="battle-history"><small>Poison spikes were scattered on the ground all around the opposing team!</small><br></div><div class="spacer battle-history"><br></div><div class="battle-history"><small>Dragalge restored a little HP using its Black Sludge!</small><br></div><div class="spacer battle-history"><br></div><h2 class="battle-history">Turn 3</h2><div class="spacer battle-history"><br></div><div class="battle-history">The opposing Ribombee used <strong>Quiver Dance</strong>!<br></div><div class="battle-history"><small>The opposing Ribombee's Special Attack rose!</small><br></div><div class="battle-history"><small>The opposing Ribombee's Special Defense rose!</small><br></div><div class="battle-history"><small>The opposing Ribombee's Speed rose!</small><br></div><div class="spacer battle-history"><br></div><div class="battle-history">Dragalge used <strong>Sludge Wave</strong>!<br></div><div class="battle-history"><small>It's super effective!</small><br></div><div class="battle-history"><small>(The opposing Ribombee lost <abbr title="−192/311">61.7%</abbr> of its health!)</small><br></div><div class="spacer battle-history"><br></div><div class="battle-history"><small>Dragalge restored a little HP using its Black Sludge!</small><br></div><div class="spacer battle-history"><br></div><h2 class="battle-history">Turn 4</h2><div class="spacer battle-history"><br></div><div class="battle-history">The opposing Ribombee used <strong>Draining Kiss</strong>!<br></div><div class="battle-history"><small>(Dragalge lost <abbr title="−75/334">22.5%</abbr> of its health!)</small><br></div><div class="battle-history"><small>Dragalge had its energy drained!</small><br></div><div class="spacer battle-history"><br></div><div class="battle-history">Dragalge used <strong>Sludge Wave</strong>!<br></div><div class="battle-history"><small>It's super effective!</small><br></div><div class="battle-history"><small>(The opposing Ribombee lost <abbr title="−176/311">56.6%</abbr> of its health!)</small><br></div><div class="spacer battle-history"><br></div><div class="battle-history">The opposing Ribombee fainted!<br></div><div class="spacer battle-history"><br></div><div class="battle-history"><small>Dragalge restored a little HP using its Black Sludge!</small><br></div><div class="spacer battle-history"><br></div><div class="battle-history">KeiKey sent out <strong>Klefki</strong>!<br></div><div class="spacer battle-history"><br></div><h2 class="battle-history">Turn 5</h2><div class="spacer battle-history"><br></div><div class="battle-history">The opposing Klefki used <strong>Light Screen</strong>!<br></div><div class="battle-history"><small>Light Screen made the opposing team stronger against special moves!</small><br></div><div class="spacer battle-history"><br></div><div class="battle-history">Dragalge used <strong>Scald</strong>!<br></div><div class="battle-history"><small>(The opposing Klefki lost <abbr title="−32/305">10.5%</abbr> of its health!)</small><br></div><div class="spacer battle-history"><br></div><div class="battle-history"><small>Dragalge restored a little HP using its Black Sludge!</small><br></div><div class="spacer battle-history"><br></div><h2 class="battle-history">Turn 6</h2><div class="spacer battle-history"><br></div><div class="battle-history">The opposing Klefki used <strong>Protect</strong>!<br></div><div class="battle-history"><small>The opposing Klefki protected itself!</small><br></div><div class="spacer battle-history"><br></div><div class="battle-history">Dragalge used <strong>Scald</strong>!<br></div><div class="battle-history"><small>The opposing Klefki protected itself!</small><br></div><div class="spacer battle-history"><br></div><div class="battle-history"><small>Dragalge restored a little HP using its Black Sludge!</small><br></div><div class="spacer battle-history"><br></div><h2 class="battle-history">Turn 7</h2><div class="spacer battle-history"><br></div><div class="battle-history">The opposing Klefki used <strong>Play Rough</strong>!<br></div><div class="battle-history"><small>(Dragalge lost <abbr title="−112/334">33.5%</abbr> of its health!)</small><br></div><div class="spacer battle-history"><br></div><div class="battle-history">Dragalge used <strong>Scald</strong>!<br></div><div class="battle-history"><small>(The opposing Klefki lost <abbr title="−36/305">11.8%</abbr> of its health!)</small><br></div><div class="battle-history"><small>The opposing Klefki was burned!</small><br></div><div class="spacer battle-history"><br></div><div class="battle-history"><small>Dragalge restored a little HP using its Black Sludge!</small><br></div><div class="battle-history"><small>The opposing Klefki was hurt by its burn!</small><br></div><div class="spacer battle-history"><br></div><h2 class="battle-history">Turn 8</h2><div class="chat chatmessage-draconser"><strong style="color:hsl(100,46%,42%)"><small> </small><span class="username" data-name="DraconSer">DraconSer</span>:</strong> <em>xd el mistro roshi</em></div><div class="spacer battle-history"><br></div><div class="battle-history">The opposing Klefki used <strong>Dazzling Gleam</strong>!<br></div><div class="battle-history"><small>(Dragalge lost <abbr title="−48/334">14.4%</abbr> of its health!)</small><br></div><div class="spacer battle-history"><br></div><div class="battle-history">Dragalge used <strong>Scald</strong>!<br></div><div class="battle-history"><small>(The opposing Klefki lost <abbr title="−33/305">10.8%</abbr> of its health!)</small><br></div><div class="spacer battle-history"><br></div><div class="battle-history"><small>Dragalge restored a little HP using its Black Sludge!</small><br></div><div class="battle-history"><small>The opposing Klefki was hurt by its burn!</small><br></div><div class="spacer battle-history"><br></div><h2 class="battle-history">Turn 9</h2><div class="spacer battle-history"><br></div><div class="battle-history">The opposing Klefki used <strong>Light Screen</strong>!<br></div><div class="battle-history"><small>But it failed!</small><br></div><div class="spacer battle-history"><br></div><div class="battle-history">Dragalge used <strong>Scald</strong>!<br></div><div class="battle-history"><small>(The opposing Klefki lost <abbr title="−34/305">11.1%</abbr> of its health!)</small><br></div><div class="spacer battle-history"><br></div><div class="battle-history"><small>Dragalge restored a little HP using its Black Sludge!</small><br></div><div class="battle-history"><small>The opposing Klefki was hurt by its burn!</small><br></div><div class="battle-history"><small>The opposing team's Light Screen wore off!</small><br></div><div class="spacer battle-history"><br></div><h2 class="battle-history">Turn 10</h2><div class="spacer battle-history"><br></div><div class="battle-history">The opposing Klefki used <strong>Light Screen</strong>!<br></div><div class="battle-history"><small>Light Screen made the opposing team stronger against special moves!</small><br></div><div class="spacer battle-history"><br></div><div class="battle-history">Dragalge used <strong>Scald</strong>!<br></div><div class="battle-history"><small>(The opposing Klefki lost <abbr title="−37/305">12.1%</abbr> of its health!)</small><br></div><div class="spacer battle-history"><br></div><div class="battle-history"><small>Dragalge restored a little HP using its Black Sludge!</small><br></div><div class="battle-history"><small>The opposing Klefki was hurt by its burn!</small><br></div><div class="spacer battle-history"><br></div><h2 class="battle-history">Turn 11</h2><div class="spacer battle-history"><br></div><div class="battle-history">The opposing Klefki used <strong>Play Rough</strong>!<br></div><div class="battle-history"><small>(Dragalge lost <abbr title="−53/334">15.9%</abbr> of its health!)</small><br></div><div class="spacer battle-history"><br></div><div class="battle-history">Dragalge used <strong>Scald</strong>!<br></div><div class="battle-history"><small>(The opposing Klefki lost <abbr title="−35/305">11.5%</abbr> of its health!)</small><br></div><div class="spacer battle-history"><br></div><div class="battle-history"><small>Dragalge restored a little HP using its Black Sludge!</small><br></div><div class="battle-history"><small>The opposing Klefki was hurt by its burn!</small><br></div><div class="spacer battle-history"><br></div><h2 class="battle-history">Turn 12</h2><div class="spacer battle-history"><br></div><div class="battle-history">The opposing Klefki used <strong>Play Rough</strong>!<br></div><div class="battle-history"><small>(Dragalge lost <abbr title="−50/334">15.0%</abbr> of its health!)</small><br></div><div class="spacer battle-history"><br></div><div class="battle-history">Dragalge used <strong>Scald</strong>!<br></div><div class="battle-history"><small>(The opposing Klefki lost <abbr title="−3/305">1.0%</abbr> of its health!)</small><br></div><div class="spacer battle-history"><br></div><div class="battle-history">The opposing Klefki fainted!<br></div><div class="spacer battle-history"><br></div><div class="battle-history"><small>Dragalge restored a little HP using its Black Sludge!</small><br></div><div class="spacer battle-history"><br></div><div class="battle-history">KeiKey sent out <strong>Mawile</strong>!<br></div><div class="battle-history"><small>[The opposing Mawile's Intimidate]</small><br></div><div class="battle-history"><small>Dragalge's Attack fell!</small><br></div><div class="spacer battle-history"><br></div><h2 class="battle-history">Turn 13</h2><div class="spacer battle-history"><br></div><div class="battle-history"><small>The opposing Mawile's Mawilite is reacting to the Key Stone!</small><br>The opposing Mawile has Mega Evolved into Mega Mawile!<br></div><div class="spacer battle-history"><br></div><div class="battle-history">The opposing Mawile used <strong>Swords Dance</strong>!<br></div><div class="battle-history"><small>The opposing Mawile's Attack rose sharply!</small><br></div><div class="spacer battle-history"><br></div><div class="battle-history">Dragalge used <strong>Scald</strong>!<br></div><div class="battle-history"><small>(The opposing Mawile lost <abbr title="−34/303">11.2%</abbr> of its health!)</small><br></div><div class="spacer battle-history"><br></div><div class="battle-history"><small>Dragalge restored a little HP using its Black Sludge!</small><br></div><div class="spacer battle-history"><br></div><h2 class="battle-history">Turn 14</h2><div class="spacer battle-history"><br></div><div class="battle-history">The opposing Mawile used <strong>Swords Dance</strong>!<br></div><div class="battle-history"><small>The opposing Mawile's Attack rose sharply!</small><br></div><div class="spacer battle-history"><br></div><div class="battle-history">Dragalge used <strong>Scald</strong>!<br></div><div class="battle-history"><small>(The opposing Mawile lost <abbr title="−33/303">10.9%</abbr> of its health!)</small><br></div><div class="battle-history"><small>The opposing Mawile was burned!</small><br></div><div class="spacer battle-history"><br></div><div class="battle-history"><small>Dragalge restored a little HP using its Black Sludge!</small><br></div><div class="battle-history"><small>The opposing Mawile was hurt by its burn!</small><br></div><div class="battle-history"><small>The opposing team's Light Screen wore off!</small><br></div><div class="spacer battle-history"><br></div><h2 class="battle-history">Turn 15</h2><div class="spacer battle-history"><br></div><div class="battle-history">The opposing Mawile used <strong>Sucker Punch</strong>!<br></div><div class="battle-history"><small>(Dragalge lost <abbr title="−189/334">56.6%</abbr> of its health!)</small><br></div><div class="spacer battle-history"><br></div><div class="battle-history">Dragalge used <strong>Scald</strong>!<br></div><div class="battle-history"><small>(The opposing Mawile lost <abbr title="−64/303">21.1%</abbr> of its health!)</small><br></div><div class="spacer battle-history"><br></div><div class="battle-history"><small>Dragalge restored a little HP using its Black Sludge!</small><br></div><div class="battle-history"><small>The opposing Mawile was hurt by its burn!</small><br></div><div class="spacer battle-history"><br></div><h2 class="battle-history">Turn 16</h2><div class="chat chatmessage-jansuchiru"><strong style="color:hsl(28,63%,38%)"><small> </small><span class="username" data-name="jan suchiru">jan suchiru</span>:</strong> <em>esto se va a descontrolar</em></div><div class="chat chatmessage-jansuchiru"><strong style="color:hsl(28,63%,38%)"><small> </small><span class="username" data-name="jan suchiru">jan suchiru</span>:</strong> <em>:v</em></div><div class="spacer battle-history"><br></div><div class="battle-history">The opposing Mawile used <strong>Sucker Punch</strong>!<br></div><div class="battle-history"><small>(Dragalge lost <abbr title="−47/334">14.1%</abbr> of its health!)</small><br></div><div class="spacer battle-history"><br></div><div class="battle-history">Dragalge fainted!<br></div><div class="spacer battle-history"><br></div><div class="battle-history"><small>The opposing Mawile was hurt by its burn!</small><br></div><div class="spacer battle-history"><br></div><div class="battle-history">Go! <strong>Turtonator</strong>!<br></div><div class="spacer battle-history"><br></div><h2 class="battle-history">Turn 17</h2><div class="spacer battle-history"><br></div><div class="battle-history">The opposing Mawile used <strong>Play Rough</strong>!<br></div><div class="battle-history"><small>(Turtonator lost <abbr title="−304/324">93.8%</abbr> of its health!)</small><br></div><div class="spacer battle-history"><br></div><div class="battle-history">Turtonator used <strong>Shell Smash</strong>!<br></div><div class="battle-history"><small>Turtonator's Defense fell!</small><br></div><div class="battle-history"><small>Turtonator's Special Defense fell!</small><br></div><div class="battle-history"><small>Turtonator's Attack rose sharply!</small><br></div><div class="battle-history"><small>Turtonator's Special Attack rose sharply!</small><br></div><div class="battle-history"><small>Turtonator's Speed rose sharply!</small><br></div><div class="battle-history"><small>Turtonator returned its status to normal using its White Herb!</small><br></div><div class="spacer battle-history"><br></div><div class="battle-history"><small>The opposing Mawile was hurt by its burn!</small><br></div><div class="spacer battle-history"><br></div><h2 class="battle-history">Turn 18</h2><div class="chat chatmessage-draconser"><strong style="color:hsl(100,46%,42%)"><small> </small><span class="username" data-name="DraconSer">DraconSer</span>:</strong> <em>y se va a poner caliente ( por tortunator</em></div><div class="spacer battle-history"><br></div><div class="battle-history">Turtonator used <strong>Flamethrower</strong>!<br></div><div class="battle-history"><small>It's super effective!</small><br></div><div class="battle-history"><small>(The opposing Mawile lost <abbr title="−100/303">33.0%</abbr> of its health!)</small><br></div><div class="spacer battle-history"><br></div><div class="battle-history">The opposing Mawile fainted!<br></div><div class="spacer battle-history"><br></div><div class="battle-history">KeiKey sent out <strong>Mimikyu</strong>!<br></div><div class="battle-history"><small>The opposing Mimikyu was badly poisoned!</small><br></div><div class="spacer battle-history"><br></div><h2 class="battle-history">Turn 19</h2><div class="spacer battle-history"><br></div><div class="battle-history">The opposing Mimikyu used <strong>Play Rough</strong>!<br></div><div class="battle-history"><small>(Turtonator lost <abbr title="−20/324">6.2%</abbr> of its health!)</small><br></div><div class="spacer battle-history"><br></div><div class="battle-history">Turtonator fainted!<br></div><div class="spacer battle-history"><br></div><div class="battle-history"><small>The opposing Mimikyu was hurt by poison!</small><br></div><div class="chat chatmessage-jansuchiru"><strong style="color:hsl(28,63%,38%)"><small> </small><span class="username" data-name="jan suchiru">jan suchiru</span>:</strong> <em>porque no uso golpe bajo el enemigo</em></div><div class="chat chatmessage-jansuchiru"><strong style="color:hsl(28,63%,38%)"><small> </small><span class="username" data-name="jan suchiru">jan suchiru</span>:</strong> <em>._____.</em></div><div class="chat chatmessage-araquanid15"><strong style="color:hsl(357,78%,42%)"><small> </small><span class="username" data-name="Araquanid15">Araquanid15</span>:</strong> <em>hola</em></div><div class="spacer battle-history"><br></div><div class="battle-history">Go! <strong>Altaria</strong>!<br></div><div class="spacer battle-history"><br></div><h2 class="battle-history">Turn 20</h2><div class="chat chatmessage-draconser"><strong style="color:hsl(100,46%,42%)"><small> </small><span class="username" data-name="DraconSer">DraconSer</span>:</strong> <em>hola</em></div><div class="spacer battle-history"><br></div><div class="battle-history"><small>Altaria's Altarianite is reacting to the Key Stone!</small><br>Altaria has Mega Evolved into Mega Altaria!<br></div><div class="spacer battle-history"><br></div><div class="battle-history">Altaria used <strong>Hyper Voice</strong>!<br></div><div class="battle-history"><small>[The opposing Mimikyu's Disguise]</small><br><small>Its disguise served it as a decoy!</small><br></div><div class="battle-history"><small>(The opposing Mimikyu lost <abbr title="0/313">0%</abbr> of its health!)</small><br></div><div class="battle-history">The opposing Mimikyu's disguise was busted!<br></div><div class="battle-history"><small>The opposing Mimikyu held up its Red Card against Altaria!</small><br></div><div class="spacer battle-history"><br></div><div class="battle-history"><strong>Salamence</strong> was dragged out!<br></div><div class="spacer battle-history"><br></div><div class="battle-history">The opposing Mimikyu used <strong>Play Rough</strong>!<br></div><div class="battle-history"><small>It's super effective!</small><br></div><div class="battle-history"><small>(Salamence lost <abbr title="−272/332">81.9%</abbr> of its health!)</small><br></div><div class="spacer battle-history"><br></div><div class="battle-history"><small>The opposing Mimikyu was hurt by poison!</small><br></div><div class="spacer battle-history"><br></div><h2 class="battle-history">Turn 21</h2><div class="spacer battle-history"><br></div><div class="battle-history">Salamence used <strong>Aerial Ace</strong>!<br></div><div class="battle-history"><small>(The opposing Mimikyu lost <abbr title="−96/313">30.7%</abbr> of its health!)</small><br></div><div class="spacer battle-history"><br></div><div class="battle-history">The opposing Mimikyu used <strong>Play Rough</strong>!<br></div><div class="battle-history"><small>It's super effective!</small><br></div><div class="battle-history"><small>(Salamence lost <abbr title="−60/332">18.1%</abbr> of its health!)</small><br></div><div class="spacer battle-history"><br></div><div class="battle-history">Salamence fainted!<br></div><div class="spacer battle-history"><br></div><div class="battle-history"><small>The opposing Mimikyu was hurt by poison!</small><br></div><div class="spacer battle-history"><br></div><div class="battle-history">Go! Altaria (<strong>Altaria-Mega</strong>)!<br></div><div class="spacer battle-history"><br></div><h2 class="battle-history">Turn 22</h2><div class="spacer battle-history"><br></div><div class="battle-history">Altaria used <strong>Hyper Voice</strong>!<br></div><div class="battle-history"><small>(The opposing Mimikyu lost <abbr title="−103/313">32.9%</abbr> of its health!)</small><br></div><div class="spacer battle-history"><br></div><div class="battle-history">The opposing Mimikyu fainted!<br></div><div class="spacer battle-history"><br></div><div class="battle-history">KeiKey sent out Florges (<strong>Florges-Blue</strong>)!<br></div><div class="battle-history"><small>The opposing Florges was badly poisoned!</small><br></div><div class="spacer battle-history"><br></div><h2 class="battle-history">Turn 23</h2><div class="spacer battle-history"><br></div><div class="battle-history">The opposing Florges used <strong>Protect</strong>!<br></div><div class="battle-history"><small>The opposing Florges protected itself!</small><br></div><div class="spacer battle-history"><br></div><div class="battle-history">Altaria used <strong>Hyper Voice</strong>!<br></div><div class="battle-history"><small>The opposing Florges protected itself!</small><br></div><div class="spacer battle-history"><br></div><div class="battle-history"><small>The opposing Florges was hurt by poison!</small><br></div><div class="spacer battle-history"><br></div><h2 class="battle-history">Turn 24</h2><div class="chat chatmessage-jansuchiru"><strong style="color:hsl(28,63%,38%)"><small> </small><span class="username" data-name="jan suchiru">jan suchiru</span>:</strong> <em>zen una batalla con mi nuevo monotipe acero( con legendarios) :,v</em></div><div class="spacer battle-history"><br></div><div class="battle-history">Altaria used <strong>Hyper Voice</strong>!<br></div><div class="battle-history"><small>(The opposing Florges lost <abbr title="−109/299">36.5%</abbr> of its health!)</small><br></div><div class="spacer battle-history"><br></div><div class="battle-history">The opposing Florges used <strong>Moonblast</strong>!<br></div><div class="battle-history"><small>It's super effective!</small><br></div><div class="battle-history"><small>(Altaria lost <abbr title="−292/292">100%</abbr> of its health!)</small><br></div><div class="spacer battle-history"><br></div><div class="battle-history">Altaria fainted!<br></div><div class="spacer battle-history"><br></div><div class="battle-history"><small>The opposing Florges restored a little HP using its Leftovers!</small><br></div><div class="battle-history"><small>The opposing Florges was hurt by poison!</small><br></div><div class="spacer battle-history"><br></div><div class="battle-history">Go! <strong>Hydreigon</strong>!<br></div><div class="spacer battle-history"><br></div><h2 class="battle-history">Turn 25</h2><div class="chat chatmessage-araquanid15"><strong style="color:hsl(357,78%,42%)"><small> </small><span class="username" data-name="Araquanid15">Araquanid15</span>:</strong> <em>por cierto zen</em></div><div class="spacer battle-history"><br></div><div class="battle-history">The opposing Florges used <strong>Moonblast</strong>!<br></div><div class="battle-history"><small>It's super effective!</small><br></div><div class="battle-history"><small>(Hydreigon lost <abbr title="−388/388">100%</abbr> of its health!)</small><br></div><div class="spacer battle-history"><br></div><div class="battle-history">Hydreigon fainted!<br></div><div class="spacer battle-history"><br></div><div class="battle-history"><small>The opposing Florges restored a little HP using its Leftovers!</small><br></div><div class="battle-history"><small>The opposing Florges was hurt by poison!</small><br></div><div class="chat chatmessage-keikey"><strong style="color:hsl(56,56%,40.61178040464806%)"><small>☆</small><span class="username" data-name="KeiKey">KeiKey</span>:</strong> <em>algo gracioso, es la primera vez que dejo al zen en 2 pokemons</em></div><div class="spacer battle-history"><br></div><div class="battle-history">Go! <strong>Kommo-o</strong>!<br></div><div class="spacer battle-history"><br></div><h2 class="battle-history">Turn 26</h2><div class="chat chatmessage-jansuchiru"><strong style="color:hsl(28,63%,38%)"><small> </small><span class="username" data-name="jan suchiru">jan suchiru</span>:</strong> <em>NO TUVE OPCION!!!!!!!! :,V</em></div><div class="chat chatmessage-araquanid15"><strong style="color:hsl(357,78%,42%)"><small> </small><span class="username" data-name="Araquanid15">Araquanid15</span>:</strong> <em>soy yo o ganarle a dracon tiene más mérito porque él si usaba legendarios y él tenía dos pokes fuertes contra mí monotyoe y yo no tenía ningún dragón, hada u hielo</em></div><div class="spacer battle-history"><br></div><div class="battle-history">The opposing Florges used <strong>Moonblast</strong>!<br></div><div class="battle-history"><small>It's super effective!</small><br></div><div class="battle-history"><small>(Kommo-o lost <abbr title="−330/330">100%</abbr> of its health!)</small><br></div><div class="spacer battle-history"><br></div><div class="battle-history">Kommo-o fainted!<br></div><div class="spacer battle-history"><br></div><div class="battle-history"><strong>KeiKey</strong> won the battle!<br></div><div class="chat chatmessage-araquanid15"><strong style="color:hsl(357,78%,42%)"><small> </small><span class="username" data-name="Araquanid15">Araquanid15</span>:</strong> <em>dime zen</em></div><div class="chat chatmessage-draconser"><strong style="color:hsl(100,46%,42%)"><small> </small><span class="username" data-name="DraconSer">DraconSer</span>:</strong> <em>:/</em></div><div class="chat chatmessage-keikey"><strong style="color:hsl(56,56%,40.61178040464806%)"><small>☆</small><span class="username" data-name="KeiKey">KeiKey</span>:</strong> <em>oh shit me quiero guardar esto :,v</em></div><div class="chat chatmessage-araquanid15"><strong style="color:hsl(357,78%,42%)"><small> </small><span class="username" data-name="Araquanid15">Araquanid15</span>:</strong> <em>JA!!!</em></div></div><div class="inner-preempt"></div></div></div>
</div>
<script>
let daily = Math.floor(Date.now()/1000/60/60/24);document.write('<script src="https://play.pokemonshowdown.com/js/replay-embed.js?version'+daily+'"></'+'script>');
</script>
