<!DOCTYPE html>
<meta charset="utf-8" />
<!-- version 1 -->
<title>OU replay: Quimera01 vs. masters1991</title>
<style>
html,body {font-family:Verdana, sans-serif;font-size:10pt;margin:0;padding:0;}body{padding:12px 0;} .battle-log {font-family:Verdana, sans-serif;font-size:10pt;} .battle-log-inline {border:1px solid #AAAAAA;background:#EEF2F5;color:black;max-width:640px;margin:0 auto 80px;padding-bottom:5px;} .battle-log .inner {padding:4px 8px 0px 8px;} .battle-log .inner-preempt {padding:0 8px 4px 8px;} .battle-log .inner-after {margin-top:0.5em;} .battle-log h2 {margin:0.5em -8px;padding:4px 8px;border:1px solid #AAAAAA;background:#E0E7EA;border-left:0;border-right:0;font-family:Verdana, sans-serif;font-size:13pt;} .battle-log .chat {vertical-align:middle;padding:3px 0 3px 0;font-size:8pt;} .battle-log .chat strong {color:#40576A;} .battle-log .chat em {padding:1px 4px 1px 3px;color:#000000;font-style:normal;} .chat.mine {background:rgba(0,0,0,0.05);margin-left:-8px;margin-right:-8px;padding-left:8px;padding-right:8px;} .spoiler {color:#BBBBBB;background:#BBBBBB;padding:0px 3px;} .spoiler:hover, .spoiler:active, .spoiler-shown {color:#000000;background:#E2E2E2;padding:0px 3px;} .spoiler a {color:#BBBBBB;} .spoiler:hover a, .spoiler:active a, .spoiler-shown a {color:#2288CC;} .chat code, .chat .spoiler:hover code, .chat .spoiler:active code, .chat .spoiler-shown code {border:1px solid #C0C0C0;background:#EEEEEE;color:black;padding:0 2px;} .chat .spoiler code {border:1px solid #CCCCCC;background:#CCCCCC;color:#CCCCCC;} .battle-log .rated {padding:3px 4px;} .battle-log .rated strong {color:white;background:#89A;padding:1px 4px;border-radius:4px;} .spacer {margin-top:0.5em;} .message-announce {background:#6688AA;color:white;padding:1px 4px 2px;} .message-announce a, .broadcast-green a, .broadcast-blue a, .broadcast-red a {color:#DDEEFF;} .broadcast-green {background-color:#559955;color:white;padding:2px 4px;} .broadcast-blue {background-color:#6688AA;color:white;padding:2px 4px;} .infobox {border:1px solid #6688AA;padding:2px 4px;} .infobox-limited {max-height:200px;overflow:auto;overflow-x:hidden;} .broadcast-red {background-color:#AA5544;color:white;padding:2px 4px;} .message-learn-canlearn {font-weight:bold;color:#228822;text-decoration:underline;} .message-learn-cannotlearn {font-weight:bold;color:#CC2222;text-decoration:underline;} .message-effect-weak {font-weight:bold;color:#CC2222;} .message-effect-resist {font-weight:bold;color:#6688AA;} .message-effect-immune {font-weight:bold;color:#666666;} .message-learn-list {margin-top:0;margin-bottom:0;} .message-throttle-notice, .message-error {color:#992222;} .message-overflow, .chat small.message-overflow {font-size:0pt;} .message-overflow::before {font-size:9pt;content:'...';} .subtle {color:#3A4A66;}
</style>
<div class="wrapper replay-wrapper" style="max-width:1180px;margin:0 auto">
<input type="hidden" name="replayid" value="destiny-ou-562063" />
<div class="battle"></div><div class="battle-log"></div><div class="replay-controls"></div><div class="replay-controls-2"></div>
<h1 style="font-weight:normal;text-align:center"><strong>OU</strong><br /><a href="http://pokemonshowdown.com/users/quimera01" class="subtle" target="_blank">Quimera01</a> vs. <a href="http://pokemonshowdown.com/users/masters1991" class="subtle" target="_blank">masters1991</a></h1>
<script type="text/plain" class="battle-log-data">|player|p1|Quimera01|163
|teamsize|p1|6
|player|p2|masters1991|247
|teamsize|p2|6
|teamsize|p1|6
|teamsize|p2|6
|gametype|singles
|gen|7
|tier|OU
|seed|45098,23511,24311,31967
|rule|Cláusula-Mod de Dormir: solo puedes dormir a uno de tus oponentes a la vez.
|rule|Cláusula de Especie: Hasta un Pokémon de cada especie
|rule|Cláusula de Golpe Fulminante: los movimientos fulminantes (OHKO) estan prohibidos
|rule|Cláusula de Veleta: la habilidad Veleta está prohibida
|rule|Cláusula de Movimientos Evasivos: los movimientos de Evasión están prohibidos.
|rule|Cláusula de Batallas Eternas: forzar batallas eternas está prohibido
|clearpoke
|poke|p1|Venusaur, M|item
|poke|p1|Zapdos|item
|poke|p1|Greninja, M|item
|poke|p1|Mimikyu, M|item
|poke|p1|Jirachi|item
|poke|p1|Heatran, M|item
|poke|p2|Electivire, M|item
|poke|p2|Heatran, F|item
|poke|p2|Tapu Lele|item
|poke|p2|Gyarados, M|item
|poke|p2|Gliscor, F|item
|poke|p2|Venusaur, F|item
|teampreview|undefined
|choice|*|*team 423156
|choice|*team 623451|*
|choice|team 6, 2, 3, 4, 5, 1|team 4, 2, 3, 1, 5, 6
|
|start
|switch|p1a: Heatran|Heatran, M|386\/386
|switch|p2a: Gyarados|Gyarados, M|331\/331
|-ability|p2a: Gyarados|Intimidate|boost
|-unboost|p1a: Heatran|atk|1
|turn|1
|choice|*|*move 4
|choice|*switch 2|*
|choice|switch 2|move taunt
|
|switch|p1a: Zapdos|Zapdos|384\/384
|move|p2a: Gyarados|Taunt|p1a: Zapdos
|-start|p1a: Zapdos|move: Taunt
|
|upkeep
|turn|2
|choice|*|*switch 4
|choice|*move 3|*
|choice|move discharge|switch 4
|
|switch|p2a: Electivire|Electivire, M|294\/294
|move|p1a: Zapdos|Discharge|p2a: Electivire
|-ability|p2a: Electivire|Motor Drive|boost
|-boost|p2a: Electivire|spe|1
|
|upkeep
|turn|3
|choice|*move 1|*
|choice|*|*move 2
|choice|move heatwave|move icepunch
|
|move|p2a: Electivire|Ice Punch|p1a: Zapdos
|-supereffective|p1a: Zapdos
|-damage|p1a: Zapdos|218\/384
|-damage|p2a: Electivire|245\/294|[from] item: Rocky Helmet|[of] p1a: Zapdos
|move|p1a: Zapdos|Heat Wave|p2a: Electivire
|-damage|p2a: Electivire|148\/294
|
|-end|p1a: Zapdos|move: Taunt
|upkeep
|turn|4
|choice|*|*move 2
|choice|*move 4|*
|choice|move roost|move icepunch
|
|move|p2a: Electivire|Ice Punch|p1a: Zapdos
|-supereffective|p1a: Zapdos
|-damage|p1a: Zapdos|40\/384
|-damage|p2a: Electivire|99\/294|[from] item: Rocky Helmet|[of] p1a: Zapdos
|move|p1a: Zapdos|Roost|p1a: Zapdos
|-heal|p1a: Zapdos|232\/384
|
|upkeep
|turn|5
|choice|*|*move 2
|choice|*move 4|*
|choice|move roost|move icepunch
|
|move|p2a: Electivire|Ice Punch|p1a: Zapdos
|-supereffective|p1a: Zapdos
|-damage|p1a: Zapdos|72\/384
|-damage|p2a: Electivire|50\/294|[from] item: Rocky Helmet|[of] p1a: Zapdos
|move|p1a: Zapdos|Roost|p1a: Zapdos
|-heal|p1a: Zapdos|264\/384
|
|upkeep
|turn|6
|choice|*move 1|*
|choice|*|*switch 5
|choice|move heatwave|switch 5
|
|switch|p2a: Gliscor|Gliscor, F|291\/291
|move|p1a: Zapdos|Heat Wave|p2a: Gliscor
|-damage|p2a: Gliscor|183\/291
|
|-status|p2a: Gliscor|tox|[from] item: Toxic Orb
|upkeep
|turn|7
|choice|*|*move 3
|choice|*switch 6|*
|choice|switch 6|move knockoff
|
|switch|p1a: Venusaur|Venusaur, M|364\/364
|move|p2a: Gliscor|Knock Off|p1a: Venusaur
|-damage|p1a: Venusaur|308\/364
|
|-heal|p2a: Gliscor|219\/291 tox|[from] ability: Poison Heal
|upkeep
|turn|8
|choice|*|*switch 2
|choice|*move 1|*
|choice|move gigadrain|switch 2
|
|switch|p2a: Heatran|Heatran, F|323\/323
|move|p1a: Venusaur|Giga Drain|p2a: Heatran
|-resisted|p2a: Heatran
|-damage|p2a: Heatran|299\/323
|-heal|p1a: Venusaur|320\/364|[from] drain|[of] p2a: Heatran
|
|-heal|p2a: Heatran|319\/323|[from] item: Leftovers
|upkeep
|turn|9
|choice|*|*move 1
|choice|*move 3 mega|*
|choice|move earthquake mega|move stealthrock
|
|-mega|p1a: Venusaur|Venusaur|Venusaurite
|detailschange|p1a: Venusaur|Venusaur-Mega, M
|move|p2a: Heatran|Stealth Rock|p1a: Venusaur
|-sidestart|p1: Quimera01|move: Stealth Rock
|move|p1a: Venusaur|Earthquake|p2a: Heatran
|-supereffective|p2a: Heatran
|-damage|p2a: Heatran|11\/323
|
|-heal|p2a: Heatran|31\/323|[from] item: Leftovers
|upkeep
|turn|10
|choice|*|*move 4
|choice|*move 3|*
|choice|move earthquake|move protect
|
|move|p2a: Heatran|Protect|p2a: Heatran
|-singleturn|p2a: Heatran|Protect
|move|p1a: Venusaur|Earthquake|p2a: Heatran
|-activate|p2a: Heatran|move: Protect
|
|-heal|p2a: Heatran|51\/323|[from] item: Leftovers
|upkeep
|turn|11
|choice|*|*switch 4
|choice|*move 1|*
|choice|move gigadrain|switch 4
|
|switch|p2a: Gyarados|Gyarados, M|331\/331
|-ability|p2a: Gyarados|Intimidate|boost
|-unboost|p1a: Venusaur|atk|1
|move|p1a: Venusaur|Giga Drain|p2a: Gyarados
|-damage|p2a: Gyarados|178\/331
|-heal|p1a: Venusaur|364\/364|[from] drain|[of] p2a: Gyarados
|
|upkeep
|turn|12
|choice|*move 1|*
|choice|*|*move 3
|choice|move gigadrain|move dragondance
|
|move|p2a: Gyarados|Dragon Dance|p2a: Gyarados
|-boost|p2a: Gyarados|atk|1
|-boost|p2a: Gyarados|spe|1
|move|p1a: Venusaur|Giga Drain|p2a: Gyarados
|-damage|p2a: Gyarados|43\/331
|-enditem|p2a: Gyarados|Iapapa Berry|[eat]
|-heal|p2a: Gyarados|208\/331|[from] item: Iapapa Berry
|
|upkeep
|turn|13
|choice|*|*move 2
|choice|*move 1|*
|choice|move gigadrain|move earthquake
|
|move|p2a: Gyarados|Earthquake|p1a: Venusaur
|-crit|p1a: Venusaur
|-damage|p1a: Venusaur|183\/364
|move|p1a: Venusaur|Giga Drain|p2a: Gyarados
|-damage|p2a: Gyarados|75\/331
|-heal|p1a: Venusaur|250\/364|[from] drain|[of] p2a: Gyarados
|
|upkeep
|turn|14
|choice|*|*move 2
|choice|*move 2|*
|choice|move sludgebomb|move earthquake
|
|move|p2a: Gyarados|Earthquake|p1a: Venusaur
|-damage|p1a: Venusaur|136\/364
|move|p1a: Venusaur|Sludge Bomb|p2a: Gyarados
|-damage|p2a: Gyarados|0 fnt
|faint|p2a: Gyarados
|
|upkeep
|choice|*|*switch 3
|choice||switch 3
|
|switch|p2a: Tapu Lele|Tapu Lele|281\/281
|-fieldstart|move: Psychic Terrain|[from] ability: Psychic Surge|[of] p2a: Tapu Lele
|turn|15
|choice|*switch 5|*
|choice|*|*move 3
|choice|switch 5|move psychic
|
|switch|p1a: Jirachi|Jirachi|341\/341
|-damage|p1a: Jirachi|320\/341|[from] Stealth Rock
|move|p2a: Tapu Lele|Psychic|p1a: Jirachi
|-resisted|p1a: Jirachi
|-damage|p1a: Jirachi|271\/341
|-unboost|p1a: Jirachi|spd|1
|
|upkeep
|turn|16
|choice|*|*switch 4
|choice|*move 4|*
|choice|move ironhead|switch 4
|
|switch|p2a: Heatran|Heatran, F|51\/323
|move|p1a: Jirachi|Iron Head|p2a: Heatran
|-resisted|p2a: Heatran
|-damage|p2a: Heatran|20\/323
|
|-heal|p2a: Heatran|40\/323|[from] item: Leftovers
|upkeep
|turn|17
|choice|*move 4|*
|choice|*|*move 2
|choice|move ironhead|move magmastorm
|
|move|p1a: Jirachi|Iron Head|p2a: Heatran
|-resisted|p2a: Heatran
|-damage|p2a: Heatran|12\/323
|cant|p2a: Heatran|flinch
|
|-heal|p2a: Heatran|32\/323|[from] item: Leftovers
|upkeep
|turn|18
|choice|*|*move 2
|choice|*move 4|*
|choice|move ironhead|move magmastorm
|
|move|p1a: Jirachi|Iron Head|p2a: Heatran
|-resisted|p2a: Heatran
|-damage|p2a: Heatran|5\/323
|cant|p2a: Heatran|flinch
|
|-heal|p2a: Heatran|25\/323|[from] item: Leftovers
|upkeep
|turn|19
|choice|*|*move 4
|choice|*move 4|*
|choice|move ironhead|move protect
|
|move|p2a: Heatran|Protect|p2a: Heatran
|-singleturn|p2a: Heatran|Protect
|move|p1a: Jirachi|Iron Head|p2a: Heatran
|-activate|p2a: Heatran|move: Protect
|
|-heal|p2a: Heatran|45\/323|[from] item: Leftovers
|-fieldend|move: Psychic Terrain
|upkeep
|turn|20
|choice|*|*move 2
|choice|*move 4|*
|choice|move ironhead|move magmastorm
|
|move|p1a: Jirachi|Iron Head|p2a: Heatran
|-resisted|p2a: Heatran
|-damage|p2a: Heatran|15\/323
|cant|p2a: Heatran|flinch
|
|-heal|p2a: Heatran|35\/323|[from] item: Leftovers
|upkeep
|turn|21
|choice|*|*move 4
|choice|*move 4|*
|choice|move ironhead|move protect
|
|move|p2a: Heatran|Protect|p2a: Heatran
|-singleturn|p2a: Heatran|Protect
|move|p1a: Jirachi|Iron Head|p2a: Heatran
|-activate|p2a: Heatran|move: Protect
|
|-heal|p2a: Heatran|55\/323|[from] item: Leftovers
|upkeep
|turn|22
|choice|*|*move 2
|choice|*switch 2|*
|choice|switch 2|move magmastorm
|
|switch|p1a: Heatran|Heatran, M|386\/386
|-damage|p1a: Heatran|338\/386|[from] Stealth Rock
|move|p2a: Heatran|Magma Storm|p1a: Heatran
|-start|p1a: Heatran|ability: Flash Fire
|
|-heal|p2a: Heatran|75\/323|[from] item: Leftovers
|-heal|p1a: Heatran|362\/386|[from] item: Leftovers
|upkeep
|turn|23
|choice|*move 3|*
|choice|*|*switch 2
|choice|move earthpower|switch 2
|
|switch|p2a: Gliscor|Gliscor, F|219\/291 tox
|move|p1a: Heatran|Earth Power|p2a: Gliscor
|-immune|p2a: Gliscor|[msg]
|
|-heal|p1a: Heatran|386\/386|[from] item: Leftovers
|-heal|p2a: Gliscor|255\/291 tox|[from] ability: Poison Heal
|upkeep
|turn|24
|choice|*|*move 2
|choice|*switch 6|*
|choice|switch 6|move swordsdance
|
|-end|p1a: Heatran|ability: Flash Fire|[silent]
|switch|p1a: Zapdos|Zapdos|264\/384
|-damage|p1a: Zapdos|168\/384|[from] Stealth Rock
|move|p2a: Gliscor|Swords Dance|p2a: Gliscor
|-boost|p2a: Gliscor|atk|2
|
|-heal|p2a: Gliscor|291\/291 tox|[from] ability: Poison Heal
|upkeep
|turn|25
|choice|*move 2|*
|choice|*|*move 1
|choice|move defog|move acrobatics
|
|move|p2a: Gliscor|Acrobatics|p1a: Zapdos
|-resisted|p1a: Zapdos
|-damage|p1a: Zapdos|114\/384
|-damage|p2a: Gliscor|243\/291 tox|[from] item: Rocky Helmet|[of] p1a: Zapdos
|move|p1a: Zapdos|Defog|p2a: Gliscor
|-unboost|p2a: Gliscor|evasion|1
|-sideend|p1: Quimera01|Stealth Rock|[from] move: Defog|[of] p1a: Zapdos
|
|-heal|p2a: Gliscor|279\/291 tox|[from] ability: Poison Heal
|upkeep
|turn|26
|choice|*|*move 3
|choice|*move 4|*
|choice|move roost|move knockoff
|
|move|p2a: Gliscor|Knock Off|p1a: Zapdos
|-damage|p1a: Zapdos|0 fnt
|-damage|p2a: Gliscor|231\/291 tox|[from] item: Rocky Helmet|[of] p1a: Zapdos
|-enditem|p1a: Zapdos|Rocky Helmet|[from] move: Knock Off|[of] p2a: Gliscor
|faint|p1a: Zapdos
|
|-heal|p2a: Gliscor|267\/291 tox|[from] ability: Poison Heal
|upkeep
|choice|*switch 3|*
|choice|switch 3|
|
|switch|p1a: Greninja|Greninja, M|285\/285
|turn|27
|choice|*|*switch 6
|choice|*move 1|*
|choice|move icebeam|switch 6
|
|switch|p2a: Venusaur|Venusaur, F|301\/301
|move|p1a: Greninja|Ice Beam|p2a: Venusaur
|-supereffective|p2a: Venusaur
|-damage|p2a: Venusaur|49\/301
|-damage|p1a: Greninja|257\/285|[from] item: Life Orb
|
|upkeep
|turn|28
|choice|*move 1|*
|choice|*|*move 1 mega
|choice|move icebeam|move gigadrain mega
|
|-mega|p2a: Venusaur|Venusaur|Venusaurite
|detailschange|p2a: Venusaur|Venusaur-Mega, F
|move|p1a: Greninja|Ice Beam|p2a: Venusaur
|-supereffective|p2a: Venusaur
|-damage|p2a: Venusaur|0 fnt
|-damage|p1a: Greninja|229\/285|[from] item: Life Orb
|faint|p2a: Venusaur
|-activate|p1a: Greninja|ability: Battle Bond
|detailschange|p1a: Greninja|Greninja-Ash, M
|
|upkeep
|choice|*|*switch 4
|choice||switch 4
|
|switch|p2a: Tapu Lele|Tapu Lele|281\/281
|-fieldstart|move: Psychic Terrain|[from] ability: Psychic Surge|[of] p2a: Tapu Lele
|turn|29
|choice|*|*move 2
|choice|*switch 2|*
|choice|switch 2|move energyball
|
|switch|p1a: Jirachi|Jirachi|271\/341
|move|p2a: Tapu Lele|Energy Ball|p1a: Jirachi
|-resisted|p1a: Jirachi
|-damage|p1a: Jirachi|224\/341
|
|upkeep
|turn|30
|choice|*move 4|*
|choice|*|*switch 5
|choice|move ironhead|switch 5
|
|switch|p2a: Electivire|Electivire, M|50\/294
|move|p1a: Jirachi|Iron Head|p2a: Electivire
|-resisted|p2a: Electivire
|-damage|p2a: Electivire|0 fnt
|faint|p2a: Electivire
|
|upkeep
|choice|*|*switch 2
|choice||switch 2
|
|switch|p2a: Heatran|Heatran, F|75\/323
|turn|31
|choice|*|*move 4
|choice|*move 4|*
|choice|move ironhead|move protect
|
|move|p2a: Heatran|Protect|p2a: Heatran
|-singleturn|p2a: Heatran|Protect
|move|p1a: Jirachi|Iron Head|p2a: Heatran
|-activate|p2a: Heatran|move: Protect
|
|-heal|p2a: Heatran|95\/323|[from] item: Leftovers
|upkeep
|turn|32
|choice|*|*move 2
|choice|*switch 5|*
|choice|switch 5|move magmastorm
|
|switch|p1a: Venusaur|Venusaur-Mega, M|136\/364
|move|p2a: Heatran|Magma Storm|p1a: Venusaur
|-supereffective|p1a: Venusaur
|-damage|p1a: Venusaur|16\/364
|-activate|p1a: Venusaur|move: Magma Storm|[of] p2a: Heatran
|
|-heal|p2a: Heatran|115\/323|[from] item: Leftovers
|-damage|p1a: Venusaur|0 fnt|[from] move: Magma Storm|[partiallytrapped]
|upkeep
|faint|p1a: Venusaur
|choice|*switch 2|*
|choice|switch 2|
|
|switch|p1a: Greninja|Greninja-Ash, M|229\/285
|turn|33
|choice|*|*move 3
|choice|*move 2|*
|choice|move watershuriken|move toxic
|
|move|p1a: Greninja|Water Shuriken|p2a: Heatran
|-activate|p2a: Heatran|move: Psychic Terrain
|move|p2a: Heatran|Toxic|p1a: Greninja
|-status|p1a: Greninja|tox
|
|-heal|p2a: Heatran|135\/323|[from] item: Leftovers
|-damage|p1a: Greninja|212\/285 tox|[from] psn
|-fieldend|move: Psychic Terrain
|upkeep
|turn|34
|choice|*|*move 4
|choice|*move 4|*
|choice|move hydropump|move protect
|
|move|p2a: Heatran|Protect|p2a: Heatran
|-singleturn|p2a: Heatran|Protect
|move|p1a: Greninja|Hydro Pump|p2a: Heatran
|-activate|p2a: Heatran|move: Protect
|
|-heal|p2a: Heatran|155\/323|[from] item: Leftovers
|-damage|p1a: Greninja|178\/285 tox|[from] psn
|upkeep
|turn|35
|choice|*move 4|*
|choice|*|*switch 5
|choice|move hydropump|switch 5
|
|switch|p2a: Tapu Lele|Tapu Lele|281\/281
|-fieldstart|move: Psychic Terrain|[from] ability: Psychic Surge|[of] p2a: Tapu Lele
|move|p1a: Greninja|Hydro Pump|p2a: Tapu Lele
|-damage|p2a: Tapu Lele|20\/281
|-damage|p1a: Greninja|150\/285 tox|[from] item: Life Orb
|
|-damage|p1a: Greninja|99\/285 tox|[from] psn
|upkeep
|turn|36
|choice|*switch 5|*
|choice|*|*move 1
|choice|switch 5|move shadowball
|
|switch|p1a: Jirachi|Jirachi|224\/341
|move|p2a: Tapu Lele|Shadow Ball|p1a: Jirachi
|-supereffective|p1a: Jirachi
|-damage|p1a: Jirachi|78\/341
|
|upkeep
|turn|37
|choice|*|*move 1
|choice|*move 3|*
|choice|move heartstamp|move shadowball
|
|move|p1a: Jirachi|Heart Stamp|p2a: Tapu Lele
|-resisted|p2a: Tapu Lele
|-damage|p2a: Tapu Lele|0 fnt
|faint|p2a: Tapu Lele
|
|upkeep
|choice|*|*switch 5
|choice||switch 5
|
|switch|p2a: Heatran|Heatran, F|155\/323
|turn|38
|choice|*|*move 2
|choice|*move 3|*
|choice|move heartstamp|move magmastorm
|
|move|p1a: Jirachi|Heart Stamp|p2a: Heatran
|-resisted|p2a: Heatran
|-damage|p2a: Heatran|96\/323
|cant|p2a: Heatran|flinch
|
|-heal|p2a: Heatran|116\/323|[from] item: Leftovers
|upkeep
|turn|39
|choice|*move 3|*
|choice|*|*move 2
|choice|move heartstamp|move magmastorm
|
|move|p1a: Jirachi|Heart Stamp|p2a: Heatran
|-resisted|p2a: Heatran
|-damage|p2a: Heatran|55\/323
|move|p2a: Heatran|Magma Storm|p1a: Jirachi|[miss]
|-miss|p2a: Heatran|p1a: Jirachi
|
|-heal|p2a: Heatran|75\/323|[from] item: Leftovers
|-fieldend|move: Psychic Terrain
|upkeep
|turn|40
|choice|*|*move 4
|choice|*move 3|*
|choice|move heartstamp|move protect
|
|move|p2a: Heatran|Protect|p2a: Heatran
|-singleturn|p2a: Heatran|Protect
|move|p1a: Jirachi|Heart Stamp|p2a: Heatran
|-activate|p2a: Heatran|move: Protect
|
|-heal|p2a: Heatran|95\/323|[from] item: Leftovers
|upkeep
|turn|41
|choice|*|*move 2
|choice|*move 3|*
|choice|move heartstamp|move magmastorm
|
|move|p1a: Jirachi|Heart Stamp|p2a: Heatran
|-resisted|p2a: Heatran
|-damage|p2a: Heatran|54\/323
|cant|p2a: Heatran|flinch
|
|-heal|p2a: Heatran|74\/323|[from] item: Leftovers
|upkeep
|turn|42
|choice|*|*move 4
|choice|*move 3|*
|choice|move heartstamp|move protect
|
|move|p2a: Heatran|Protect|p2a: Heatran
|-singleturn|p2a: Heatran|Protect
|move|p1a: Jirachi|Heart Stamp|p2a: Heatran
|-activate|p2a: Heatran|move: Protect
|
|-heal|p2a: Heatran|94\/323|[from] item: Leftovers
|upkeep
|turn|43
|choice|*|*move 2
|choice|*move 3|*
|choice|move heartstamp|move magmastorm
|
|move|p1a: Jirachi|Heart Stamp|p2a: Heatran
|-resisted|p2a: Heatran
|-damage|p2a: Heatran|51\/323
|move|p2a: Heatran|Magma Storm|p1a: Jirachi
|-supereffective|p1a: Jirachi
|-damage|p1a: Jirachi|0 fnt
|faint|p1a: Jirachi
|
|-heal|p2a: Heatran|71\/323|[from] item: Leftovers
|upkeep
|choice|*switch 5|*
|choice|switch 5|
|
|switch|p1a: Greninja|Greninja-Ash, M|99\/285 tox
|turn|44
|choice|*move 3|*
|choice|*|*move 4
|choice|move darkpulse|move protect
|
|move|p2a: Heatran|Protect|p2a: Heatran
|-singleturn|p2a: Heatran|Protect
|move|p1a: Greninja|Dark Pulse|p2a: Heatran
|-activate|p2a: Heatran|move: Protect
|
|-heal|p2a: Heatran|91\/323|[from] item: Leftovers
|-damage|p1a: Greninja|82\/285 tox|[from] psn
|upkeep
|turn|45
|choice|*|*move 2
|choice|*move 3|*
|choice|move darkpulse|move magmastorm
|
|move|p1a: Greninja|Dark Pulse|p2a: Heatran
|-damage|p2a: Heatran|0 fnt
|-damage|p1a: Greninja|54\/285 tox|[from] item: Life Orb
|faint|p2a: Heatran
|
|-damage|p1a: Greninja|20\/285 tox|[from] psn
|upkeep
|choice|*|*switch 6
|choice||switch 6
|
|switch|p2a: Gliscor|Gliscor, F|267\/291 tox
|turn|46
|choice|*move 1|*
|choice|*|*move 3
|choice|move icebeam|move knockoff
|
|move|p1a: Greninja|Ice Beam|p2a: Gliscor
|-supereffective|p2a: Gliscor
|-damage|p2a: Gliscor|0 fnt
|-damage|p1a: Greninja|0 fnt|[from] item: Life Orb
|faint|p2a: Gliscor
|faint|p1a: Greninja
|
|win|Quimera01
</script>
</div>
<div class="battle-log battle-log-inline"><div class="inner"><div class="battle-options"></div><div class="inner"><div class=""><small>Format:</small> <br><strong>OU</strong></div><div class=""><small><em>Cláusula-Mod de Dormir:</em> solo puedes dormir a uno de tus oponentes a la vez.</small></div><div class=""><small><em>Cláusula de Especie:</em> Hasta un Pokémon de cada especie</small></div><div class=""><small><em>Cláusula de Golpe Fulminante:</em> los movimientos fulminantes (OHKO) estan prohibidos</small></div><div class=""><small><em>Cláusula de Veleta:</em> la habilidad Veleta está prohibida</small></div><div class=""><small><em>Cláusula de Movimientos Evasivos:</em> los movimientos de Evasión están prohibidos.</small></div><div class=""><small><em>Cláusula de Batallas Eternas:</em> forzar batallas eternas está prohibido</small></div><div class="chat battle-history"><strong>Quimera01's team:</strong> <em style="color:#445566;display:block;">Venusaur / Zapdos / Greninja / Mimikyu / Jirachi / Heatran</em></div><div class="chat battle-history"><strong>masters1991's team:</strong> <em style="color:#445566;display:block;">Electivire / Heatran / Tapu Lele / Gyarados / Gliscor / Venusaur</em></div><div class="spacer battle-history"><br></div><div class="battle-history">Battle started between Quimera01 and masters1991!<br></div><div class="spacer battle-history"><br></div><div class="battle-history">Go! <strong>Heatran</strong>!<br></div><div class="spacer battle-history"><br></div><div class="battle-history">masters1991 sent out <strong>Gyarados</strong>!<br></div><div class="battle-history"><small>[The opposing Gyarados's Intimidate]</small><br></div><div class="battle-history"><small>Heatran's Attack fell!</small><br></div><div class="spacer battle-history"><br></div><h2 class="battle-history">Turn 1</h2><div class="spacer battle-history"><br></div><div class="battle-history">Heatran, come back!<br></div><div class="battle-history">Go! <strong>Zapdos</strong>!<br></div><div class="spacer battle-history"><br></div><div class="battle-history">The opposing Gyarados used <strong>Taunt</strong>!<br></div><div class="battle-history"><small>Zapdos fell for the taunt!</small><br></div><div class="spacer battle-history"><br></div><h2 class="battle-history">Turn 2</h2><div class="spacer battle-history"><br></div><div class="battle-history">masters1991 withdrew Gyarados!<br></div><div class="battle-history">masters1991 sent out <strong>Electivire</strong>!<br></div><div class="spacer battle-history"><br></div><div class="battle-history">Zapdos used <strong>Discharge</strong>!<br></div><div class="battle-history"><small>[The opposing Electivire's Motor Drive]</small><br></div><div class="battle-history"><small>The opposing Electivire's Speed rose!</small><br></div><div class="spacer battle-history"><br></div><h2 class="battle-history">Turn 3</h2><div class="spacer battle-history"><br></div><div class="battle-history">The opposing Electivire used <strong>Ice Punch</strong>!<br></div><div class="battle-history"><small>It's super effective!</small><br></div><div class="battle-history"><small>(Zapdos lost <abbr title="−166/384">43.2%</abbr> of its health!)</small><br></div><div class="battle-history"><small>The opposing Electivire was hurt by the Rocky Helmet!</small><br></div><div class="spacer battle-history"><br></div><div class="battle-history">Zapdos used <strong>Heat Wave</strong>!<br></div><div class="battle-history"><small>(The opposing Electivire lost <abbr title="−97/294">33.0%</abbr> of its health!)</small><br></div><div class="spacer battle-history"><br></div><div class="battle-history"><small>Zapdos's taunt wore off!</small><br></div><div class="spacer battle-history"><br></div><h2 class="battle-history">Turn 4</h2><div class="spacer battle-history"><br></div><div class="battle-history">The opposing Electivire used <strong>Ice Punch</strong>!<br></div><div class="battle-history"><small>It's super effective!</small><br></div><div class="battle-history"><small>(Zapdos lost <abbr title="−178/384">46.4%</abbr> of its health!)</small><br></div><div class="battle-history"><small>The opposing Electivire was hurt by the Rocky Helmet!</small><br></div><div class="spacer battle-history"><br></div><div class="battle-history">Zapdos used <strong>Roost</strong>!<br></div><div class="battle-history"><small>Zapdos restored its HP.</small><br></div><div class="spacer battle-history"><br></div><h2 class="battle-history">Turn 5</h2><div class="spacer battle-history"><br></div><div class="battle-history">The opposing Electivire used <strong>Ice Punch</strong>!<br></div><div class="battle-history"><small>It's super effective!</small><br></div><div class="battle-history"><small>(Zapdos lost <abbr title="−160/384">41.7%</abbr> of its health!)</small><br></div><div class="battle-history"><small>The opposing Electivire was hurt by the Rocky Helmet!</small><br></div><div class="spacer battle-history"><br></div><div class="battle-history">Zapdos used <strong>Roost</strong>!<br></div><div class="battle-history"><small>Zapdos restored its HP.</small><br></div><div class="spacer battle-history"><br></div><h2 class="battle-history">Turn 6</h2><div class="spacer battle-history"><br></div><div class="battle-history">masters1991 withdrew Electivire!<br></div><div class="battle-history">masters1991 sent out <strong>Gliscor</strong>!<br></div><div class="spacer battle-history"><br></div><div class="battle-history">Zapdos used <strong>Heat Wave</strong>!<br></div><div class="battle-history"><small>(The opposing Gliscor lost <abbr title="−108/291">37.1%</abbr> of its health!)</small><br></div><div class="spacer battle-history"><br></div><div class="battle-history"><small>The opposing Gliscor was badly poisoned!</small><br></div><div class="spacer battle-history"><br></div><h2 class="battle-history">Turn 7</h2><div class="spacer battle-history"><br></div><div class="battle-history">Zapdos, come back!<br></div><div class="battle-history">Go! <strong>Venusaur</strong>!<br></div><div class="spacer battle-history"><br></div><div class="battle-history">The opposing Gliscor used <strong>Knock Off</strong>!<br></div><div class="battle-history"><small>(Venusaur lost <abbr title="−56/364">15.4%</abbr> of its health!)</small><br></div><div class="spacer battle-history"><br></div><div class="battle-history"><small>[The opposing Gliscor's Poison Heal]</small><br><small>The opposing Gliscor restored its HP.</small><br></div><div class="spacer battle-history"><br></div><h2 class="battle-history">Turn 8</h2><div class="spacer battle-history"><br></div><div class="battle-history">masters1991 withdrew Gliscor!<br></div><div class="battle-history">masters1991 sent out <strong>Heatran</strong>!<br></div><div class="spacer battle-history"><br></div><div class="battle-history">Venusaur used <strong>Giga Drain</strong>!<br></div><div class="battle-history"><small>It's not very effective...</small><br></div><div class="battle-history"><small>(The opposing Heatran lost <abbr title="−24/323">7.4%</abbr> of its health!)</small><br></div><div class="battle-history"><small>The opposing Heatran had its energy drained!</small><br></div><div class="spacer battle-history"><br></div><div class="battle-history"><small>The opposing Heatran restored a little HP using its Leftovers!</small><br></div><div class="spacer battle-history"><br></div><h2 class="battle-history">Turn 9</h2><div class="spacer battle-history"><br></div><div class="battle-history"><small>Venusaur's Venusaurite is reacting to the Key Stone!</small><br>Venusaur has Mega Evolved into Mega Venusaur!<br></div><div class="spacer battle-history"><br></div><div class="battle-history">The opposing Heatran used <strong>Stealth Rock</strong>!<br></div><div class="battle-history"><small>Pointed stones float in the air around your team!</small><br></div><div class="spacer battle-history"><br></div><div class="battle-history">Venusaur used <strong>Earthquake</strong>!<br></div><div class="battle-history"><small>It's super effective!</small><br></div><div class="battle-history"><small>(The opposing Heatran lost <abbr title="−308/323">95.4%</abbr> of its health!)</small><br></div><div class="spacer battle-history"><br></div><div class="battle-history"><small>The opposing Heatran restored a little HP using its Leftovers!</small><br></div><div class="spacer battle-history"><br></div><h2 class="battle-history">Turn 10</h2><div class="spacer battle-history"><br></div><div class="battle-history">The opposing Heatran used <strong>Protect</strong>!<br></div><div class="battle-history"><small>The opposing Heatran protected itself!</small><br></div><div class="spacer battle-history"><br></div><div class="battle-history">Venusaur used <strong>Earthquake</strong>!<br></div><div class="battle-history"><small>The opposing Heatran protected itself!</small><br></div><div class="spacer battle-history"><br></div><div class="battle-history"><small>The opposing Heatran restored a little HP using its Leftovers!</small><br></div><div class="spacer battle-history"><br></div><h2 class="battle-history">Turn 11</h2><div class="spacer battle-history"><br></div><div class="battle-history">masters1991 withdrew Heatran!<br></div><div class="battle-history">masters1991 sent out <strong>Gyarados</strong>!<br></div><div class="battle-history"><small>[The opposing Gyarados's Intimidate]</small><br></div><div class="battle-history"><small>Venusaur's Attack fell!</small><br></div><div class="spacer battle-history"><br></div><div class="battle-history">Venusaur used <strong>Giga Drain</strong>!<br></div><div class="battle-history"><small>(The opposing Gyarados lost <abbr title="−153/331">46.2%</abbr> of its health!)</small><br></div><div class="battle-history"><small>The opposing Gyarados had its energy drained!</small><br></div><div class="spacer battle-history"><br></div><h2 class="battle-history">Turn 12</h2><div class="spacer battle-history"><br></div><div class="battle-history">The opposing Gyarados used <strong>Dragon Dance</strong>!<br></div><div class="battle-history"><small>The opposing Gyarados's Attack rose!</small><br></div><div class="battle-history"><small>The opposing Gyarados's Speed rose!</small><br></div><div class="spacer battle-history"><br></div><div class="battle-history">Venusaur used <strong>Giga Drain</strong>!<br></div><div class="battle-history"><small>(The opposing Gyarados lost <abbr title="−135/331">40.8%</abbr> of its health!)</small><br></div><div class="battle-history"><small>The opposing Gyarados ate its Iapapa Berry!</small><br></div><div class="battle-history"><small>The opposing Gyarados restored HP using its Iapapa Berry!</small><br></div><div class="spacer battle-history"><br></div><h2 class="battle-history">Turn 13</h2><div class="spacer battle-history"><br></div><div class="battle-history">The opposing Gyarados used <strong>Earthquake</strong>!<br></div><div class="battle-history"><small>A critical hit!</small><br></div><div class="battle-history"><small>(Venusaur lost <abbr title="−181/364">49.7%</abbr> of its health!)</small><br></div><div class="spacer battle-history"><br></div><div class="battle-history">Venusaur used <strong>Giga Drain</strong>!<br></div><div class="battle-history"><small>(The opposing Gyarados lost <abbr title="−133/331">40.2%</abbr> of its health!)</small><br></div><div class="battle-history"><small>The opposing Gyarados had its energy drained!</small><br></div><div class="spacer battle-history"><br></div><h2 class="battle-history">Turn 14</h2><div class="spacer battle-history"><br></div><div class="battle-history">The opposing Gyarados used <strong>Earthquake</strong>!<br></div><div class="battle-history"><small>(Venusaur lost <abbr title="−114/364">31.3%</abbr> of its health!)</small><br></div><div class="spacer battle-history"><br></div><div class="battle-history">Venusaur used <strong>Sludge Bomb</strong>!<br></div><div class="battle-history"><small>(The opposing Gyarados lost <abbr title="−75/331">22.7%</abbr> of its health!)</small><br></div><div class="spacer battle-history"><br></div><div class="battle-history">The opposing Gyarados fainted!<br></div><div class="spacer battle-history"><br></div><div class="battle-history">masters1991 sent out <strong>Tapu Lele</strong>!<br></div><div class="battle-history"><small>[The opposing Tapu Lele's Psychic Surge]</small><br><small>The battlefield got weird!</small><br></div><div class="spacer battle-history"><br></div><h2 class="battle-history">Turn 15</h2><div class="spacer battle-history"><br></div><div class="battle-history">Venusaur, come back!<br></div><div class="battle-history">Go! <strong>Jirachi</strong>!<br></div><div class="battle-history"><small>Pointed stones dug into Jirachi!</small><br></div><div class="spacer battle-history"><br></div><div class="battle-history">The opposing Tapu Lele used <strong>Psychic</strong>!<br></div><div class="battle-history"><small>It's not very effective...</small><br></div><div class="battle-history"><small>(Jirachi lost <abbr title="−49/341">14.4%</abbr> of its health!)</small><br></div><div class="battle-history"><small>Jirachi's Special Defense fell!</small><br></div><div class="spacer battle-history"><br></div><h2 class="battle-history">Turn 16</h2><div class="spacer battle-history"><br></div><div class="battle-history">masters1991 withdrew Tapu Lele!<br></div><div class="battle-history">masters1991 sent out <strong>Heatran</strong>!<br></div><div class="spacer battle-history"><br></div><div class="battle-history">Jirachi used <strong>Iron Head</strong>!<br></div><div class="battle-history"><small>It's not very effective...</small><br></div><div class="battle-history"><small>(The opposing Heatran lost <abbr title="−31/323">9.6%</abbr> of its health!)</small><br></div><div class="spacer battle-history"><br></div><div class="battle-history"><small>The opposing Heatran restored a little HP using its Leftovers!</small><br></div><div class="spacer battle-history"><br></div><h2 class="battle-history">Turn 17</h2><div class="spacer battle-history"><br></div><div class="battle-history">Jirachi used <strong>Iron Head</strong>!<br></div><div class="battle-history"><small>It's not very effective...</small><br></div><div class="battle-history"><small>(The opposing Heatran lost <abbr title="−28/323">8.7%</abbr> of its health!)</small><br></div><div class="spacer battle-history"><br></div><div class="battle-history">The opposing Heatran flinched and couldn't move!<br></div><div class="spacer battle-history"><br></div><div class="battle-history"><small>The opposing Heatran restored a little HP using its Leftovers!</small><br></div><div class="spacer battle-history"><br></div><h2 class="battle-history">Turn 18</h2><div class="spacer battle-history"><br></div><div class="battle-history">Jirachi used <strong>Iron Head</strong>!<br></div><div class="battle-history"><small>It's not very effective...</small><br></div><div class="battle-history"><small>(The opposing Heatran lost <abbr title="−27/323">8.4%</abbr> of its health!)</small><br></div><div class="spacer battle-history"><br></div><div class="battle-history">The opposing Heatran flinched and couldn't move!<br></div><div class="spacer battle-history"><br></div><div class="battle-history"><small>The opposing Heatran restored a little HP using its Leftovers!</small><br></div><div class="spacer battle-history"><br></div><h2 class="battle-history">Turn 19</h2><div class="spacer battle-history"><br></div><div class="battle-history">The opposing Heatran used <strong>Protect</strong>!<br></div><div class="battle-history"><small>The opposing Heatran protected itself!</small><br></div><div class="spacer battle-history"><br></div><div class="battle-history">Jirachi used <strong>Iron Head</strong>!<br></div><div class="battle-history"><small>The opposing Heatran protected itself!</small><br></div><div class="spacer battle-history"><br></div><div class="battle-history"><small>The opposing Heatran restored a little HP using its Leftovers!</small><br></div><div class="battle-history"><small>The weirdness disappeared from the battlefield!</small><br></div><div class="spacer battle-history"><br></div><h2 class="battle-history">Turn 20</h2><div class="spacer battle-history"><br></div><div class="battle-history">Jirachi used <strong>Iron Head</strong>!<br></div><div class="battle-history"><small>It's not very effective...</small><br></div><div class="battle-history"><small>(The opposing Heatran lost <abbr title="−30/323">9.3%</abbr> of its health!)</small><br></div><div class="spacer battle-history"><br></div><div class="battle-history">The opposing Heatran flinched and couldn't move!<br></div><div class="spacer battle-history"><br></div><div class="battle-history"><small>The opposing Heatran restored a little HP using its Leftovers!</small><br></div><div class="spacer battle-history"><br></div><h2 class="battle-history">Turn 21</h2><div class="spacer battle-history"><br></div><div class="battle-history">The opposing Heatran used <strong>Protect</strong>!<br></div><div class="battle-history"><small>The opposing Heatran protected itself!</small><br></div><div class="spacer battle-history"><br></div><div class="battle-history">Jirachi used <strong>Iron Head</strong>!<br></div><div class="battle-history"><small>The opposing Heatran protected itself!</small><br></div><div class="spacer battle-history"><br></div><div class="battle-history"><small>The opposing Heatran restored a little HP using its Leftovers!</small><br></div><div class="spacer battle-history"><br></div><h2 class="battle-history">Turn 22</h2><div class="spacer battle-history"><br></div><div class="battle-history">Jirachi, come back!<br></div><div class="battle-history">Go! <strong>Heatran</strong>!<br></div><div class="battle-history"><small>Pointed stones dug into Heatran!</small><br></div><div class="spacer battle-history"><br></div><div class="battle-history">The opposing Heatran used <strong>Magma Storm</strong>!<br></div><div class="battle-history"><small>[Heatran's Flash Fire]</small><br><small>The power of Heatran's Fire-type moves rose!</small><br></div><div class="spacer battle-history"><br></div><div class="battle-history"><small>The opposing Heatran restored a little HP using its Leftovers!</small><br></div><div class="battle-history"><small>Heatran restored a little HP using its Leftovers!</small><br></div><div class="spacer battle-history"><br></div><h2 class="battle-history">Turn 23</h2><div class="spacer battle-history"><br></div><div class="battle-history">masters1991 withdrew Heatran!<br></div><div class="battle-history">masters1991 sent out <strong>Gliscor</strong>!<br></div><div class="spacer battle-history"><br></div><div class="battle-history">Heatran used <strong>Earth Power</strong>!<br></div><div class="battle-history"><small>It doesn't affect the opposing Gliscor...</small><br></div><div class="spacer battle-history"><br></div><div class="battle-history"><small>Heatran restored a little HP using its Leftovers!</small><br></div><div class="battle-history"><small>[The opposing Gliscor's Poison Heal]</small><br><small>The opposing Gliscor restored its HP.</small><br></div><div class="spacer battle-history"><br></div><h2 class="battle-history">Turn 24</h2><div class="spacer battle-history"><br></div><div class="battle-history">Heatran, come back!<br></div><div class="battle-history">Go! <strong>Zapdos</strong>!<br></div><div class="battle-history"><small>Pointed stones dug into Zapdos!</small><br></div><div class="spacer battle-history"><br></div><div class="battle-history">The opposing Gliscor used <strong>Swords Dance</strong>!<br></div><div class="battle-history"><small>The opposing Gliscor's Attack rose sharply!</small><br></div><div class="spacer battle-history"><br></div><div class="battle-history"><small>[The opposing Gliscor's Poison Heal]</small><br><small>The opposing Gliscor restored its HP.</small><br></div><div class="spacer battle-history"><br></div><h2 class="battle-history">Turn 25</h2><div class="spacer battle-history"><br></div><div class="battle-history">The opposing Gliscor used <strong>Acrobatics</strong>!<br></div><div class="battle-history"><small>It's not very effective...</small><br></div><div class="battle-history"><small>(Zapdos lost <abbr title="−54/384">14.1%</abbr> of its health!)</small><br></div><div class="battle-history"><small>The opposing Gliscor was hurt by the Rocky Helmet!</small><br></div><div class="spacer battle-history"><br></div><div class="battle-history">Zapdos used <strong>Defog</strong>!<br></div><div class="battle-history"><small>The opposing Gliscor's evasiveness fell!</small><br></div><div class="battle-history"><small>The pointed stones disappeared from around your team!</small><br></div><div class="spacer battle-history"><br></div><div class="battle-history"><small>[The opposing Gliscor's Poison Heal]</small><br><small>The opposing Gliscor restored its HP.</small><br></div><div class="spacer battle-history"><br></div><h2 class="battle-history">Turn 26</h2><div class="spacer battle-history"><br></div><div class="battle-history">The opposing Gliscor used <strong>Knock Off</strong>!<br></div><div class="battle-history"><small>(Zapdos lost <abbr title="−114/384">29.7%</abbr> of its health!)</small><br></div><div class="battle-history"><small>The opposing Gliscor was hurt by the Rocky Helmet!</small><br></div><div class="battle-history"><small>The opposing Gliscor knocked off Zapdos's Rocky Helmet!</small><br></div><div class="spacer battle-history"><br></div><div class="battle-history">Zapdos fainted!<br></div><div class="spacer battle-history"><br></div><div class="battle-history"><small>[The opposing Gliscor's Poison Heal]</small><br><small>The opposing Gliscor restored its HP.</small><br></div><div class="spacer battle-history"><br></div><div class="battle-history">Go! <strong>Greninja</strong>!<br></div><div class="spacer battle-history"><br></div><h2 class="battle-history">Turn 27</h2><div class="spacer battle-history"><br></div><div class="battle-history">masters1991 withdrew Gliscor!<br></div><div class="battle-history">masters1991 sent out <strong>Venusaur</strong>!<br></div><div class="spacer battle-history"><br></div><div class="battle-history">Greninja used <strong>Ice Beam</strong>!<br></div><div class="battle-history"><small>It's super effective!</small><br></div><div class="battle-history"><small>(The opposing Venusaur lost <abbr title="−252/301">83.7%</abbr> of its health!)</small><br></div><div class="battle-history"><small>Greninja lost some of its HP!</small><br></div><div class="spacer battle-history"><br></div><h2 class="battle-history">Turn 28</h2><div class="spacer battle-history"><br></div><div class="battle-history"><small>The opposing Venusaur's Venusaurite is reacting to the Key Stone!</small><br>The opposing Venusaur has Mega Evolved into Mega Venusaur!<br></div><div class="spacer battle-history"><br></div><div class="battle-history">Greninja used <strong>Ice Beam</strong>!<br></div><div class="battle-history"><small>It's super effective!</small><br></div><div class="battle-history"><small>(The opposing Venusaur lost <abbr title="−49/301">16.3%</abbr> of its health!)</small><br></div><div class="battle-history"><small>Greninja lost some of its HP!</small><br></div><div class="spacer battle-history"><br></div><div class="battle-history">The opposing Venusaur fainted!<br></div><div class="battle-history"><small>[Greninja's Battle Bond]</small><br><small>Greninja became fully charged due to its bond with its Trainer!</small><br></div><div class="battle-history">Greninja became Ash-Greninja!<br></div><div class="spacer battle-history"><br></div><div class="battle-history">masters1991 sent out <strong>Tapu Lele</strong>!<br></div><div class="battle-history"><small>[The opposing Tapu Lele's Psychic Surge]</small><br><small>The battlefield got weird!</small><br></div><div class="spacer battle-history"><br></div><h2 class="battle-history">Turn 29</h2><div class="spacer battle-history"><br></div><div class="battle-history">Greninja, come back!<br></div><div class="battle-history">Go! <strong>Jirachi</strong>!<br></div><div class="spacer battle-history"><br></div><div class="battle-history">The opposing Tapu Lele used <strong>Energy Ball</strong>!<br></div><div class="battle-history"><small>It's not very effective...</small><br></div><div class="battle-history"><small>(Jirachi lost <abbr title="−47/341">13.8%</abbr> of its health!)</small><br></div><div class="spacer battle-history"><br></div><h2 class="battle-history">Turn 30</h2><div class="spacer battle-history"><br></div><div class="battle-history">masters1991 withdrew Tapu Lele!<br></div><div class="battle-history">masters1991 sent out <strong>Electivire</strong>!<br></div><div class="spacer battle-history"><br></div><div class="battle-history">Jirachi used <strong>Iron Head</strong>!<br></div><div class="battle-history"><small>It's not very effective...</small><br></div><div class="battle-history"><small>(The opposing Electivire lost <abbr title="−50/294">17.0%</abbr> of its health!)</small><br></div><div class="spacer battle-history"><br></div><div class="battle-history">The opposing Electivire fainted!<br></div><div class="spacer battle-history"><br></div><div class="battle-history">masters1991 sent out <strong>Heatran</strong>!<br></div><div class="spacer battle-history"><br></div><h2 class="battle-history">Turn 31</h2><div class="spacer battle-history"><br></div><div class="battle-history">The opposing Heatran used <strong>Protect</strong>!<br></div><div class="battle-history"><small>The opposing Heatran protected itself!</small><br></div><div class="spacer battle-history"><br></div><div class="battle-history">Jirachi used <strong>Iron Head</strong>!<br></div><div class="battle-history"><small>The opposing Heatran protected itself!</small><br></div><div class="spacer battle-history"><br></div><div class="battle-history"><small>The opposing Heatran restored a little HP using its Leftovers!</small><br></div><div class="spacer battle-history"><br></div><h2 class="battle-history">Turn 32</h2><div class="spacer battle-history"><br></div><div class="battle-history">Jirachi, come back!<br></div><div class="battle-history">Go! Venusaur (<strong>Venusaur-Mega</strong>)!<br></div><div class="spacer battle-history"><br></div><div class="battle-history">The opposing Heatran used <strong>Magma Storm</strong>!<br></div><div class="battle-history"><small>It's super effective!</small><br></div><div class="battle-history"><small>(Venusaur lost <abbr title="−120/364">33.0%</abbr> of its health!)</small><br></div><div class="battle-history"><small>Venusaur became trapped by swirling magma!</small><br></div><div class="spacer battle-history"><br></div><div class="battle-history"><small>The opposing Heatran restored a little HP using its Leftovers!</small><br></div><div class="battle-history"><small>Venusaur is hurt by Magma Storm!</small><br></div><div class="spacer battle-history"><br></div><div class="battle-history">Venusaur fainted!<br></div><div class="spacer battle-history"><br></div><div class="battle-history">Go! Greninja (<strong>Greninja-Ash</strong>)!<br></div><div class="spacer battle-history"><br></div><h2 class="battle-history">Turn 33</h2><div class="spacer battle-history"><br></div><div class="battle-history">Greninja used <strong>Water Shuriken</strong>!<br></div><div class="battle-history"><small>The opposing Heatran surrounds itself with psychic terrain!</small><br></div><div class="spacer battle-history"><br></div><div class="battle-history">The opposing Heatran used <strong>Toxic</strong>!<br></div><div class="battle-history"><small>Greninja was badly poisoned!</small><br></div><div class="spacer battle-history"><br></div><div class="battle-history"><small>The opposing Heatran restored a little HP using its Leftovers!</small><br></div><div class="battle-history"><small>Greninja was hurt by poison!</small><br></div><div class="battle-history"><small>The weirdness disappeared from the battlefield!</small><br></div><div class="spacer battle-history"><br></div><h2 class="battle-history">Turn 34</h2><div class="spacer battle-history"><br></div><div class="battle-history">The opposing Heatran used <strong>Protect</strong>!<br></div><div class="battle-history"><small>The opposing Heatran protected itself!</small><br></div><div class="spacer battle-history"><br></div><div class="battle-history">Greninja used <strong>Hydro Pump</strong>!<br></div><div class="battle-history"><small>The opposing Heatran protected itself!</small><br></div><div class="spacer battle-history"><br></div><div class="battle-history"><small>The opposing Heatran restored a little HP using its Leftovers!</small><br></div><div class="battle-history"><small>Greninja was hurt by poison!</small><br></div><div class="spacer battle-history"><br></div><h2 class="battle-history">Turn 35</h2><div class="spacer battle-history"><br></div><div class="battle-history">masters1991 withdrew Heatran!<br></div><div class="battle-history">masters1991 sent out <strong>Tapu Lele</strong>!<br></div><div class="battle-history"><small>[The opposing Tapu Lele's Psychic Surge]</small><br><small>The battlefield got weird!</small><br></div><div class="spacer battle-history"><br></div><div class="battle-history">Greninja used <strong>Hydro Pump</strong>!<br></div><div class="battle-history"><small>(The opposing Tapu Lele lost <abbr title="−261/281">92.9%</abbr> of its health!)</small><br></div><div class="battle-history"><small>Greninja lost some of its HP!</small><br></div><div class="spacer battle-history"><br></div><div class="battle-history"><small>Greninja was hurt by poison!</small><br></div><div class="spacer battle-history"><br></div><h2 class="battle-history">Turn 36</h2><div class="spacer battle-history"><br></div><div class="battle-history">Greninja, come back!<br></div><div class="battle-history">Go! <strong>Jirachi</strong>!<br></div><div class="spacer battle-history"><br></div><div class="battle-history">The opposing Tapu Lele used <strong>Shadow Ball</strong>!<br></div><div class="battle-history"><small>It's super effective!</small><br></div><div class="battle-history"><small>(Jirachi lost <abbr title="−146/341">42.8%</abbr> of its health!)</small><br></div><div class="spacer battle-history"><br></div><h2 class="battle-history">Turn 37</h2><div class="spacer battle-history"><br></div><div class="battle-history">Jirachi used <strong>Heart Stamp</strong>!<br></div><div class="battle-history"><small>It's not very effective...</small><br></div><div class="battle-history"><small>(The opposing Tapu Lele lost <abbr title="−20/281">7.1%</abbr> of its health!)</small><br></div><div class="spacer battle-history"><br></div><div class="battle-history">The opposing Tapu Lele fainted!<br></div><div class="spacer battle-history"><br></div><div class="battle-history">masters1991 sent out <strong>Heatran</strong>!<br></div><div class="spacer battle-history"><br></div><h2 class="battle-history">Turn 38</h2><div class="spacer battle-history"><br></div><div class="battle-history">Jirachi used <strong>Heart Stamp</strong>!<br></div><div class="battle-history"><small>It's not very effective...</small><br></div><div class="battle-history"><small>(The opposing Heatran lost <abbr title="−59/323">18.3%</abbr> of its health!)</small><br></div><div class="spacer battle-history"><br></div><div class="battle-history">The opposing Heatran flinched and couldn't move!<br></div><div class="spacer battle-history"><br></div><div class="battle-history"><small>The opposing Heatran restored a little HP using its Leftovers!</small><br></div><div class="spacer battle-history"><br></div><h2 class="battle-history">Turn 39</h2><div class="spacer battle-history"><br></div><div class="battle-history">Jirachi used <strong>Heart Stamp</strong>!<br></div><div class="battle-history"><small>It's not very effective...</small><br></div><div class="battle-history"><small>(The opposing Heatran lost <abbr title="−61/323">18.9%</abbr> of its health!)</small><br></div><div class="spacer battle-history"><br></div><div class="battle-history">The opposing Heatran used <strong>Magma Storm</strong>!<br></div><div class="battle-history"><small>Jirachi avoided the attack!</small><br></div><div class="spacer battle-history"><br></div><div class="battle-history"><small>The opposing Heatran restored a little HP using its Leftovers!</small><br></div><div class="battle-history"><small>The weirdness disappeared from the battlefield!</small><br></div><div class="spacer battle-history"><br></div><h2 class="battle-history">Turn 40</h2><div class="spacer battle-history"><br></div><div class="battle-history">The opposing Heatran used <strong>Protect</strong>!<br></div><div class="battle-history"><small>The opposing Heatran protected itself!</small><br></div><div class="spacer battle-history"><br></div><div class="battle-history">Jirachi used <strong>Heart Stamp</strong>!<br></div><div class="battle-history"><small>The opposing Heatran protected itself!</small><br></div><div class="spacer battle-history"><br></div><div class="battle-history"><small>The opposing Heatran restored a little HP using its Leftovers!</small><br></div><div class="spacer battle-history"><br></div><h2 class="battle-history">Turn 41</h2><div class="spacer battle-history"><br></div><div class="battle-history">Jirachi used <strong>Heart Stamp</strong>!<br></div><div class="battle-history"><small>It's not very effective...</small><br></div><div class="battle-history"><small>(The opposing Heatran lost <abbr title="−41/323">12.7%</abbr> of its health!)</small><br></div><div class="spacer battle-history"><br></div><div class="battle-history">The opposing Heatran flinched and couldn't move!<br></div><div class="spacer battle-history"><br></div><div class="battle-history"><small>The opposing Heatran restored a little HP using its Leftovers!</small><br></div><div class="spacer battle-history"><br></div><h2 class="battle-history">Turn 42</h2><div class="spacer battle-history"><br></div><div class="battle-history">The opposing Heatran used <strong>Protect</strong>!<br></div><div class="battle-history"><small>The opposing Heatran protected itself!</small><br></div><div class="spacer battle-history"><br></div><div class="battle-history">Jirachi used <strong>Heart Stamp</strong>!<br></div><div class="battle-history"><small>The opposing Heatran protected itself!</small><br></div><div class="spacer battle-history"><br></div><div class="battle-history"><small>The opposing Heatran restored a little HP using its Leftovers!</small><br></div><div class="spacer battle-history"><br></div><h2 class="battle-history">Turn 43</h2><div class="spacer battle-history"><br></div><div class="battle-history">Jirachi used <strong>Heart Stamp</strong>!<br></div><div class="battle-history"><small>It's not very effective...</small><br></div><div class="battle-history"><small>(The opposing Heatran lost <abbr title="−43/323">13.3%</abbr> of its health!)</small><br></div><div class="spacer battle-history"><br></div><div class="battle-history">The opposing Heatran used <strong>Magma Storm</strong>!<br></div><div class="battle-history"><small>It's super effective!</small><br></div><div class="battle-history"><small>(Jirachi lost <abbr title="−78/341">22.9%</abbr> of its health!)</small><br></div><div class="spacer battle-history"><br></div><div class="battle-history">Jirachi fainted!<br></div><div class="spacer battle-history"><br></div><div class="battle-history"><small>The opposing Heatran restored a little HP using its Leftovers!</small><br></div><div class="spacer battle-history"><br></div><div class="battle-history">Go! Greninja (<strong>Greninja-Ash</strong>)!<br></div><div class="spacer battle-history"><br></div><h2 class="battle-history">Turn 44</h2><div class="spacer battle-history"><br></div><div class="battle-history">The opposing Heatran used <strong>Protect</strong>!<br></div><div class="battle-history"><small>The opposing Heatran protected itself!</small><br></div><div class="spacer battle-history"><br></div><div class="battle-history">Greninja used <strong>Dark Pulse</strong>!<br></div><div class="battle-history"><small>The opposing Heatran protected itself!</small><br></div><div class="spacer battle-history"><br></div><div class="battle-history"><small>The opposing Heatran restored a little HP using its Leftovers!</small><br></div><div class="battle-history"><small>Greninja was hurt by poison!</small><br></div><div class="spacer battle-history"><br></div><h2 class="battle-history">Turn 45</h2><div class="spacer battle-history"><br></div><div class="battle-history">Greninja used <strong>Dark Pulse</strong>!<br></div><div class="battle-history"><small>(The opposing Heatran lost <abbr title="−91/323">28.2%</abbr> of its health!)</small><br></div><div class="battle-history"><small>Greninja lost some of its HP!</small><br></div><div class="spacer battle-history"><br></div><div class="battle-history">The opposing Heatran fainted!<br></div><div class="spacer battle-history"><br></div><div class="battle-history"><small>Greninja was hurt by poison!</small><br></div><div class="spacer battle-history"><br></div><div class="battle-history">masters1991 sent out <strong>Gliscor</strong>!<br></div><div class="spacer battle-history"><br></div><h2 class="battle-history">Turn 46</h2><div class="spacer battle-history"><br></div><div class="battle-history">Greninja used <strong>Ice Beam</strong>!<br></div><div class="battle-history"><small>It's super effective!</small><br></div><div class="battle-history"><small>(The opposing Gliscor lost <abbr title="−267/291">91.8%</abbr> of its health!)</small><br></div><div class="battle-history"><small>Greninja lost some of its HP!</small><br></div><div class="spacer battle-history"><br></div><div class="battle-history">The opposing Gliscor fainted!<br></div><div class="battle-history">Greninja fainted!<br></div><div class="spacer battle-history"><br></div><div class="battle-history"><strong>Quimera01</strong> won the battle!<br></div></div><div class="inner-preempt"></div></div></div>
</div>
<script>
let daily = Math.floor(Date.now()/1000/60/60/24);document.write('<script src="https://play.pokemonshowdown.com/js/replay-embed.js?version'+daily+'"></'+'script>');
</script>
