<!DOCTYPE html>
<meta charset="utf-8" />
<!-- version 1 -->
<title>OU replay: robtrainer vs. zoxel19</title>
<style>
html,body {font-family:Verdana, sans-serif;font-size:10pt;margin:0;padding:0;}body{padding:12px 0;} .battle-log {font-family:Verdana, sans-serif;font-size:10pt;} .battle-log-inline {border:1px solid #AAAAAA;background:#EEF2F5;color:black;max-width:640px;margin:0 auto 80px;padding-bottom:5px;} .battle-log .inner {padding:4px 8px 0px 8px;} .battle-log .inner-preempt {padding:0 8px 4px 8px;} .battle-log .inner-after {margin-top:0.5em;} .battle-log h2 {margin:0.5em -8px;padding:4px 8px;border:1px solid #AAAAAA;background:#E0E7EA;border-left:0;border-right:0;font-family:Verdana, sans-serif;font-size:13pt;} .battle-log .chat {vertical-align:middle;padding:3px 0 3px 0;font-size:8pt;} .battle-log .chat strong {color:#40576A;} .battle-log .chat em {padding:1px 4px 1px 3px;color:#000000;font-style:normal;} .chat.mine {background:rgba(0,0,0,0.05);margin-left:-8px;margin-right:-8px;padding-left:8px;padding-right:8px;} .spoiler {color:#BBBBBB;background:#BBBBBB;padding:0px 3px;} .spoiler:hover, .spoiler:active, .spoiler-shown {color:#000000;background:#E2E2E2;padding:0px 3px;} .spoiler a {color:#BBBBBB;} .spoiler:hover a, .spoiler:active a, .spoiler-shown a {color:#2288CC;} .chat code, .chat .spoiler:hover code, .chat .spoiler:active code, .chat .spoiler-shown code {border:1px solid #C0C0C0;background:#EEEEEE;color:black;padding:0 2px;} .chat .spoiler code {border:1px solid #CCCCCC;background:#CCCCCC;color:#CCCCCC;} .battle-log .rated {padding:3px 4px;} .battle-log .rated strong {color:white;background:#89A;padding:1px 4px;border-radius:4px;} .spacer {margin-top:0.5em;} .message-announce {background:#6688AA;color:white;padding:1px 4px 2px;} .message-announce a, .broadcast-green a, .broadcast-blue a, .broadcast-red a {color:#DDEEFF;} .broadcast-green {background-color:#559955;color:white;padding:2px 4px;} .broadcast-blue {background-color:#6688AA;color:white;padding:2px 4px;} .infobox {border:1px solid #6688AA;padding:2px 4px;} .infobox-limited {max-height:200px;overflow:auto;overflow-x:hidden;} .broadcast-red {background-color:#AA5544;color:white;padding:2px 4px;} .message-learn-canlearn {font-weight:bold;color:#228822;text-decoration:underline;} .message-learn-cannotlearn {font-weight:bold;color:#CC2222;text-decoration:underline;} .message-effect-weak {font-weight:bold;color:#CC2222;} .message-effect-resist {font-weight:bold;color:#6688AA;} .message-effect-immune {font-weight:bold;color:#666666;} .message-learn-list {margin-top:0;margin-bottom:0;} .message-throttle-notice, .message-error {color:#992222;} .message-overflow, .chat small.message-overflow {font-size:0pt;} .message-overflow::before {font-size:9pt;content:'...';} .subtle {color:#3A4A66;}
</style>
<div class="wrapper replay-wrapper" style="max-width:1180px;margin:0 auto">
<input type="hidden" name="replayid" value="destiny-ou-476517" />
<div class="battle"></div><div class="battle-log"></div><div class="replay-controls"></div><div class="replay-controls-2"></div>
<h1 style="font-weight:normal;text-align:center"><strong>OU</strong><br /><a href="http://pokemonshowdown.com/users/robtrainer" class="subtle" target="_blank">robtrainer</a> vs. <a href="http://pokemonshowdown.com/users/zoxel19" class="subtle" target="_blank">zoxel19</a></h1>
<script type="text/plain" class="battle-log-data">|player|p1|robtrainer|274
|teamsize|p1|6
|player|p2|zoxel19|1
|teamsize|p2|6
|teamsize|p1|6
|teamsize|p2|6
|gametype|singles
|gen|7
|tier|OU
|rated
|seed|1862,19148,7085,43353
|rule|Cláusula-Mod de Dormir: solo puedes dormir a uno de tus oponentes a la vez.
|rule|Cláusula de Especie: Hasta un Pokémon de cada especie
|rule|Cláusula de Golpe Fulminante: los movimientos fulminantes (OHKO) estan prohibidos
|rule|Cláusula de Veleta: la habilidad Veleta está prohibida
|rule|Cláusula de Movimientos Evasivos: los movimientos de Evasión están prohibidos.
|rule|Cláusula de Batallas Eternas: forzar batallas eternas está prohibido
|clearpoke
|poke|p1|Dragonite, M|item
|poke|p1|Ninetales, F|item
|poke|p1|Arcanine, F|item
|poke|p1|Alakazam, M|item
|poke|p1|Nidoking, M|item
|poke|p1|Snorlax, F|item
|poke|p2|Chansey, F|item
|poke|p2|Zapdos|item
|poke|p2|Heatran, F|item
|poke|p2|Tapu Fini|item
|poke|p2|Scizor, F|item
|poke|p2|Zygarde|item
|teampreview|undefined
|choice|*team 213456|*
|inactive|Reloj de batalla ENCENDIDO. El jugador inactivo será descalificado (solicitado por robtrainer).
|choice|*|*team 623451
|choice|team 2, 1, 3, 4, 5, 6|team 6, 2, 3, 4, 5, 1
|
|start
|switch|p1a: Ninetales|Ninetales, F|287\/287
|switch|p2a: Zygarde|Zygarde|357\/357
|-weather|SunnyDay|[from] ability: Drought|[of] p1a: Ninetales
|-ability|p2a: Zygarde|Aura Break
|turn|1
|choice|*|*move 4
|choice|*move 1|*
|choice|move solarbeam|move substitute
|
|move|p1a: Ninetales|Solar Beam|p2a: Zygarde|[still]
|-prepare|p1a: Ninetales|Solar Beam|p2a: Zygarde
|-anim|p1a: Ninetales|Solar Beam|p2a: Zygarde
|-damage|p2a: Zygarde|255\/357
|move|p2a: Zygarde|Substitute|p2a: Zygarde
|-start|p2a: Zygarde|Substitute
|-damage|p2a: Zygarde|166\/357
|
|-weather|SunnyDay|[upkeep]
|-heal|p2a: Zygarde|188\/357|[from] item: Leftovers
|upkeep
|turn|2
|choice|*move 1|*
|choice|*|*move 1
|choice|move solarbeam|move dragondance
|
|move|p1a: Ninetales|Solar Beam|p2a: Zygarde|[still]
|-prepare|p1a: Ninetales|Solar Beam|p2a: Zygarde
|-anim|p1a: Ninetales|Solar Beam|p2a: Zygarde
|-end|p2a: Zygarde|Substitute
|move|p2a: Zygarde|Dragon Dance|p2a: Zygarde
|-boost|p2a: Zygarde|atk|1
|-boost|p2a: Zygarde|spe|1
|
|-weather|SunnyDay|[upkeep]
|-heal|p2a: Zygarde|210\/357|[from] item: Leftovers
|upkeep
|turn|3
|choice|*move 1|*
|choice|*|*move 3
|choice|move solarbeam|move thousandarrows
|
|move|p2a: Zygarde|Thousand Arrows|p1a: Ninetales
|-supereffective|p1a: Ninetales
|-damage|p1a: Ninetales|0 fnt
|faint|p1a: Ninetales
|
|-weather|SunnyDay|[upkeep]
|-heal|p2a: Zygarde|232\/357|[from] item: Leftovers
|upkeep
|choice|*switch 5|*
|choice|switch 5|
|
|switch|p1a: Nidoking|Nidoking, M|304\/304
|turn|4
|choice|*move 2|*
|choice|*|*move 4
|choice|move icebeam|move substitute
|
|move|p2a: Zygarde|Substitute|p2a: Zygarde
|-start|p2a: Zygarde|Substitute
|-damage|p2a: Zygarde|143\/357
|move|p1a: Nidoking|Ice Beam|p2a: Zygarde
|-supereffective|p2a: Zygarde
|-end|p2a: Zygarde|Substitute
|
|-weather|SunnyDay|[upkeep]
|-heal|p2a: Zygarde|165\/357|[from] item: Leftovers
|upkeep
|turn|5
|choice|*switch 3|*
|choice|*|*move 3
|choice|switch 3|move thousandarrows
|
|switch|p1a: Arcanine|Arcanine, F|384\/384
|-ability|p1a: Arcanine|Intimidate|boost
|-unboost|p2a: Zygarde|atk|1
|move|p2a: Zygarde|Thousand Arrows|p1a: Arcanine
|-supereffective|p1a: Arcanine
|-damage|p1a: Arcanine|34\/384
|
|-weather|SunnyDay|[upkeep]
|-heal|p2a: Zygarde|187\/357|[from] item: Leftovers
|upkeep
|turn|6
|choice|*|*move 4
|choice|*move 3|*
|choice|move extremespeed|move substitute
|
|move|p1a: Arcanine|Extreme Speed|p2a: Zygarde
|-damage|p2a: Zygarde|109\/357
|move|p2a: Zygarde|Substitute|p2a: Zygarde
|-start|p2a: Zygarde|Substitute
|-damage|p2a: Zygarde|20\/357
|
|-weather|SunnyDay|[upkeep]
|-heal|p2a: Zygarde|42\/357|[from] item: Leftovers
|upkeep
|turn|7
|choice|*move 3|*
|choice|*|*move 3
|choice|move extremespeed|move thousandarrows
|
|move|p1a: Arcanine|Extreme Speed|p2a: Zygarde
|-activate|p2a: Zygarde|move: Substitute|[damage]
|move|p2a: Zygarde|Thousand Arrows|p1a: Arcanine
|-supereffective|p1a: Arcanine
|-damage|p1a: Arcanine|0 fnt
|faint|p1a: Arcanine
|
|-weather|SunnyDay|[upkeep]
|-heal|p2a: Zygarde|64\/357|[from] item: Leftovers
|upkeep
|choice|*switch 2|*
|choice|switch 2|
|
|switch|p1a: Dragonite|Dragonite, M|324\/324
|turn|8
|choice|*move 2|*
|choice|*|*move 2
|choice|move dragonclaw|move coil
|
|move|p2a: Zygarde|Coil|p2a: Zygarde
|-boost|p2a: Zygarde|atk|1
|-boost|p2a: Zygarde|def|1
|-boost|p2a: Zygarde|accuracy|1
|move|p1a: Dragonite|Dragon Claw|p2a: Zygarde
|-supereffective|p2a: Zygarde
|-end|p2a: Zygarde|Substitute
|
|-weather|none
|-heal|p2a: Zygarde|86\/357|[from] item: Leftovers
|upkeep
|turn|9
|choice|*move 2|*
|choice|*|*move 3
|choice|move dragonclaw|move thousandarrows
|
|move|p2a: Zygarde|Thousand Arrows|p1a: Dragonite
|-damage|p1a: Dragonite|204\/324
|-start|p1a: Dragonite|Smack Down
|move|p1a: Dragonite|Dragon Claw|p2a: Zygarde
|-supereffective|p2a: Zygarde
|-damage|p2a: Zygarde|0 fnt
|faint|p2a: Zygarde
|
|upkeep
|inactive|zoxel19 tiene 135 segundos restantes.
|choice|*|*switch 2
|choice||switch 2
|
|switch|p2a: Zapdos|Zapdos|321\/321
|turn|10
|choice|*switch 3|*
|choice|*|*move 3
|choice|switch 3|move substitute
|
|switch|p1a: Nidoking|Nidoking, M|304\/304
|move|p2a: Zapdos|Substitute|p2a: Zapdos
|-start|p2a: Zapdos|Substitute
|-damage|p2a: Zapdos|241\/321
|
|-heal|p2a: Zapdos|261\/321|[from] item: Leftovers
|upkeep
|turn|11
|choice|*move 2|*
|choice|*|*move 2
|choice|move icebeam|move heatwave
|
|move|p2a: Zapdos|Heat Wave|p1a: Nidoking
|-damage|p1a: Nidoking|153\/304
|move|p1a: Nidoking|Ice Beam|p2a: Zapdos
|-supereffective|p2a: Zapdos
|-end|p2a: Zapdos|Substitute
|
|-heal|p2a: Zapdos|281\/321|[from] item: Leftovers
|upkeep
|turn|12
|choice|*move 2|*
|choice|*|*move 2
|choice|move icebeam|move heatwave
|
|move|p2a: Zapdos|Heat Wave|p1a: Nidoking
|-damage|p1a: Nidoking|9\/304
|move|p1a: Nidoking|Ice Beam|p2a: Zapdos
|-supereffective|p2a: Zapdos
|-damage|p2a: Zapdos|0 fnt
|faint|p2a: Zapdos
|
|upkeep
|choice|*|*switch 3
|choice||switch 3
|
|switch|p2a: Heatran|Heatran, F|386\/386
|turn|13
|choice|*|*move 1
|choice|*move 4|*
|choice|move earthpower|move lavaplume
|
|move|p1a: Nidoking|Earth Power|p2a: Heatran
|-supereffective|p2a: Heatran
|-damage|p2a: Heatran|0 fnt
|faint|p2a: Heatran
|
|upkeep
|choice|*|*switch 6
|choice||switch 6
|
|switch|p2a: Chansey|Chansey, F|703\/703
|turn|14
|choice|*|*move 2
|choice|*move 3|*
|choice|move sludgewave|move seismictoss
|
|move|p1a: Nidoking|Sludge Wave|p2a: Chansey
|-damage|p2a: Chansey|547\/703
|move|p2a: Chansey|Seismic Toss|p1a: Nidoking
|-damage|p1a: Nidoking|0 fnt
|faint|p1a: Nidoking
|
|upkeep
|choice|*switch 6|*
|choice|switch 6|
|
|switch|p1a: Snorlax|Snorlax, F|524\/524
|turn|15
|choice|*|*move 4
|choice|*move 2|*
|choice|move bodyslam|move toxic
|
|move|p2a: Chansey|Toxic|p1a: Snorlax
|-status|p1a: Snorlax|tox
|move|p1a: Snorlax|Body Slam|p2a: Chansey
|-damage|p2a: Chansey|339\/703
|
|-damage|p1a: Snorlax|492\/524 tox|[from] psn
|upkeep
|turn|16
|choice|*move 4|*
|choice|*|*move 1
|choice|move superpower|move softboiled
|
|move|p2a: Chansey|Soft-Boiled|p2a: Chansey
|-heal|p2a: Chansey|691\/703
|move|p1a: Snorlax|Superpower|p2a: Chansey
|-supereffective|p2a: Chansey
|-damage|p2a: Chansey|319\/703
|-unboost|p1a: Snorlax|atk|1
|-unboost|p1a: Snorlax|def|1
|
|-damage|p1a: Snorlax|428\/524 tox|[from] psn
|upkeep
|turn|17
|choice|*switch 3|*
|choice|*|*move 1
|choice|switch 3|move softboiled
|
|switch|p1a: Dragonite|Dragonite, M|204\/324
|move|p2a: Chansey|Soft-Boiled|p2a: Chansey
|-heal|p2a: Chansey|671\/703
|
|upkeep
|turn|18
|choice|*move 1|*
|choice|*|*move 4
|choice|move dragondance|move toxic
|
|move|p1a: Dragonite|Dragon Dance|p1a: Dragonite
|-boost|p1a: Dragonite|atk|1
|-boost|p1a: Dragonite|spe|1
|move|p2a: Chansey|Toxic|p1a: Dragonite
|-status|p1a: Dragonite|tox
|-enditem|p1a: Dragonite|Lum Berry|[eat]
|-curestatus|p1a: Dragonite|tox|[msg]
|
|upkeep
|turn|19
|choice|*move 2|*
|choice|*|*move 2
|choice|move dragonclaw|move seismictoss
|
|move|p1a: Dragonite|Dragon Claw|p2a: Chansey
|-damage|p2a: Chansey|365\/703
|move|p2a: Chansey|Seismic Toss|p1a: Dragonite
|-damage|p1a: Dragonite|104\/324
|
|upkeep
|turn|20
|choice|*move 2|*
|inactive|zoxel19 tiene 135 segundos restantes.
|inactive|zoxel19 tiene 120 segundos restantes.
|inactive|zoxel19 tiene 105 segundos restantes.
|choice|*|*move 1
|choice|move dragonclaw|move softboiled
|
|move|p1a: Dragonite|Dragon Claw|p2a: Chansey
|-damage|p2a: Chansey|52\/703
|move|p2a: Chansey|Soft-Boiled|p2a: Chansey
|-heal|p2a: Chansey|404\/703
|
|upkeep
|turn|21
|choice|*move 1|*
|choice|*|*move 1
|choice|move dragondance|move softboiled
|
|move|p1a: Dragonite|Dragon Dance|p1a: Dragonite
|-boost|p1a: Dragonite|atk|1
|-boost|p1a: Dragonite|spe|1
|move|p2a: Chansey|Soft-Boiled|p2a: Chansey
|-heal|p2a: Chansey|703\/703
|
|upkeep
|turn|22
|choice|*move 2|*
|choice|*|*move 4
|choice|move dragonclaw|move toxic
|
|move|p1a: Dragonite|Dragon Claw|p2a: Chansey
|-damage|p2a: Chansey|300\/703
|move|p2a: Chansey|Toxic|p1a: Dragonite
|-status|p1a: Dragonite|tox
|
|-damage|p1a: Dragonite|84\/324 tox|[from] psn
|upkeep
|turn|23
|choice|*move 2|*
|choice|*|*switch 4
|choice|move dragonclaw|switch 4
|
|switch|p2a: Tapu Fini|Tapu Fini|344\/344
|-fieldstart|move: Misty Terrain|[from] ability: Misty Surge|[of] p2a: Tapu Fini
|move|p1a: Dragonite|Dragon Claw|p2a: Tapu Fini
|-immune|p2a: Tapu Fini|[msg]
|
|-damage|p1a: Dragonite|44\/324 tox|[from] psn
|upkeep
|turn|24
|choice|*move 4|*
|choice|*|*move 1
|choice|move earthquake|move scald
|
|move|p1a: Dragonite|Earthquake|p2a: Tapu Fini
|-damage|p2a: Tapu Fini|106\/344
|move|p2a: Tapu Fini|Scald|p1a: Dragonite
|-resisted|p1a: Dragonite
|-damage|p1a: Dragonite|0 fnt
|faint|p1a: Dragonite
|
|-heal|p2a: Tapu Fini|127\/344|[from] item: Leftovers
|upkeep
|choice|*switch 4|*
|choice|switch 4|
|
|switch|p1a: Alakazam|Alakazam, M|251\/251
|turn|25
|choice|*move 4 mega|*
|choice|*|*switch 5
|choice|move substitute mega|switch 5
|
|switch|p2a: Scizor|Scizor, F|281\/281
|-mega|p1a: Alakazam|Alakazam|Alakazite
|detailschange|p1a: Alakazam|Alakazam-Mega, M
|-ability|p1a: Alakazam|Technician|[from] ability: Trace|[of] p2a: Scizor
|move|p1a: Alakazam|Substitute|p1a: Alakazam
|-start|p1a: Alakazam|Substitute
|-damage|p1a: Alakazam|189\/251
|
|upkeep
|turn|26
|choice|*move 2|*
|choice|*|*move 2 mega
|choice|move shadowball|move bulletpunch mega
|
|-mega|p2a: Scizor|Scizor|Scizorite
|detailschange|p2a: Scizor|Scizor-Mega, F
|move|p2a: Scizor|Bullet Punch|p1a: Alakazam
|-end|p1a: Alakazam|Substitute
|move|p1a: Alakazam|Shadow Ball|p2a: Scizor
|-damage|p2a: Scizor|171\/281
|
|upkeep
|turn|27
|choice|*move 2|*
|choice|*|*move 4
|choice|move shadowball|move pursuit
|
|move|p1a: Alakazam|Shadow Ball|p2a: Scizor
|-damage|p2a: Scizor|46\/281
|-unboost|p2a: Scizor|spd|1
|move|p2a: Scizor|Pursuit|p1a: Alakazam
|-supereffective|p1a: Alakazam
|-damage|p1a: Alakazam|0 fnt
|faint|p1a: Alakazam
|
|-fieldend|Misty Terrain
|upkeep
|choice|*switch 3|*
|choice|switch 3|
|
|switch|p1a: Snorlax|Snorlax, F|428\/524 tox
|turn|28
|choice|*move 2|*
|choice|*|*move 3
|choice|move bodyslam|move roost
|
|move|p2a: Scizor|Roost|p2a: Scizor
|-heal|p2a: Scizor|187\/281
|move|p1a: Snorlax|Body Slam|p2a: Scizor
|-resisted|p2a: Scizor
|-damage|p2a: Scizor|132\/281
|
|-damage|p1a: Snorlax|396\/524 tox|[from] psn
|upkeep
|turn|29
|choice|*move 2|*
|choice|*|*move 3
|choice|move bodyslam|move roost
|
|move|p2a: Scizor|Roost|p2a: Scizor
|-heal|p2a: Scizor|273\/281
|move|p1a: Snorlax|Body Slam|p2a: Scizor
|-resisted|p2a: Scizor
|-damage|p2a: Scizor|218\/281
|
|-damage|p1a: Snorlax|332\/524 tox|[from] psn
|upkeep
|turn|30
|-message|robtrainer se rindió.
|
|win|zoxel19
zoxel19 ha ganado 5.5 PokeDolares.
|raw|Puntaje de robtrainer: 1203 &rarr; <strong>1171<\/strong><br \/>(-32 por perder)
|raw|Puntaje de zoxel19: 1109 &rarr; <strong>1152<\/strong><br \/>(+43 por ganar)
</script>
</div>
<div class="battle-log battle-log-inline"><div class="inner"><div class="battle-options"></div><div class="inner"><div class=""><small>Format:</small> <br><strong>OU</strong></div><div class="rated"><strong>Rated battle</strong></div><div class=""><small><em>Cláusula-Mod de Dormir:</em> solo puedes dormir a uno de tus oponentes a la vez.</small></div><div class=""><small><em>Cláusula de Especie:</em> Hasta un Pokémon de cada especie</small></div><div class=""><small><em>Cláusula de Golpe Fulminante:</em> los movimientos fulminantes (OHKO) estan prohibidos</small></div><div class=""><small><em>Cláusula de Veleta:</em> la habilidad Veleta está prohibida</small></div><div class=""><small><em>Cláusula de Movimientos Evasivos:</em> los movimientos de Evasión están prohibidos.</small></div><div class=""><small><em>Cláusula de Batallas Eternas:</em> forzar batallas eternas está prohibido</small></div><div class="chat battle-history"><strong>robtrainer's team:</strong> <em style="color:#445566;display:block;">Dragonite / Ninetales / Arcanine / Alakazam / Nidoking / Snorlax</em></div><div class="chat battle-history"><strong>zoxel19's team:</strong> <em style="color:#445566;display:block;">Chansey / Zapdos / Heatran / Tapu Fini / Scizor / Zygarde</em></div><div class="chat message-error">Reloj de batalla ENCENDIDO. El jugador inactivo será descalificado (solicitado por robtrainer).</div><div class="spacer battle-history"><br></div><div class="battle-history">Battle started between robtrainer and zoxel19!<br></div><div class="spacer battle-history"><br></div><div class="battle-history">Go! <strong>Ninetales</strong>!<br></div><div class="spacer battle-history"><br></div><div class="battle-history">zoxel19 sent out <strong>Zygarde</strong>!<br></div><div class="battle-history"><small>[Ninetales's Drought]</small><br><small>The sunlight turned harsh!</small><br></div><div class="battle-history"><small>[The opposing Zygarde's Aura Break]</small><br><small>The opposing Zygarde reversed all other Pokémon's auras!</small><br></div><div class="spacer battle-history"><br></div><h2 class="battle-history">Turn 1</h2><div class="spacer battle-history"><br></div><div class="battle-history">Ninetales used <strong>Solar Beam</strong>!<br></div><div class="battle-history"><small>Ninetales absorbed light!</small><br></div><div class="battle-history"><small>(The opposing Zygarde lost <abbr title="−102/357">28.6%</abbr> of its health!)</small><br></div><div class="spacer battle-history"><br></div><div class="battle-history">The opposing Zygarde used <strong>Substitute</strong>!<br></div><div class="battle-history"><small>The opposing Zygarde put in a substitute!</small><br></div><div class="battle-history"><small>(The opposing Zygarde lost <abbr title="−89/357">24.9%</abbr> of its health!)</small><br></div><div class="spacer battle-history"><br></div><div class="battle-history"><small>(The sunlight is strong!)</small><br></div><div class="battle-history"><small>The opposing Zygarde restored a little HP using its Leftovers!</small><br></div><div class="spacer battle-history"><br></div><h2 class="battle-history">Turn 2</h2><div class="spacer battle-history"><br></div><div class="battle-history">Ninetales used <strong>Solar Beam</strong>!<br></div><div class="battle-history"><small>Ninetales absorbed light!</small><br></div><div class="battle-history"><small>The opposing Zygarde's substitute faded!</small><br></div><div class="spacer battle-history"><br></div><div class="battle-history">The opposing Zygarde used <strong>Dragon Dance</strong>!<br></div><div class="battle-history"><small>The opposing Zygarde's Attack rose!</small><br></div><div class="battle-history"><small>The opposing Zygarde's Speed rose!</small><br></div><div class="spacer battle-history"><br></div><div class="battle-history"><small>(The sunlight is strong!)</small><br></div><div class="battle-history"><small>The opposing Zygarde restored a little HP using its Leftovers!</small><br></div><div class="spacer battle-history"><br></div><h2 class="battle-history">Turn 3</h2><div class="spacer battle-history"><br></div><div class="battle-history">The opposing Zygarde used <strong>Thousand Arrows</strong>!<br></div><div class="battle-history"><small>It's super effective!</small><br></div><div class="battle-history"><small>(Ninetales lost <abbr title="−287/287">100%</abbr> of its health!)</small><br></div><div class="spacer battle-history"><br></div><div class="battle-history">Ninetales fainted!<br></div><div class="spacer battle-history"><br></div><div class="battle-history"><small>(The sunlight is strong!)</small><br></div><div class="battle-history"><small>The opposing Zygarde restored a little HP using its Leftovers!</small><br></div><div class="spacer battle-history"><br></div><div class="battle-history">Go! <strong>Nidoking</strong>!<br></div><div class="spacer battle-history"><br></div><h2 class="battle-history">Turn 4</h2><div class="spacer battle-history"><br></div><div class="battle-history">The opposing Zygarde used <strong>Substitute</strong>!<br></div><div class="battle-history"><small>The opposing Zygarde put in a substitute!</small><br></div><div class="battle-history"><small>(The opposing Zygarde lost <abbr title="−89/357">24.9%</abbr> of its health!)</small><br></div><div class="spacer battle-history"><br></div><div class="battle-history">Nidoking used <strong>Ice Beam</strong>!<br></div><div class="battle-history"><small>It's super effective!</small><br></div><div class="battle-history"><small>The opposing Zygarde's substitute faded!</small><br></div><div class="spacer battle-history"><br></div><div class="battle-history"><small>(The sunlight is strong!)</small><br></div><div class="battle-history"><small>The opposing Zygarde restored a little HP using its Leftovers!</small><br></div><div class="spacer battle-history"><br></div><h2 class="battle-history">Turn 5</h2><div class="spacer battle-history"><br></div><div class="battle-history">Nidoking, come back!<br></div><div class="battle-history">Go! <strong>Arcanine</strong>!<br></div><div class="battle-history"><small>[Arcanine's Intimidate]</small><br></div><div class="battle-history"><small>The opposing Zygarde's Attack fell!</small><br></div><div class="spacer battle-history"><br></div><div class="battle-history">The opposing Zygarde used <strong>Thousand Arrows</strong>!<br></div><div class="battle-history"><small>It's super effective!</small><br></div><div class="battle-history"><small>(Arcanine lost <abbr title="−350/384">91.1%</abbr> of its health!)</small><br></div><div class="spacer battle-history"><br></div><div class="battle-history"><small>(The sunlight is strong!)</small><br></div><div class="battle-history"><small>The opposing Zygarde restored a little HP using its Leftovers!</small><br></div><div class="spacer battle-history"><br></div><h2 class="battle-history">Turn 6</h2><div class="spacer battle-history"><br></div><div class="battle-history">Arcanine used <strong>Extreme Speed</strong>!<br></div><div class="battle-history"><small>(The opposing Zygarde lost <abbr title="−78/357">21.8%</abbr> of its health!)</small><br></div><div class="spacer battle-history"><br></div><div class="battle-history">The opposing Zygarde used <strong>Substitute</strong>!<br></div><div class="battle-history"><small>The opposing Zygarde put in a substitute!</small><br></div><div class="battle-history"><small>(The opposing Zygarde lost <abbr title="−89/357">24.9%</abbr> of its health!)</small><br></div><div class="spacer battle-history"><br></div><div class="battle-history"><small>(The sunlight is strong!)</small><br></div><div class="battle-history"><small>The opposing Zygarde restored a little HP using its Leftovers!</small><br></div><div class="spacer battle-history"><br></div><h2 class="battle-history">Turn 7</h2><div class="spacer battle-history"><br></div><div class="battle-history">Arcanine used <strong>Extreme Speed</strong>!<br></div><div class="battle-history"><small>The substitute took damage for the opposing Zygarde!</small><br></div><div class="spacer battle-history"><br></div><div class="battle-history">The opposing Zygarde used <strong>Thousand Arrows</strong>!<br></div><div class="battle-history"><small>It's super effective!</small><br></div><div class="battle-history"><small>(Arcanine lost <abbr title="−34/384">8.9%</abbr> of its health!)</small><br></div><div class="spacer battle-history"><br></div><div class="battle-history">Arcanine fainted!<br></div><div class="spacer battle-history"><br></div><div class="battle-history"><small>(The sunlight is strong!)</small><br></div><div class="battle-history"><small>The opposing Zygarde restored a little HP using its Leftovers!</small><br></div><div class="spacer battle-history"><br></div><div class="battle-history">Go! <strong>Dragonite</strong>!<br></div><div class="spacer battle-history"><br></div><h2 class="battle-history">Turn 8</h2><div class="spacer battle-history"><br></div><div class="battle-history">The opposing Zygarde used <strong>Coil</strong>!<br></div><div class="battle-history"><small>The opposing Zygarde's Attack rose!</small><br></div><div class="battle-history"><small>The opposing Zygarde's Defense rose!</small><br></div><div class="battle-history"><small>The opposing Zygarde's accuracy rose!</small><br></div><div class="spacer battle-history"><br></div><div class="battle-history">Dragonite used <strong>Dragon Claw</strong>!<br></div><div class="battle-history"><small>It's super effective!</small><br></div><div class="battle-history"><small>The opposing Zygarde's substitute faded!</small><br></div><div class="spacer battle-history"><br></div><div class="battle-history"><small>The sunlight faded.</small><br></div><div class="battle-history"><small>The opposing Zygarde restored a little HP using its Leftovers!</small><br></div><div class="spacer battle-history"><br></div><h2 class="battle-history">Turn 9</h2><div class="spacer battle-history"><br></div><div class="battle-history">The opposing Zygarde used <strong>Thousand Arrows</strong>!<br></div><div class="battle-history"><small>(Dragonite lost <abbr title="−120/324">37.0%</abbr> of its health!)</small><br></div><div class="battle-history"><small>Dragonite fell straight down!</small><br></div><div class="spacer battle-history"><br></div><div class="battle-history">Dragonite used <strong>Dragon Claw</strong>!<br></div><div class="battle-history"><small>It's super effective!</small><br></div><div class="battle-history"><small>(The opposing Zygarde lost <abbr title="−86/357">24.1%</abbr> of its health!)</small><br></div><div class="spacer battle-history"><br></div><div class="battle-history">The opposing Zygarde fainted!<br></div><div class="chat message-error">zoxel19 tiene 135 segundos restantes.</div><div class="spacer battle-history"><br></div><div class="battle-history">zoxel19 sent out <strong>Zapdos</strong>!<br></div><div class="spacer battle-history"><br></div><h2 class="battle-history">Turn 10</h2><div class="spacer battle-history"><br></div><div class="battle-history">Dragonite, come back!<br></div><div class="battle-history">Go! <strong>Nidoking</strong>!<br></div><div class="spacer battle-history"><br></div><div class="battle-history">The opposing Zapdos used <strong>Substitute</strong>!<br></div><div class="battle-history"><small>The opposing Zapdos put in a substitute!</small><br></div><div class="battle-history"><small>(The opposing Zapdos lost <abbr title="−80/321">24.9%</abbr> of its health!)</small><br></div><div class="spacer battle-history"><br></div><div class="battle-history"><small>The opposing Zapdos restored a little HP using its Leftovers!</small><br></div><div class="spacer battle-history"><br></div><h2 class="battle-history">Turn 11</h2><div class="spacer battle-history"><br></div><div class="battle-history">The opposing Zapdos used <strong>Heat Wave</strong>!<br></div><div class="battle-history"><small>(Nidoking lost <abbr title="−151/304">49.7%</abbr> of its health!)</small><br></div><div class="spacer battle-history"><br></div><div class="battle-history">Nidoking used <strong>Ice Beam</strong>!<br></div><div class="battle-history"><small>It's super effective!</small><br></div><div class="battle-history"><small>The opposing Zapdos's substitute faded!</small><br></div><div class="spacer battle-history"><br></div><div class="battle-history"><small>The opposing Zapdos restored a little HP using its Leftovers!</small><br></div><div class="spacer battle-history"><br></div><h2 class="battle-history">Turn 12</h2><div class="spacer battle-history"><br></div><div class="battle-history">The opposing Zapdos used <strong>Heat Wave</strong>!<br></div><div class="battle-history"><small>(Nidoking lost <abbr title="−144/304">47.4%</abbr> of its health!)</small><br></div><div class="spacer battle-history"><br></div><div class="battle-history">Nidoking used <strong>Ice Beam</strong>!<br></div><div class="battle-history"><small>It's super effective!</small><br></div><div class="battle-history"><small>(The opposing Zapdos lost <abbr title="−281/321">87.5%</abbr> of its health!)</small><br></div><div class="spacer battle-history"><br></div><div class="battle-history">The opposing Zapdos fainted!<br></div><div class="spacer battle-history"><br></div><div class="battle-history">zoxel19 sent out <strong>Heatran</strong>!<br></div><div class="spacer battle-history"><br></div><h2 class="battle-history">Turn 13</h2><div class="spacer battle-history"><br></div><div class="battle-history">Nidoking used <strong>Earth Power</strong>!<br></div><div class="battle-history"><small>It's super effective!</small><br></div><div class="battle-history"><small>(The opposing Heatran lost <abbr title="−386/386">100%</abbr> of its health!)</small><br></div><div class="spacer battle-history"><br></div><div class="battle-history">The opposing Heatran fainted!<br></div><div class="spacer battle-history"><br></div><div class="battle-history">zoxel19 sent out <strong>Chansey</strong>!<br></div><div class="spacer battle-history"><br></div><h2 class="battle-history">Turn 14</h2><div class="spacer battle-history"><br></div><div class="battle-history">Nidoking used <strong>Sludge Wave</strong>!<br></div><div class="battle-history"><small>(The opposing Chansey lost <abbr title="−156/703">22.2%</abbr> of its health!)</small><br></div><div class="spacer battle-history"><br></div><div class="battle-history">The opposing Chansey used <strong>Seismic Toss</strong>!<br></div><div class="battle-history"><small>(Nidoking lost <abbr title="−9/304">3.0%</abbr> of its health!)</small><br></div><div class="spacer battle-history"><br></div><div class="battle-history">Nidoking fainted!<br></div><div class="spacer battle-history"><br></div><div class="battle-history">Go! <strong>Snorlax</strong>!<br></div><div class="spacer battle-history"><br></div><h2 class="battle-history">Turn 15</h2><div class="spacer battle-history"><br></div><div class="battle-history">The opposing Chansey used <strong>Toxic</strong>!<br></div><div class="battle-history"><small>Snorlax was badly poisoned!</small><br></div><div class="spacer battle-history"><br></div><div class="battle-history">Snorlax used <strong>Body Slam</strong>!<br></div><div class="battle-history"><small>(The opposing Chansey lost <abbr title="−208/703">29.6%</abbr> of its health!)</small><br></div><div class="spacer battle-history"><br></div><div class="battle-history"><small>Snorlax was hurt by poison!</small><br></div><div class="spacer battle-history"><br></div><h2 class="battle-history">Turn 16</h2><div class="spacer battle-history"><br></div><div class="battle-history">The opposing Chansey used <strong>Soft-Boiled</strong>!<br></div><div class="battle-history"><small>The opposing Chansey restored its HP.</small><br></div><div class="spacer battle-history"><br></div><div class="battle-history">Snorlax used <strong>Superpower</strong>!<br></div><div class="battle-history"><small>It's super effective!</small><br></div><div class="battle-history"><small>(The opposing Chansey lost <abbr title="−372/703">52.9%</abbr> of its health!)</small><br></div><div class="battle-history"><small>Snorlax's Attack fell!</small><br></div><div class="battle-history"><small>Snorlax's Defense fell!</small><br></div><div class="spacer battle-history"><br></div><div class="battle-history"><small>Snorlax was hurt by poison!</small><br></div><div class="spacer battle-history"><br></div><h2 class="battle-history">Turn 17</h2><div class="spacer battle-history"><br></div><div class="battle-history">Snorlax, come back!<br></div><div class="battle-history">Go! <strong>Dragonite</strong>!<br></div><div class="spacer battle-history"><br></div><div class="battle-history">The opposing Chansey used <strong>Soft-Boiled</strong>!<br></div><div class="battle-history"><small>The opposing Chansey restored its HP.</small><br></div><div class="spacer battle-history"><br></div><h2 class="battle-history">Turn 18</h2><div class="spacer battle-history"><br></div><div class="battle-history">Dragonite used <strong>Dragon Dance</strong>!<br></div><div class="battle-history"><small>Dragonite's Attack rose!</small><br></div><div class="battle-history"><small>Dragonite's Speed rose!</small><br></div><div class="spacer battle-history"><br></div><div class="battle-history">The opposing Chansey used <strong>Toxic</strong>!<br></div><div class="battle-history"><small>Dragonite was badly poisoned!</small><br></div><div class="battle-history"><small>Dragonite ate its Lum Berry!</small><br></div><div class="battle-history"><small>Dragonite was cured of its poisoning.</small><br></div><div class="spacer battle-history"><br></div><h2 class="battle-history">Turn 19</h2><div class="spacer battle-history"><br></div><div class="battle-history">Dragonite used <strong>Dragon Claw</strong>!<br></div><div class="battle-history"><small>(The opposing Chansey lost <abbr title="−306/703">43.5%</abbr> of its health!)</small><br></div><div class="spacer battle-history"><br></div><div class="battle-history">The opposing Chansey used <strong>Seismic Toss</strong>!<br></div><div class="battle-history"><small>(Dragonite lost <abbr title="−100/324">30.9%</abbr> of its health!)</small><br></div><div class="spacer battle-history"><br></div><h2 class="battle-history">Turn 20</h2><div class="chat message-error">zoxel19 tiene 135 segundos restantes.</div><div class="chat message-error">zoxel19 tiene 120 segundos restantes.</div><div class="chat message-error">zoxel19 tiene 105 segundos restantes.</div><div class="spacer battle-history"><br></div><div class="battle-history">Dragonite used <strong>Dragon Claw</strong>!<br></div><div class="battle-history"><small>(The opposing Chansey lost <abbr title="−313/703">44.5%</abbr> of its health!)</small><br></div><div class="spacer battle-history"><br></div><div class="battle-history">The opposing Chansey used <strong>Soft-Boiled</strong>!<br></div><div class="battle-history"><small>The opposing Chansey restored its HP.</small><br></div><div class="spacer battle-history"><br></div><h2 class="battle-history">Turn 21</h2><div class="spacer battle-history"><br></div><div class="battle-history">Dragonite used <strong>Dragon Dance</strong>!<br></div><div class="battle-history"><small>Dragonite's Attack rose!</small><br></div><div class="battle-history"><small>Dragonite's Speed rose!</small><br></div><div class="spacer battle-history"><br></div><div class="battle-history">The opposing Chansey used <strong>Soft-Boiled</strong>!<br></div><div class="battle-history"><small>The opposing Chansey restored its HP.</small><br></div><div class="spacer battle-history"><br></div><h2 class="battle-history">Turn 22</h2><div class="spacer battle-history"><br></div><div class="battle-history">Dragonite used <strong>Dragon Claw</strong>!<br></div><div class="battle-history"><small>(The opposing Chansey lost <abbr title="−403/703">57.3%</abbr> of its health!)</small><br></div><div class="spacer battle-history"><br></div><div class="battle-history">The opposing Chansey used <strong>Toxic</strong>!<br></div><div class="battle-history"><small>Dragonite was badly poisoned!</small><br></div><div class="spacer battle-history"><br></div><div class="battle-history"><small>Dragonite was hurt by poison!</small><br></div><div class="spacer battle-history"><br></div><h2 class="battle-history">Turn 23</h2><div class="spacer battle-history"><br></div><div class="battle-history">zoxel19 withdrew Chansey!<br></div><div class="battle-history">zoxel19 sent out <strong>Tapu Fini</strong>!<br></div><div class="battle-history"><small>[The opposing Tapu Fini's Misty Surge]</small><br><small>Mist swirls around the battlefield!</small><br></div><div class="spacer battle-history"><br></div><div class="battle-history">Dragonite used <strong>Dragon Claw</strong>!<br></div><div class="battle-history"><small>It doesn't affect the opposing Tapu Fini...</small><br></div><div class="spacer battle-history"><br></div><div class="battle-history"><small>Dragonite was hurt by poison!</small><br></div><div class="spacer battle-history"><br></div><h2 class="battle-history">Turn 24</h2><div class="spacer battle-history"><br></div><div class="battle-history">Dragonite used <strong>Earthquake</strong>!<br></div><div class="battle-history"><small>(The opposing Tapu Fini lost <abbr title="−238/344">69.2%</abbr> of its health!)</small><br></div><div class="spacer battle-history"><br></div><div class="battle-history">The opposing Tapu Fini used <strong>Scald</strong>!<br></div><div class="battle-history"><small>It's not very effective...</small><br></div><div class="battle-history"><small>(Dragonite lost <abbr title="−44/324">13.6%</abbr> of its health!)</small><br></div><div class="spacer battle-history"><br></div><div class="battle-history">Dragonite fainted!<br></div><div class="spacer battle-history"><br></div><div class="battle-history"><small>The opposing Tapu Fini restored a little HP using its Leftovers!</small><br></div><div class="spacer battle-history"><br></div><div class="battle-history">Go! <strong>Alakazam</strong>!<br></div><div class="spacer battle-history"><br></div><h2 class="battle-history">Turn 25</h2><div class="spacer battle-history"><br></div><div class="battle-history">zoxel19 withdrew Tapu Fini!<br></div><div class="battle-history">zoxel19 sent out <strong>Scizor</strong>!<br></div><div class="spacer battle-history"><br></div><div class="battle-history"><small>Alakazam's Alakazite is reacting to the Key Stone!</small><br>Alakazam has Mega Evolved into Mega Alakazam!<br></div><div class="battle-history"><small>[Alakazam's Trace]</small><br><small>[Alakazam's Technician]</small><br><small>Alakazam traced the opposing Scizor's Technician!</small><br></div><div class="spacer battle-history"><br></div><div class="battle-history">Alakazam used <strong>Substitute</strong>!<br></div><div class="battle-history"><small>Alakazam put in a substitute!</small><br></div><div class="battle-history"><small>(Alakazam lost <abbr title="−62/251">24.7%</abbr> of its health!)</small><br></div><div class="spacer battle-history"><br></div><h2 class="battle-history">Turn 26</h2><div class="spacer battle-history"><br></div><div class="battle-history"><small>The opposing Scizor's Scizorite is reacting to the Key Stone!</small><br>The opposing Scizor has Mega Evolved into Mega Scizor!<br></div><div class="spacer battle-history"><br></div><div class="battle-history">The opposing Scizor used <strong>Bullet Punch</strong>!<br></div><div class="battle-history"><small>Alakazam's substitute faded!</small><br></div><div class="spacer battle-history"><br></div><div class="battle-history">Alakazam used <strong>Shadow Ball</strong>!<br></div><div class="battle-history"><small>(The opposing Scizor lost <abbr title="−110/281">39.1%</abbr> of its health!)</small><br></div><div class="spacer battle-history"><br></div><h2 class="battle-history">Turn 27</h2><div class="spacer battle-history"><br></div><div class="battle-history">Alakazam used <strong>Shadow Ball</strong>!<br></div><div class="battle-history"><small>(The opposing Scizor lost <abbr title="−125/281">44.5%</abbr> of its health!)</small><br></div><div class="battle-history"><small>The opposing Scizor's Special Defense fell!</small><br></div><div class="spacer battle-history"><br></div><div class="battle-history">The opposing Scizor used <strong>Pursuit</strong>!<br></div><div class="battle-history"><small>It's super effective!</small><br></div><div class="battle-history"><small>(Alakazam lost <abbr title="−189/251">75.3%</abbr> of its health!)</small><br></div><div class="spacer battle-history"><br></div><div class="battle-history">Alakazam fainted!<br></div><div class="spacer battle-history"><br></div><div class="battle-history"><small>The mist disappeared from the battlefield.</small><br></div><div class="spacer battle-history"><br></div><div class="battle-history">Go! <strong>Snorlax</strong>!<br></div><div class="spacer battle-history"><br></div><h2 class="battle-history">Turn 28</h2><div class="spacer battle-history"><br></div><div class="battle-history">The opposing Scizor used <strong>Roost</strong>!<br></div><div class="battle-history"><small>The opposing Scizor restored its HP.</small><br></div><div class="spacer battle-history"><br></div><div class="battle-history">Snorlax used <strong>Body Slam</strong>!<br></div><div class="battle-history"><small>It's not very effective...</small><br></div><div class="battle-history"><small>(The opposing Scizor lost <abbr title="−55/281">19.6%</abbr> of its health!)</small><br></div><div class="spacer battle-history"><br></div><div class="battle-history"><small>Snorlax was hurt by poison!</small><br></div><div class="spacer battle-history"><br></div><h2 class="battle-history">Turn 29</h2><div class="spacer battle-history"><br></div><div class="battle-history">The opposing Scizor used <strong>Roost</strong>!<br></div><div class="battle-history"><small>The opposing Scizor restored its HP.</small><br></div><div class="spacer battle-history"><br></div><div class="battle-history">Snorlax used <strong>Body Slam</strong>!<br></div><div class="battle-history"><small>It's not very effective...</small><br></div><div class="battle-history"><small>(The opposing Scizor lost <abbr title="−55/281">19.6%</abbr> of its health!)</small><br></div><div class="spacer battle-history"><br></div><div class="battle-history"><small>Snorlax was hurt by poison!</small><br></div><div class="spacer battle-history"><br></div><h2 class="battle-history">Turn 30</h2><div class="spacer battle-history"><br></div><div class="battle-history"><small>robtrainer se rindió.</small><br></div><div class="spacer battle-history"><br></div><div class="battle-history"><strong>zoxel19</strong> won the battle!<br></div><div class="chat">zoxel19 ha ganado 5.5 PokeDolares.</div><div class="chat">Puntaje de robtrainer: 1203 → <strong>1171</strong><br>(-32 por perder)</div><div class="chat">Puntaje de zoxel19: 1109 → <strong>1152</strong><br>(+43 por ganar)</div></div><div class="inner-preempt"></div></div></div>
</div>
<script>
let daily = Math.floor(Date.now()/1000/60/60/24);document.write('<script src="https://play.pokemonshowdown.com/js/replay-embed.js?version'+daily+'"></'+'script>');
</script>
