<!DOCTYPE html>
<meta charset="utf-8" />
<!-- version 1 -->
<title>OU replay: ObitoUchiha37 vs. Mahvel Party</title>
<style>
html,body {font-family:Verdana, sans-serif;font-size:10pt;margin:0;padding:0;}body{padding:12px 0;} .battle-log {font-family:Verdana, sans-serif;font-size:10pt;} .battle-log-inline {border:1px solid #AAAAAA;background:#EEF2F5;color:black;max-width:640px;margin:0 auto 80px;padding-bottom:5px;} .battle-log .inner {padding:4px 8px 0px 8px;} .battle-log .inner-preempt {padding:0 8px 4px 8px;} .battle-log .inner-after {margin-top:0.5em;} .battle-log h2 {margin:0.5em -8px;padding:4px 8px;border:1px solid #AAAAAA;background:#E0E7EA;border-left:0;border-right:0;font-family:Verdana, sans-serif;font-size:13pt;} .battle-log .chat {vertical-align:middle;padding:3px 0 3px 0;font-size:8pt;} .battle-log .chat strong {color:#40576A;} .battle-log .chat em {padding:1px 4px 1px 3px;color:#000000;font-style:normal;} .chat.mine {background:rgba(0,0,0,0.05);margin-left:-8px;margin-right:-8px;padding-left:8px;padding-right:8px;} .spoiler {color:#BBBBBB;background:#BBBBBB;padding:0px 3px;} .spoiler:hover, .spoiler:active, .spoiler-shown {color:#000000;background:#E2E2E2;padding:0px 3px;} .spoiler a {color:#BBBBBB;} .spoiler:hover a, .spoiler:active a, .spoiler-shown a {color:#2288CC;} .chat code, .chat .spoiler:hover code, .chat .spoiler:active code, .chat .spoiler-shown code {border:1px solid #C0C0C0;background:#EEEEEE;color:black;padding:0 2px;} .chat .spoiler code {border:1px solid #CCCCCC;background:#CCCCCC;color:#CCCCCC;} .battle-log .rated {padding:3px 4px;} .battle-log .rated strong {color:white;background:#89A;padding:1px 4px;border-radius:4px;} .spacer {margin-top:0.5em;} .message-announce {background:#6688AA;color:white;padding:1px 4px 2px;} .message-announce a, .broadcast-green a, .broadcast-blue a, .broadcast-red a {color:#DDEEFF;} .broadcast-green {background-color:#559955;color:white;padding:2px 4px;} .broadcast-blue {background-color:#6688AA;color:white;padding:2px 4px;} .infobox {border:1px solid #6688AA;padding:2px 4px;} .infobox-limited {max-height:200px;overflow:auto;overflow-x:hidden;} .broadcast-red {background-color:#AA5544;color:white;padding:2px 4px;} .message-learn-canlearn {font-weight:bold;color:#228822;text-decoration:underline;} .message-learn-cannotlearn {font-weight:bold;color:#CC2222;text-decoration:underline;} .message-effect-weak {font-weight:bold;color:#CC2222;} .message-effect-resist {font-weight:bold;color:#6688AA;} .message-effect-immune {font-weight:bold;color:#666666;} .message-learn-list {margin-top:0;margin-bottom:0;} .message-throttle-notice, .message-error {color:#992222;} .message-overflow, .chat small.message-overflow {font-size:0pt;} .message-overflow::before {font-size:9pt;content:'...';} .subtle {color:#3A4A66;}
</style>
<div class="wrapper replay-wrapper" style="max-width:1180px;margin:0 auto">
<input type="hidden" name="replayid" value="destiny-ou-520577" />
<div class="battle"></div><div class="battle-log"></div><div class="replay-controls"></div><div class="replay-controls-2"></div>
<h1 style="font-weight:normal;text-align:center"><strong>OU</strong><br /><a href="http://pokemonshowdown.com/users/obitouchiha37" class="subtle" target="_blank">ObitoUchiha37</a> vs. <a href="http://pokemonshowdown.com/users/mahvelparty" class="subtle" target="_blank">Mahvel Party</a></h1>
<script type="text/plain" class="battle-log-data">|player|p1|ObitoUchiha37|2011
|teamsize|p1|6
|player|p2|Mahvel Party|169
|teamsize|p2|6
|teamsize|p1|6
|teamsize|p2|6
|gametype|singles
|gen|7
|tier|OU
|rated
|seed|29110,55062,940,62753
|rule|Cláusula-Mod de Dormir: solo puedes dormir a uno de tus oponentes a la vez.
|rule|Cláusula de Especie: Hasta un Pokémon de cada especie
|rule|Cláusula de Golpe Fulminante: los movimientos fulminantes (OHKO) estan prohibidos
|rule|Cláusula de Veleta: la habilidad Veleta está prohibida
|rule|Cláusula de Movimientos Evasivos: los movimientos de Evasión están prohibidos.
|rule|Cláusula de Batallas Eternas: forzar batallas eternas está prohibido
|clearpoke
|poke|p1|Lopunny, F, shiny|item
|poke|p1|Tangrowth, M|item
|poke|p1|Tapu Fini|item
|poke|p1|Jirachi|item
|poke|p1|Dragonite, M|item
|poke|p1|Nihilego|item
|poke|p2|Gengar, F|item
|poke|p2|Landorus-Therian, M|item
|poke|p2|Breloom, M|item
|poke|p2|Snorlax, M|item
|poke|p2|Gallade, M|item
|poke|p2|Clefable, M|item
|teampreview|undefined
|choice|*team 623451|*
|inactive|Reloj de batalla ENCENDIDO. El jugador inactivo será descalificado (solicitado por ObitoUchiha37).
|choice|*|*team 523416
|choice|team 6, 2, 3, 4, 5, 1|team 5, 2, 3, 4, 1, 6
|
|start
|switch|p1a: Nihilego|Nihilego|359\/359
|switch|p2a: Gallade|Gallade, M|277\/277
|turn|1
|choice|*move 1|*
|choice|*|*switch 4
|choice|move sludgewave|switch 4
|
|switch|p2a: Snorlax|Snorlax, M|518\/518
|move|p1a: Nihilego|Sludge Wave|p2a: Snorlax
|-damage|p2a: Snorlax|328\/518
|
|-heal|p2a: Snorlax|360\/518|[from] item: Leftovers
|upkeep
|turn|2
|choice|*switch 2|*
|choice|*|*move 2
|choice|switch 2|move earthquake
|
|switch|p1a: Tangrowth|Tangrowth, M|403\/403
|move|p2a: Snorlax|Earthquake|p1a: Tangrowth
|-resisted|p1a: Tangrowth
|-damage|p1a: Tangrowth|375\/403
|
|-heal|p2a: Snorlax|392\/518|[from] item: Leftovers
|upkeep
|turn|3
|choice|*move 2|*
|inactive|Mahvel Party tiene 135 segundos restantes.
|choice|*|*switch 6
|choice|move knockoff|switch 6
|
|switch|p2a: Clefable|Clefable, M|394\/394
|move|p1a: Tangrowth|Knock Off|p2a: Clefable
|-resisted|p2a: Clefable
|-damage|p2a: Clefable|361\/394
|-enditem|p2a: Clefable|Leftovers|[from] move: Knock Off|[of] p1a: Tangrowth
|
|upkeep
|turn|4
|choice|*switch 3|*
|choice|*switch 2|*
|choice|*|*move 3
|choice|switch 2|move moonblast
|
|switch|p1a: Nihilego|Nihilego|359\/359
|move|p2a: Clefable|Moonblast|p1a: Nihilego
|-resisted|p1a: Nihilego
|-damage|p1a: Nihilego|320\/359
|
|upkeep
|turn|5
|choice|*move 1|*
|choice|*|*switch 6
|choice|move sludgewave|switch 6
|
|switch|p2a: Snorlax|Snorlax, M|392\/518
|move|p1a: Nihilego|Sludge Wave|p2a: Snorlax
|-damage|p2a: Snorlax|203\/518
|-status|p2a: Snorlax|psn
|
|-heal|p2a: Snorlax|235\/518 psn|[from] item: Leftovers
|-damage|p2a: Snorlax|171\/518 psn|[from] psn
|upkeep
|turn|6
|choice|*move 1|*
|choice|*|*switch 4
|choice|move sludgewave|switch 4
|
|switch|p2a: Gallade|Gallade, M|277\/277
|move|p1a: Nihilego|Sludge Wave|p2a: Gallade
|-damage|p2a: Gallade|55\/277
|
|upkeep
|turn|7
|choice|*|*switch 5
|choice|*switch 2|*
|choice|switch 2|switch 5
|
|switch|p1a: Tangrowth|Tangrowth, M|403\/403
|switch|p2a: Gengar|Gengar, F|261\/261
|
|upkeep
|turn|8
|choice|*switch 2|*
|choice|*|*move 1
|choice|switch 2|move shadowball
|
|switch|p1a: Nihilego|Nihilego|320\/359
|move|p2a: Gengar|Shadow Ball|p1a: Nihilego
|-damage|p1a: Nihilego|202\/359
|-unboost|p1a: Nihilego|spd|1
|
|upkeep
|turn|9
|choice|*move 3|*
|choice|*|*switch 4
|choice|move powergem|switch 4
|
|switch|p2a: Snorlax|Snorlax, M|171\/518 psn
|move|p1a: Nihilego|Power Gem|p2a: Snorlax
|-damage|p2a: Snorlax|21\/518 psn
|
|-heal|p2a: Snorlax|53\/518 psn|[from] item: Leftovers
|-damage|p2a: Snorlax|0 fnt|[from] psn
|upkeep
|faint|p2a: Snorlax
|choice|*|*switch 3
|choice||switch 3
|
|switch|p2a: Breloom|Breloom, M|324\/324
|turn|10
|choice|*switch 2|*
|choice|*|*switch 4
|choice|switch 2|switch 4
|
|switch|p1a: Tangrowth|Tangrowth, M|403\/403
|switch|p2a: Gengar|Gengar, F|261\/261
|
|upkeep
|turn|11
|choice|*switch 2|*
|choice|*switch 2|*
|choice|*|*move 1
|choice|switch 2|move shadowball
|
|switch|p1a: Nihilego|Nihilego|202\/359
|move|p2a: Gengar|Shadow Ball|p1a: Nihilego
|-damage|p1a: Nihilego|82\/359
|
|upkeep
|turn|12
|choice|*move 4|*
|choice|*|*move 1
|choice|move hiddenpower|move shadowball
|
|move|p2a: Gengar|Shadow Ball|p1a: Nihilego
|-damage|p1a: Nihilego|0 fnt
|faint|p1a: Nihilego
|
|upkeep
|choice|*switch 6|*
|choice|switch 6|
|
|switch|p1a: Lopunny|Lopunny, F, shiny|271\/271
|turn|13
|choice|*move 1 mega|*
|choice|*|*switch 4
|choice|move fakeout mega|switch 4
|
|switch|p2a: Breloom|Breloom, M|324\/324
|-mega|p1a: Lopunny|Lopunny|Lopunnite
|detailschange|p1a: Lopunny|Lopunny-Mega, F, shiny
|move|p1a: Lopunny|Fake Out|p2a: Breloom
|-damage|p2a: Breloom|260\/324
|
|-status|p2a: Breloom|tox|[from] item: Toxic Orb
|upkeep
|turn|14
|choice|*move 3|*
|choice|*|*move 1
|choice|move return|move spore
|
|move|p1a: Lopunny|Return|p2a: Breloom
|-damage|p2a: Breloom|103\/324 tox
|move|p2a: Breloom|Spore|p1a: Lopunny
|-status|p1a: Lopunny|slp
|
|-heal|p2a: Breloom|143\/324 tox|[from] ability: Poison Heal
|upkeep
|turn|15
|choice|*switch 3|*
|choice|*|*move 3
|choice|switch 3|move drainpunch
|
|switch|p1a: Tapu Fini|Tapu Fini|343\/343
|-fieldstart|move: Misty Terrain|[from] ability: Misty Surge|[of] p1a: Tapu Fini
|move|p2a: Breloom|Drain Punch|p1a: Tapu Fini
|-resisted|p1a: Tapu Fini
|-damage|p1a: Tapu Fini|291\/343
|-heal|p2a: Breloom|169\/324 tox|[from] drain|[of] p1a: Tapu Fini
|
|-heal|p2a: Breloom|209\/324 tox|[from] ability: Poison Heal
|upkeep
|turn|16
|choice|*move 4|*
|choice|*|*move 4
|choice|move moonblast|move protect
|
|move|p2a: Breloom|Protect|p2a: Breloom
|-singleturn|p2a: Breloom|Protect
|move|p1a: Tapu Fini|Moonblast|p2a: Breloom
|-activate|p2a: Breloom|move: Protect
|
|-heal|p2a: Breloom|249\/324 tox|[from] ability: Poison Heal
|upkeep
|turn|17
|choice|*move 3|*
|choice|*|*switch 6
|choice|move naturesmadness|switch 6
|
|switch|p2a: Clefable|Clefable, M|361\/394
|move|p1a: Tapu Fini|Nature's Madness|p2a: Clefable
|-damage|p2a: Clefable|181\/394
|
|upkeep
|turn|18
|choice|*move 2|*
|choice|*|*move 2
|choice|move muddywater|move softboiled
|
|move|p1a: Tapu Fini|Muddy Water|p2a: Clefable
|-damage|p2a: Clefable|69\/394
|move|p2a: Clefable|Soft-Boiled|p2a: Clefable
|-heal|p2a: Clefable|266\/394
|
|upkeep
|turn|19
|choice|*switch 4|*
|choice|*|*move 2
|choice|switch 4|move softboiled
|
|switch|p1a: Jirachi|Jirachi|341\/341
|move|p2a: Clefable|Soft-Boiled|p2a: Clefable
|-heal|p2a: Clefable|394\/394
|
|-fieldend|Misty Terrain
|upkeep
|turn|20
|choice|*move 1|*
|choice|*|*switch 2
|choice|move ironhead|switch 2
|
|switch|p2a: Landorus|Landorus-Therian, M|375\/375
|-ability|p2a: Landorus|Intimidate|boost
|-unboost|p1a: Jirachi|atk|1
|move|p1a: Jirachi|Iron Head|p2a: Landorus
|-damage|p2a: Landorus|312\/375
|-damage|p1a: Jirachi|285\/341|[from] item: Rocky Helmet|[of] p2a: Landorus
|
|upkeep
|turn|21
|choice|*switch 2|*
|choice|*|*move 3
|choice|switch 2|move stealthrock
|
|switch|p1a: Tangrowth|Tangrowth, M|403\/403
|move|p2a: Landorus|Stealth Rock|p1a: Tangrowth
|-sidestart|p1: ObitoUchiha37|move: Stealth Rock
|
|upkeep
|turn|22
|choice|*move 4|*
|choice|*|*move 2
|choice|move hiddenpower|move uturn
|
|move|p2a: Landorus|U-turn|p1a: Tangrowth
|-supereffective|p1a: Tangrowth
|-damage|p1a: Tangrowth|309\/403
|choice|*|*switch 2
|choice||switch 2
|
|switch|p2a: Clefable|Clefable, M|394\/394|[from]move: U-turn
|move|p1a: Tangrowth|Hidden Power|p2a: Clefable
|-damage|p2a: Clefable|345\/394
|
|upkeep
|turn|23
|choice|*move 2|*
|choice|*switch 4|*
|choice|*|*move 3
|choice|switch 4|move moonblast
|
|switch|p1a: Tapu Fini|Tapu Fini|291\/343
|-damage|p1a: Tapu Fini|249\/343|[from] Stealth Rock
|-fieldstart|move: Misty Terrain|[from] ability: Misty Surge|[of] p1a: Tapu Fini
|move|p2a: Clefable|Moonblast|p1a: Tapu Fini
|-damage|p1a: Tapu Fini|177\/343
|
|upkeep
|turn|24
|choice|*move 1|*
|choice|*|*move 2
|choice|move defog|move softboiled
|
|move|p1a: Tapu Fini|Defog|p2a: Clefable
|-unboost|p2a: Clefable|evasion|1
|-sideend|p1: ObitoUchiha37|Stealth Rock|[from] move: Defog|[of] p1a: Tapu Fini
|move|p2a: Clefable|Soft-Boiled|p2a: Clefable
|-heal|p2a: Clefable|394\/394
|
|upkeep
|turn|25
|choice|*move 3|*
|choice|*|*move 3
|choice|move naturesmadness|move moonblast
|
|move|p1a: Tapu Fini|Nature's Madness|p2a: Clefable
|-damage|p2a: Clefable|197\/394
|move|p2a: Clefable|Moonblast|p1a: Tapu Fini
|-damage|p1a: Tapu Fini|102\/343
|
|upkeep
|turn|26
|choice|*|*move 2
|choice|*switch 2|*
|choice|switch 2|move softboiled
|
|switch|p1a: Jirachi|Jirachi|285\/341
|move|p2a: Clefable|Soft-Boiled|p2a: Clefable
|-heal|p2a: Clefable|394\/394
|
|upkeep
|turn|27
|choice|*move 4|*
|choice|*|*switch 2
|choice|move uturn|switch 2
|
|switch|p2a: Landorus|Landorus-Therian, M|312\/375
|-ability|p2a: Landorus|Intimidate|boost
|-unboost|p1a: Jirachi|atk|1
|move|p1a: Jirachi|U-turn|p2a: Landorus
|-resisted|p2a: Landorus
|-damage|p2a: Landorus|293\/375
|-damage|p1a: Jirachi|229\/341|[from] item: Rocky Helmet|[of] p2a: Landorus
|choice|*switch 5|*
|choice|switch 5|
|
|switch|p1a: Dragonite|Dragonite, M|323\/323|[from]move: U-turn
|
|-fieldend|Misty Terrain
|upkeep
|turn|28
|choice|*move 1|*
|choice|*|*move 2
|choice|move dragondance|move uturn
|
|move|p1a: Dragonite|Dragon Dance|p1a: Dragonite
|-boost|p1a: Dragonite|atk|1
|-boost|p1a: Dragonite|spe|1
|move|p2a: Landorus|U-turn|p1a: Dragonite
|-resisted|p1a: Dragonite
|-damage|p1a: Dragonite|303\/323
|choice|*|*switch 2
|choice||switch 2
|
|switch|p2a: Clefable|Clefable, M|394\/394|[from]move: U-turn
|
|upkeep
|turn|29
|choice|*move 4|*
|choice|*|*move 3
|choice|move earthquake|move moonblast
|
|move|p1a: Dragonite|Earthquake|p2a: Clefable
|-damage|p2a: Clefable|207\/394
|move|p2a: Clefable|Moonblast|p1a: Dragonite
|-supereffective|p1a: Dragonite
|-damage|p1a: Dragonite|81\/323
|-enditem|p1a: Dragonite|Weakness Policy
|-boost|p1a: Dragonite|atk|2
|-boost|p1a: Dragonite|spa|2
|
|upkeep
|turn|30
|choice|*move 2|*
|choice|*|*switch 2
|choice|move extremespeed|switch 2
|
|switch|p2a: Landorus|Landorus-Therian, M|293\/375
|-ability|p2a: Landorus|Intimidate|boost
|-unboost|p1a: Dragonite|atk|1
|move|p1a: Dragonite|Extreme Speed|p2a: Landorus
|-damage|p2a: Landorus|127\/375
|-damage|p1a: Dragonite|28\/323|[from] item: Rocky Helmet|[of] p2a: Landorus
|
|upkeep
|turn|31
|choice|*move 3|*
|choice|*|*move 2
|choice|move dragonclaw|move uturn
|
|move|p1a: Dragonite|Dragon Claw|p2a: Landorus
|-damage|p2a: Landorus|0 fnt
|-damage|p1a: Dragonite|0 fnt|[from] item: Rocky Helmet|[of] p2a: Landorus
|faint|p2a: Landorus
|faint|p1a: Dragonite
|
|upkeep
|choice|*switch 2|*
|choice|*|*switch 4
|choice|switch 2|switch 4
|
|switch|p1a: Tapu Fini|Tapu Fini|102\/343
|switch|p2a: Gengar|Gengar, F|261\/261
|-fieldstart|move: Misty Terrain|[from] ability: Misty Surge|[of] p1a: Tapu Fini
|turn|32
|choice|*move 2|*
|choice|*|*move 1
|choice|move muddywater|move shadowball
|
|move|p2a: Gengar|Shadow Ball|p1a: Tapu Fini
|-damage|p1a: Tapu Fini|5\/343
|-unboost|p1a: Tapu Fini|spd|1
|-enditem|p1a: Tapu Fini|Iapapa Berry|[eat]
|-heal|p1a: Tapu Fini|176\/343|[from] item: Iapapa Berry
|move|p1a: Tapu Fini|Muddy Water|p2a: Gengar
|-damage|p2a: Gengar|107\/261
|-start|p1a: Tapu Fini|Disable|Muddy Water|[from] ability: Cursed Body|[of] p2a: Gengar
|
|upkeep
|turn|33
|choice|*move 4|*
|choice|*|*switch 6
|choice|move moonblast|switch 6
|
|switch|p2a: Breloom|Breloom, M|249\/324 tox
|move|p1a: Tapu Fini|Moonblast|p2a: Breloom
|-supereffective|p2a: Breloom
|-damage|p2a: Breloom|0 fnt
|faint|p2a: Breloom
|
|upkeep
|choice|*|*switch 6
|choice||switch 6
|
|switch|p2a: Gengar|Gengar, F|107\/261
|turn|34
|choice|*|*move 2
|choice|*switch 3|*
|choice|switch 3|move sludgewave
|
|switch|p1a: Lopunny|Lopunny-Mega, F, shiny|271\/271 slp
|move|p2a: Gengar|Sludge Wave|p1a: Lopunny
|-damage|p1a: Lopunny|93\/271 slp
|
|upkeep
|turn|35
|choice|*move 1|*
|choice|*|*switch 5
|choice|move fakeout|switch 5
|
|switch|p2a: Gallade|Gallade, M|55\/277
|cant|p1a: Lopunny|slp
|
|upkeep
|turn|36
|choice|*move 3|*
|choice|*|*move 1 mega
|choice|move return|move swordsdance mega
|
|-mega|p2a: Gallade|Gallade|Galladite
|detailschange|p2a: Gallade|Gallade-Mega, M
|cant|p1a: Lopunny|slp
|move|p2a: Gallade|Swords Dance|p2a: Gallade
|-boost|p2a: Gallade|atk|2
|
|-fieldend|Misty Terrain
|upkeep
|turn|37
|choice|*|*move 2
|choice|*move 3|*
|choice|move return|move drainpunch
|
|cant|p1a: Lopunny|slp
|move|p2a: Gallade|Drain Punch|p1a: Lopunny
|-supereffective|p1a: Lopunny
|-damage|p1a: Lopunny|0 fnt
|-heal|p2a: Gallade|102\/277|[from] drain|[of] p1a: Lopunny
|faint|p1a: Lopunny
|
|upkeep
|choice|*switch 5|*
|choice|switch 5|
|
|switch|p1a: Jirachi|Jirachi|229\/341
|turn|38
|choice|*move 2|*
|choice|*|*move 2
|choice|move zenheadbutt|move drainpunch
|
|move|p1a: Jirachi|Zen Headbutt|p2a: Gallade
|-damage|p2a: Gallade|0 fnt
|faint|p2a: Gallade
|
|upkeep
|choice|*|*switch 5
|choice||switch 5
|
|switch|p2a: Gengar|Gengar, F|107\/261
|turn|39
|choice|*switch 3|*
|choice|*|*move 1
|choice|*switch 4|*
|choice|switch 4|move shadowball
|
|switch|p1a: Tangrowth|Tangrowth, M|403\/403
|move|p2a: Gengar|Shadow Ball|p1a: Tangrowth
|-damage|p1a: Tangrowth|238\/403
|
|upkeep
|turn|40
|choice|*|*switch 2
|choice|*switch 4|*
|choice|switch 4|switch 2
|
|switch|p2a: Clefable|Clefable, M|207\/394
|switch|p1a: Jirachi|Jirachi|229\/341
|
|upkeep
|turn|41
|choice|*move 1|*
|choice|*|*move 4
|choice|move ironhead|move flamethrower
|
|move|p1a: Jirachi|Iron Head|p2a: Clefable
|-supereffective|p2a: Clefable
|-damage|p2a: Clefable|0 fnt
|faint|p2a: Clefable
|
|upkeep
|choice|*|*switch 2
|choice||switch 2
|
|switch|p2a: Gengar|Gengar, F|107\/261
|turn|42
|choice|*|*move 2
|choice|*switch 4|*
|choice|switch 4|move sludgewave
|
|switch|p1a: Tangrowth|Tangrowth, M|372\/403
|move|p2a: Gengar|Sludge Wave|p1a: Tangrowth
|-supereffective|p1a: Tangrowth
|-damage|p1a: Tangrowth|0 fnt
|faint|p1a: Tangrowth
|
|upkeep
|choice|*switch 4|*
|choice|switch 4|
|
|switch|p1a: Jirachi|Jirachi|229\/341
|turn|43
|choice|*move 1|*
|choice|*|*move 2
|choice|move ironhead|move sludgewave
|
|move|p2a: Gengar|Sludge Wave|p1a: Jirachi
|-immune|p1a: Jirachi|[msg]
|move|p1a: Jirachi|Iron Head|p2a: Gengar
|-damage|p2a: Gengar|0 fnt
|faint|p2a: Gengar
|
|win|ObitoUchiha37
ObitoUchiha37 ha ganado 9.25 PokeDolares.
|raw|Puntaje de ObitoUchiha37: 1159 &rarr; <strong>1200<\/strong><br \/>(+41 por ganar)
|raw|Puntaje de Mahvel Party: 1303 &rarr; <strong>1268<\/strong><br \/>(-35 por perder)
</script>
</div>
<div class="battle-log battle-log-inline"><div class="inner"><div class="battle-options"></div><div class="inner"><div class=""><small>Format:</small> <br><strong>OU</strong></div><div class="rated"><strong>Rated battle</strong></div><div class=""><small><em>Cláusula-Mod de Dormir:</em> solo puedes dormir a uno de tus oponentes a la vez.</small></div><div class=""><small><em>Cláusula de Especie:</em> Hasta un Pokémon de cada especie</small></div><div class=""><small><em>Cláusula de Golpe Fulminante:</em> los movimientos fulminantes (OHKO) estan prohibidos</small></div><div class=""><small><em>Cláusula de Veleta:</em> la habilidad Veleta está prohibida</small></div><div class=""><small><em>Cláusula de Movimientos Evasivos:</em> los movimientos de Evasión están prohibidos.</small></div><div class=""><small><em>Cláusula de Batallas Eternas:</em> forzar batallas eternas está prohibido</small></div><div class="chat battle-history"><strong>ObitoUchiha37's team:</strong> <em style="color:#445566;display:block;">Lopunny / Tangrowth / Tapu Fini / Jirachi / Dragonite / Nihilego</em></div><div class="chat battle-history"><strong>Mahvel Party's team:</strong> <em style="color:#445566;display:block;">Gengar / Landorus-Therian / Breloom / Snorlax / Gallade / Clefable</em></div><div class="chat message-error">Reloj de batalla ENCENDIDO. El jugador inactivo será descalificado (solicitado por ObitoUchiha37).</div><div class="spacer battle-history"><br></div><div class="battle-history">Battle started between ObitoUchiha37 and Mahvel Party!<br></div><div class="spacer battle-history"><br></div><div class="battle-history">Go! <strong>Nihilego</strong>!<br></div><div class="spacer battle-history"><br></div><div class="battle-history">Mahvel Party sent out <strong>Gallade</strong>!<br></div><div class="spacer battle-history"><br></div><h2 class="battle-history">Turn 1</h2><div class="spacer battle-history"><br></div><div class="battle-history">Mahvel Party withdrew Gallade!<br></div><div class="battle-history">Mahvel Party sent out <strong>Snorlax</strong>!<br></div><div class="spacer battle-history"><br></div><div class="battle-history">Nihilego used <strong>Sludge Wave</strong>!<br></div><div class="battle-history"><small>(The opposing Snorlax lost <abbr title="−190/518">36.7%</abbr> of its health!)</small><br></div><div class="spacer battle-history"><br></div><div class="battle-history"><small>The opposing Snorlax restored a little HP using its Leftovers!</small><br></div><div class="spacer battle-history"><br></div><h2 class="battle-history">Turn 2</h2><div class="spacer battle-history"><br></div><div class="battle-history">Nihilego, come back!<br></div><div class="battle-history">Go! <strong>Tangrowth</strong>!<br></div><div class="spacer battle-history"><br></div><div class="battle-history">The opposing Snorlax used <strong>Earthquake</strong>!<br></div><div class="battle-history"><small>It's not very effective...</small><br></div><div class="battle-history"><small>(Tangrowth lost <abbr title="−28/403">6.9%</abbr> of its health!)</small><br></div><div class="spacer battle-history"><br></div><div class="battle-history"><small>The opposing Snorlax restored a little HP using its Leftovers!</small><br></div><div class="spacer battle-history"><br></div><h2 class="battle-history">Turn 3</h2><div class="chat message-error">Mahvel Party tiene 135 segundos restantes.</div><div class="spacer battle-history"><br></div><div class="battle-history">Mahvel Party withdrew Snorlax!<br></div><div class="battle-history">Mahvel Party sent out <strong>Clefable</strong>!<br></div><div class="spacer battle-history"><br></div><div class="battle-history">Tangrowth used <strong>Knock Off</strong>!<br></div><div class="battle-history"><small>It's not very effective...</small><br></div><div class="battle-history"><small>(The opposing Clefable lost <abbr title="−33/394">8.4%</abbr> of its health!)</small><br></div><div class="battle-history"><small>Tangrowth knocked off the opposing Clefable's Leftovers!</small><br></div><div class="spacer battle-history"><br></div><h2 class="battle-history">Turn 4</h2><div class="spacer battle-history"><br></div><div class="battle-history">Tangrowth, come back!<br></div><div class="battle-history">Go! <strong>Nihilego</strong>!<br></div><div class="spacer battle-history"><br></div><div class="battle-history">The opposing Clefable used <strong>Moonblast</strong>!<br></div><div class="battle-history"><small>It's not very effective...</small><br></div><div class="battle-history"><small>(Nihilego lost <abbr title="−39/359">10.9%</abbr> of its health!)</small><br></div><div class="spacer battle-history"><br></div><h2 class="battle-history">Turn 5</h2><div class="spacer battle-history"><br></div><div class="battle-history">Mahvel Party withdrew Clefable!<br></div><div class="battle-history">Mahvel Party sent out <strong>Snorlax</strong>!<br></div><div class="spacer battle-history"><br></div><div class="battle-history">Nihilego used <strong>Sludge Wave</strong>!<br></div><div class="battle-history"><small>(The opposing Snorlax lost <abbr title="−189/518">36.5%</abbr> of its health!)</small><br></div><div class="battle-history"><small>The opposing Snorlax was poisoned!</small><br></div><div class="spacer battle-history"><br></div><div class="battle-history"><small>The opposing Snorlax restored a little HP using its Leftovers!</small><br></div><div class="battle-history"><small>The opposing Snorlax was hurt by poison!</small><br></div><div class="spacer battle-history"><br></div><h2 class="battle-history">Turn 6</h2><div class="spacer battle-history"><br></div><div class="battle-history">Mahvel Party withdrew Snorlax!<br></div><div class="battle-history">Mahvel Party sent out <strong>Gallade</strong>!<br></div><div class="spacer battle-history"><br></div><div class="battle-history">Nihilego used <strong>Sludge Wave</strong>!<br></div><div class="battle-history"><small>(The opposing Gallade lost <abbr title="−222/277">80.1%</abbr> of its health!)</small><br></div><div class="spacer battle-history"><br></div><h2 class="battle-history">Turn 7</h2><div class="spacer battle-history"><br></div><div class="battle-history">Nihilego, come back!<br></div><div class="battle-history">Go! <strong>Tangrowth</strong>!<br></div><div class="spacer battle-history"><br></div><div class="battle-history">Mahvel Party withdrew Gallade!<br></div><div class="battle-history">Mahvel Party sent out <strong>Gengar</strong>!<br></div><div class="spacer battle-history"><br></div><h2 class="battle-history">Turn 8</h2><div class="spacer battle-history"><br></div><div class="battle-history">Tangrowth, come back!<br></div><div class="battle-history">Go! <strong>Nihilego</strong>!<br></div><div class="spacer battle-history"><br></div><div class="battle-history">The opposing Gengar used <strong>Shadow Ball</strong>!<br></div><div class="battle-history"><small>(Nihilego lost <abbr title="−118/359">32.9%</abbr> of its health!)</small><br></div><div class="battle-history"><small>Nihilego's Special Defense fell!</small><br></div><div class="spacer battle-history"><br></div><h2 class="battle-history">Turn 9</h2><div class="spacer battle-history"><br></div><div class="battle-history">Mahvel Party withdrew Gengar!<br></div><div class="battle-history">Mahvel Party sent out <strong>Snorlax</strong>!<br></div><div class="spacer battle-history"><br></div><div class="battle-history">Nihilego used <strong>Power Gem</strong>!<br></div><div class="battle-history"><small>(The opposing Snorlax lost <abbr title="−150/518">29.0%</abbr> of its health!)</small><br></div><div class="spacer battle-history"><br></div><div class="battle-history"><small>The opposing Snorlax restored a little HP using its Leftovers!</small><br></div><div class="battle-history"><small>The opposing Snorlax was hurt by poison!</small><br></div><div class="spacer battle-history"><br></div><div class="battle-history">The opposing Snorlax fainted!<br></div><div class="spacer battle-history"><br></div><div class="battle-history">Mahvel Party sent out <strong>Breloom</strong>!<br></div><div class="spacer battle-history"><br></div><h2 class="battle-history">Turn 10</h2><div class="spacer battle-history"><br></div><div class="battle-history">Nihilego, come back!<br></div><div class="battle-history">Go! <strong>Tangrowth</strong>!<br></div><div class="spacer battle-history"><br></div><div class="battle-history">Mahvel Party withdrew Breloom!<br></div><div class="battle-history">Mahvel Party sent out <strong>Gengar</strong>!<br></div><div class="spacer battle-history"><br></div><h2 class="battle-history">Turn 11</h2><div class="spacer battle-history"><br></div><div class="battle-history">Tangrowth, come back!<br></div><div class="battle-history">Go! <strong>Nihilego</strong>!<br></div><div class="spacer battle-history"><br></div><div class="battle-history">The opposing Gengar used <strong>Shadow Ball</strong>!<br></div><div class="battle-history"><small>(Nihilego lost <abbr title="−120/359">33.4%</abbr> of its health!)</small><br></div><div class="spacer battle-history"><br></div><h2 class="battle-history">Turn 12</h2><div class="spacer battle-history"><br></div><div class="battle-history">The opposing Gengar used <strong>Shadow Ball</strong>!<br></div><div class="battle-history"><small>(Nihilego lost <abbr title="−82/359">22.8%</abbr> of its health!)</small><br></div><div class="spacer battle-history"><br></div><div class="battle-history">Nihilego fainted!<br></div><div class="spacer battle-history"><br></div><div class="battle-history">Go! <strong>Lopunny</strong>!<br></div><div class="spacer battle-history"><br></div><h2 class="battle-history">Turn 13</h2><div class="spacer battle-history"><br></div><div class="battle-history">Mahvel Party withdrew Gengar!<br></div><div class="battle-history">Mahvel Party sent out <strong>Breloom</strong>!<br></div><div class="spacer battle-history"><br></div><div class="battle-history"><small>Lopunny's Lopunnite is reacting to the Key Stone!</small><br>Lopunny has Mega Evolved into Mega Lopunny!<br></div><div class="spacer battle-history"><br></div><div class="battle-history">Lopunny used <strong>Fake Out</strong>!<br></div><div class="battle-history"><small>(The opposing Breloom lost <abbr title="−64/324">19.8%</abbr> of its health!)</small><br></div><div class="spacer battle-history"><br></div><div class="battle-history"><small>The opposing Breloom was badly poisoned!</small><br></div><div class="spacer battle-history"><br></div><h2 class="battle-history">Turn 14</h2><div class="spacer battle-history"><br></div><div class="battle-history">Lopunny used <strong>Return</strong>!<br></div><div class="battle-history"><small>(The opposing Breloom lost <abbr title="−157/324">48.5%</abbr> of its health!)</small><br></div><div class="spacer battle-history"><br></div><div class="battle-history">The opposing Breloom used <strong>Spore</strong>!<br></div><div class="battle-history"><small>Lopunny fell asleep!</small><br></div><div class="spacer battle-history"><br></div><div class="battle-history"><small>[The opposing Breloom's Poison Heal]</small><br><small>The opposing Breloom restored its HP.</small><br></div><div class="spacer battle-history"><br></div><h2 class="battle-history">Turn 15</h2><div class="spacer battle-history"><br></div><div class="battle-history">Lopunny, come back!<br></div><div class="battle-history">Go! <strong>Tapu Fini</strong>!<br></div><div class="battle-history"><small>[Tapu Fini's Misty Surge]</small><br><small>Mist swirls around the battlefield!</small><br></div><div class="spacer battle-history"><br></div><div class="battle-history">The opposing Breloom used <strong>Drain Punch</strong>!<br></div><div class="battle-history"><small>It's not very effective...</small><br></div><div class="battle-history"><small>(Tapu Fini lost <abbr title="−52/343">15.2%</abbr> of its health!)</small><br></div><div class="battle-history"><small>Tapu Fini had its energy drained!</small><br></div><div class="spacer battle-history"><br></div><div class="battle-history"><small>[The opposing Breloom's Poison Heal]</small><br><small>The opposing Breloom restored its HP.</small><br></div><div class="spacer battle-history"><br></div><h2 class="battle-history">Turn 16</h2><div class="spacer battle-history"><br></div><div class="battle-history">The opposing Breloom used <strong>Protect</strong>!<br></div><div class="battle-history"><small>The opposing Breloom protected itself!</small><br></div><div class="spacer battle-history"><br></div><div class="battle-history">Tapu Fini used <strong>Moonblast</strong>!<br></div><div class="battle-history"><small>The opposing Breloom protected itself!</small><br></div><div class="spacer battle-history"><br></div><div class="battle-history"><small>[The opposing Breloom's Poison Heal]</small><br><small>The opposing Breloom restored its HP.</small><br></div><div class="spacer battle-history"><br></div><h2 class="battle-history">Turn 17</h2><div class="spacer battle-history"><br></div><div class="battle-history">Mahvel Party withdrew Breloom!<br></div><div class="battle-history">Mahvel Party sent out <strong>Clefable</strong>!<br></div><div class="spacer battle-history"><br></div><div class="battle-history">Tapu Fini used <strong>Nature's Madness</strong>!<br></div><div class="battle-history"><small>(The opposing Clefable lost <abbr title="−180/394">45.7%</abbr> of its health!)</small><br></div><div class="spacer battle-history"><br></div><h2 class="battle-history">Turn 18</h2><div class="spacer battle-history"><br></div><div class="battle-history">Tapu Fini used <strong>Muddy Water</strong>!<br></div><div class="battle-history"><small>(The opposing Clefable lost <abbr title="−112/394">28.4%</abbr> of its health!)</small><br></div><div class="spacer battle-history"><br></div><div class="battle-history">The opposing Clefable used <strong>Soft-Boiled</strong>!<br></div><div class="battle-history"><small>The opposing Clefable restored its HP.</small><br></div><div class="spacer battle-history"><br></div><h2 class="battle-history">Turn 19</h2><div class="spacer battle-history"><br></div><div class="battle-history">Tapu Fini, come back!<br></div><div class="battle-history">Go! <strong>Jirachi</strong>!<br></div><div class="spacer battle-history"><br></div><div class="battle-history">The opposing Clefable used <strong>Soft-Boiled</strong>!<br></div><div class="battle-history"><small>The opposing Clefable restored its HP.</small><br></div><div class="spacer battle-history"><br></div><div class="battle-history"><small>The mist disappeared from the battlefield.</small><br></div><div class="spacer battle-history"><br></div><h2 class="battle-history">Turn 20</h2><div class="spacer battle-history"><br></div><div class="battle-history">Mahvel Party withdrew Clefable!<br></div><div class="battle-history">Mahvel Party sent out Landorus (<strong>Landorus-Therian</strong>)!<br></div><div class="battle-history"><small>[The opposing Landorus's Intimidate]</small><br></div><div class="battle-history"><small>Jirachi's Attack fell!</small><br></div><div class="spacer battle-history"><br></div><div class="battle-history">Jirachi used <strong>Iron Head</strong>!<br></div><div class="battle-history"><small>(The opposing Landorus lost <abbr title="−63/375">16.8%</abbr> of its health!)</small><br></div><div class="battle-history"><small>Jirachi was hurt by the Rocky Helmet!</small><br></div><div class="spacer battle-history"><br></div><h2 class="battle-history">Turn 21</h2><div class="spacer battle-history"><br></div><div class="battle-history">Jirachi, come back!<br></div><div class="battle-history">Go! <strong>Tangrowth</strong>!<br></div><div class="spacer battle-history"><br></div><div class="battle-history">The opposing Landorus used <strong>Stealth Rock</strong>!<br></div><div class="battle-history"><small>Pointed stones float in the air around your team!</small><br></div><div class="spacer battle-history"><br></div><h2 class="battle-history">Turn 22</h2><div class="spacer battle-history"><br></div><div class="battle-history">The opposing Landorus used <strong>U-turn</strong>!<br></div><div class="battle-history"><small>It's super effective!</small><br></div><div class="battle-history"><small>(Tangrowth lost <abbr title="−94/403">23.3%</abbr> of its health!)</small><br></div><div class="spacer battle-history"><br></div><div class="battle-history">The opposing Landorus went back to Mahvel Party!<br></div><div class="battle-history">Mahvel Party sent out <strong>Clefable</strong>!<br></div><div class="spacer battle-history"><br></div><div class="battle-history">Tangrowth used <strong>Hidden Power</strong>!<br></div><div class="battle-history"><small>(The opposing Clefable lost <abbr title="−49/394">12.4%</abbr> of its health!)</small><br></div><div class="spacer battle-history"><br></div><h2 class="battle-history">Turn 23</h2><div class="spacer battle-history"><br></div><div class="battle-history">Tangrowth, come back!<br></div><div class="battle-history">Go! <strong>Tapu Fini</strong>!<br></div><div class="battle-history"><small>Pointed stones dug into Tapu Fini!</small><br></div><div class="battle-history"><small>[Tapu Fini's Misty Surge]</small><br><small>Mist swirls around the battlefield!</small><br></div><div class="spacer battle-history"><br></div><div class="battle-history">The opposing Clefable used <strong>Moonblast</strong>!<br></div><div class="battle-history"><small>(Tapu Fini lost <abbr title="−72/343">21.0%</abbr> of its health!)</small><br></div><div class="spacer battle-history"><br></div><h2 class="battle-history">Turn 24</h2><div class="spacer battle-history"><br></div><div class="battle-history">Tapu Fini used <strong>Defog</strong>!<br></div><div class="battle-history"><small>The opposing Clefable's evasiveness fell!</small><br></div><div class="battle-history"><small>The pointed stones disappeared from around your team!</small><br></div><div class="spacer battle-history"><br></div><div class="battle-history">The opposing Clefable used <strong>Soft-Boiled</strong>!<br></div><div class="battle-history"><small>The opposing Clefable restored its HP.</small><br></div><div class="spacer battle-history"><br></div><h2 class="battle-history">Turn 25</h2><div class="spacer battle-history"><br></div><div class="battle-history">Tapu Fini used <strong>Nature's Madness</strong>!<br></div><div class="battle-history"><small>(The opposing Clefable lost <abbr title="−197/394">50%</abbr> of its health!)</small><br></div><div class="spacer battle-history"><br></div><div class="battle-history">The opposing Clefable used <strong>Moonblast</strong>!<br></div><div class="battle-history"><small>(Tapu Fini lost <abbr title="−75/343">21.9%</abbr> of its health!)</small><br></div><div class="spacer battle-history"><br></div><h2 class="battle-history">Turn 26</h2><div class="spacer battle-history"><br></div><div class="battle-history">Tapu Fini, come back!<br></div><div class="battle-history">Go! <strong>Jirachi</strong>!<br></div><div class="spacer battle-history"><br></div><div class="battle-history">The opposing Clefable used <strong>Soft-Boiled</strong>!<br></div><div class="battle-history"><small>The opposing Clefable restored its HP.</small><br></div><div class="spacer battle-history"><br></div><h2 class="battle-history">Turn 27</h2><div class="spacer battle-history"><br></div><div class="battle-history">Mahvel Party withdrew Clefable!<br></div><div class="battle-history">Mahvel Party sent out Landorus (<strong>Landorus-Therian</strong>)!<br></div><div class="battle-history"><small>[The opposing Landorus's Intimidate]</small><br></div><div class="battle-history"><small>Jirachi's Attack fell!</small><br></div><div class="spacer battle-history"><br></div><div class="battle-history">Jirachi used <strong>U-turn</strong>!<br></div><div class="battle-history"><small>It's not very effective...</small><br></div><div class="battle-history"><small>(The opposing Landorus lost <abbr title="−19/375">5.1%</abbr> of its health!)</small><br></div><div class="battle-history"><small>Jirachi was hurt by the Rocky Helmet!</small><br></div><div class="spacer battle-history"><br></div><div class="battle-history">Jirachi went back to ObitoUchiha37!<br></div><div class="battle-history">Go! <strong>Dragonite</strong>!<br></div><div class="spacer battle-history"><br></div><div class="battle-history"><small>The mist disappeared from the battlefield.</small><br></div><div class="spacer battle-history"><br></div><h2 class="battle-history">Turn 28</h2><div class="spacer battle-history"><br></div><div class="battle-history">Dragonite used <strong>Dragon Dance</strong>!<br></div><div class="battle-history"><small>Dragonite's Attack rose!</small><br></div><div class="battle-history"><small>Dragonite's Speed rose!</small><br></div><div class="spacer battle-history"><br></div><div class="battle-history">The opposing Landorus used <strong>U-turn</strong>!<br></div><div class="battle-history"><small>It's not very effective...</small><br></div><div class="battle-history"><small>(Dragonite lost <abbr title="−20/323">6.2%</abbr> of its health!)</small><br></div><div class="spacer battle-history"><br></div><div class="battle-history">The opposing Landorus went back to Mahvel Party!<br></div><div class="battle-history">Mahvel Party sent out <strong>Clefable</strong>!<br></div><div class="spacer battle-history"><br></div><h2 class="battle-history">Turn 29</h2><div class="spacer battle-history"><br></div><div class="battle-history">Dragonite used <strong>Earthquake</strong>!<br></div><div class="battle-history"><small>(The opposing Clefable lost <abbr title="−187/394">47.5%</abbr> of its health!)</small><br></div><div class="spacer battle-history"><br></div><div class="battle-history">The opposing Clefable used <strong>Moonblast</strong>!<br></div><div class="battle-history"><small>It's super effective!</small><br></div><div class="battle-history"><small>(Dragonite lost <abbr title="−222/323">68.7%</abbr> of its health!)</small><br></div><div class="battle-history"><small>(Dragonite used its Weakness Policy!)</small><br></div><div class="battle-history"><small>Dragonite's Attack rose sharply!</small><br></div><div class="battle-history"><small>Dragonite's Special Attack rose sharply!</small><br></div><div class="spacer battle-history"><br></div><h2 class="battle-history">Turn 30</h2><div class="spacer battle-history"><br></div><div class="battle-history">Mahvel Party withdrew Clefable!<br></div><div class="battle-history">Mahvel Party sent out Landorus (<strong>Landorus-Therian</strong>)!<br></div><div class="battle-history"><small>[The opposing Landorus's Intimidate]</small><br></div><div class="battle-history"><small>Dragonite's Attack fell!</small><br></div><div class="spacer battle-history"><br></div><div class="battle-history">Dragonite used <strong>Extreme Speed</strong>!<br></div><div class="battle-history"><small>(The opposing Landorus lost <abbr title="−166/375">44.3%</abbr> of its health!)</small><br></div><div class="battle-history"><small>Dragonite was hurt by the Rocky Helmet!</small><br></div><div class="spacer battle-history"><br></div><h2 class="battle-history">Turn 31</h2><div class="spacer battle-history"><br></div><div class="battle-history">Dragonite used <strong>Dragon Claw</strong>!<br></div><div class="battle-history"><small>(The opposing Landorus lost <abbr title="−127/375">33.9%</abbr> of its health!)</small><br></div><div class="battle-history"><small>Dragonite was hurt by the Rocky Helmet!</small><br></div><div class="spacer battle-history"><br></div><div class="battle-history">The opposing Landorus fainted!<br></div><div class="battle-history">Dragonite fainted!<br></div><div class="spacer battle-history"><br></div><div class="battle-history">Go! <strong>Tapu Fini</strong>!<br></div><div class="spacer battle-history"><br></div><div class="battle-history">Mahvel Party sent out <strong>Gengar</strong>!<br></div><div class="battle-history"><small>[Tapu Fini's Misty Surge]</small><br><small>Mist swirls around the battlefield!</small><br></div><div class="spacer battle-history"><br></div><h2 class="battle-history">Turn 32</h2><div class="spacer battle-history"><br></div><div class="battle-history">The opposing Gengar used <strong>Shadow Ball</strong>!<br></div><div class="battle-history"><small>(Tapu Fini lost <abbr title="−97/343">28.3%</abbr> of its health!)</small><br></div><div class="battle-history"><small>Tapu Fini's Special Defense fell!</small><br></div><div class="battle-history"><small>Tapu Fini ate its Iapapa Berry!</small><br></div><div class="battle-history"><small>Tapu Fini restored HP using its Iapapa Berry!</small><br></div><div class="spacer battle-history"><br></div><div class="battle-history">Tapu Fini used <strong>Muddy Water</strong>!<br></div><div class="battle-history"><small>(The opposing Gengar lost <abbr title="−154/261">59.0%</abbr> of its health!)</small><br></div><div class="battle-history"><small>[The opposing Gengar's Cursed Body]</small><br><small>Tapu Fini's Muddy Water was disabled!</small><br></div><div class="spacer battle-history"><br></div><h2 class="battle-history">Turn 33</h2><div class="spacer battle-history"><br></div><div class="battle-history">Mahvel Party withdrew Gengar!<br></div><div class="battle-history">Mahvel Party sent out <strong>Breloom</strong>!<br></div><div class="spacer battle-history"><br></div><div class="battle-history">Tapu Fini used <strong>Moonblast</strong>!<br></div><div class="battle-history"><small>It's super effective!</small><br></div><div class="battle-history"><small>(The opposing Breloom lost <abbr title="−249/324">76.9%</abbr> of its health!)</small><br></div><div class="spacer battle-history"><br></div><div class="battle-history">The opposing Breloom fainted!<br></div><div class="spacer battle-history"><br></div><div class="battle-history">Mahvel Party sent out <strong>Gengar</strong>!<br></div><div class="spacer battle-history"><br></div><h2 class="battle-history">Turn 34</h2><div class="spacer battle-history"><br></div><div class="battle-history">Tapu Fini, come back!<br></div><div class="battle-history">Go! Lopunny (<strong>Lopunny-Mega</strong>)!<br></div><div class="spacer battle-history"><br></div><div class="battle-history">The opposing Gengar used <strong>Sludge Wave</strong>!<br></div><div class="battle-history"><small>(Lopunny lost <abbr title="−178/271">65.7%</abbr> of its health!)</small><br></div><div class="spacer battle-history"><br></div><h2 class="battle-history">Turn 35</h2><div class="spacer battle-history"><br></div><div class="battle-history">Mahvel Party withdrew Gengar!<br></div><div class="battle-history">Mahvel Party sent out <strong>Gallade</strong>!<br></div><div class="spacer battle-history"><br></div><div class="battle-history">Lopunny is fast asleep.<br></div><div class="spacer battle-history"><br></div><h2 class="battle-history">Turn 36</h2><div class="spacer battle-history"><br></div><div class="battle-history"><small>The opposing Gallade's Galladite is reacting to the Key Stone!</small><br>The opposing Gallade has Mega Evolved into Mega Gallade!<br></div><div class="spacer battle-history"><br></div><div class="battle-history">Lopunny is fast asleep.<br></div><div class="spacer battle-history"><br></div><div class="battle-history">The opposing Gallade used <strong>Swords Dance</strong>!<br></div><div class="battle-history"><small>The opposing Gallade's Attack rose sharply!</small><br></div><div class="spacer battle-history"><br></div><div class="battle-history"><small>The mist disappeared from the battlefield.</small><br></div><div class="spacer battle-history"><br></div><h2 class="battle-history">Turn 37</h2><div class="spacer battle-history"><br></div><div class="battle-history">Lopunny is fast asleep.<br></div><div class="spacer battle-history"><br></div><div class="battle-history">The opposing Gallade used <strong>Drain Punch</strong>!<br></div><div class="battle-history"><small>It's super effective!</small><br></div><div class="battle-history"><small>(Lopunny lost <abbr title="−93/271">34.3%</abbr> of its health!)</small><br></div><div class="battle-history"><small>Lopunny had its energy drained!</small><br></div><div class="spacer battle-history"><br></div><div class="battle-history">Lopunny fainted!<br></div><div class="spacer battle-history"><br></div><div class="battle-history">Go! <strong>Jirachi</strong>!<br></div><div class="spacer battle-history"><br></div><h2 class="battle-history">Turn 38</h2><div class="spacer battle-history"><br></div><div class="battle-history">Jirachi used <strong>Zen Headbutt</strong>!<br></div><div class="battle-history"><small>(The opposing Gallade lost <abbr title="−102/277">36.8%</abbr> of its health!)</small><br></div><div class="spacer battle-history"><br></div><div class="battle-history">The opposing Gallade fainted!<br></div><div class="spacer battle-history"><br></div><div class="battle-history">Mahvel Party sent out <strong>Gengar</strong>!<br></div><div class="spacer battle-history"><br></div><h2 class="battle-history">Turn 39</h2><div class="spacer battle-history"><br></div><div class="battle-history">Jirachi, come back!<br></div><div class="battle-history">Go! <strong>Tangrowth</strong>!<br></div><div class="spacer battle-history"><br></div><div class="battle-history">The opposing Gengar used <strong>Shadow Ball</strong>!<br></div><div class="battle-history"><small>(Tangrowth lost <abbr title="−165/403">40.9%</abbr> of its health!)</small><br></div><div class="spacer battle-history"><br></div><h2 class="battle-history">Turn 40</h2><div class="spacer battle-history"><br></div><div class="battle-history">Mahvel Party withdrew Gengar!<br></div><div class="battle-history">Mahvel Party sent out <strong>Clefable</strong>!<br></div><div class="spacer battle-history"><br></div><div class="battle-history">Tangrowth, come back!<br></div><div class="battle-history">Go! <strong>Jirachi</strong>!<br></div><div class="spacer battle-history"><br></div><h2 class="battle-history">Turn 41</h2><div class="spacer battle-history"><br></div><div class="battle-history">Jirachi used <strong>Iron Head</strong>!<br></div><div class="battle-history"><small>It's super effective!</small><br></div><div class="battle-history"><small>(The opposing Clefable lost <abbr title="−207/394">52.5%</abbr> of its health!)</small><br></div><div class="spacer battle-history"><br></div><div class="battle-history">The opposing Clefable fainted!<br></div><div class="spacer battle-history"><br></div><div class="battle-history">Mahvel Party sent out <strong>Gengar</strong>!<br></div><div class="spacer battle-history"><br></div><h2 class="battle-history">Turn 42</h2><div class="spacer battle-history"><br></div><div class="battle-history">Jirachi, come back!<br></div><div class="battle-history">Go! <strong>Tangrowth</strong>!<br></div><div class="spacer battle-history"><br></div><div class="battle-history">The opposing Gengar used <strong>Sludge Wave</strong>!<br></div><div class="battle-history"><small>It's super effective!</small><br></div><div class="battle-history"><small>(Tangrowth lost <abbr title="−372/403">92.3%</abbr> of its health!)</small><br></div><div class="spacer battle-history"><br></div><div class="battle-history">Tangrowth fainted!<br></div><div class="spacer battle-history"><br></div><div class="battle-history">Go! <strong>Jirachi</strong>!<br></div><div class="spacer battle-history"><br></div><h2 class="battle-history">Turn 43</h2><div class="spacer battle-history"><br></div><div class="battle-history">The opposing Gengar used <strong>Sludge Wave</strong>!<br></div><div class="battle-history"><small>It doesn't affect Jirachi...</small><br></div><div class="spacer battle-history"><br></div><div class="battle-history">Jirachi used <strong>Iron Head</strong>!<br></div><div class="battle-history"><small>(The opposing Gengar lost <abbr title="−107/261">41.0%</abbr> of its health!)</small><br></div><div class="spacer battle-history"><br></div><div class="battle-history">The opposing Gengar fainted!<br></div><div class="spacer battle-history"><br></div><div class="battle-history"><strong>ObitoUchiha37</strong> won the battle!<br></div><div class="chat">ObitoUchiha37 ha ganado 9.25 PokeDolares.</div><div class="chat">Puntaje de ObitoUchiha37: 1159 → <strong>1200</strong><br>(+41 por ganar)</div><div class="chat">Puntaje de Mahvel Party: 1303 → <strong>1268</strong><br>(-35 por perder)</div></div><div class="inner-preempt"></div></div></div>
</div>
<script>
let daily = Math.floor(Date.now()/1000/60/60/24);document.write('<script src="https://play.pokemonshowdown.com/js/replay-embed.js?version'+daily+'"></'+'script>');
</script>
