<!DOCTYPE html>
<meta charset="utf-8" />
<!-- version 1 -->
<title>OU replay: AdderJo vs. RayParK_</title>
<style>
html,body {font-family:Verdana, sans-serif;font-size:10pt;margin:0;padding:0;}body{padding:12px 0;} .battle-log {font-family:Verdana, sans-serif;font-size:10pt;} .battle-log-inline {border:1px solid #AAAAAA;background:#EEF2F5;color:black;max-width:640px;margin:0 auto 80px;padding-bottom:5px;} .battle-log .inner {padding:4px 8px 0px 8px;} .battle-log .inner-preempt {padding:0 8px 4px 8px;} .battle-log .inner-after {margin-top:0.5em;} .battle-log h2 {margin:0.5em -8px;padding:4px 8px;border:1px solid #AAAAAA;background:#E0E7EA;border-left:0;border-right:0;font-family:Verdana, sans-serif;font-size:13pt;} .battle-log .chat {vertical-align:middle;padding:3px 0 3px 0;font-size:8pt;} .battle-log .chat strong {color:#40576A;} .battle-log .chat em {padding:1px 4px 1px 3px;color:#000000;font-style:normal;} .chat.mine {background:rgba(0,0,0,0.05);margin-left:-8px;margin-right:-8px;padding-left:8px;padding-right:8px;} .spoiler {color:#BBBBBB;background:#BBBBBB;padding:0px 3px;} .spoiler:hover, .spoiler:active, .spoiler-shown {color:#000000;background:#E2E2E2;padding:0px 3px;} .spoiler a {color:#BBBBBB;} .spoiler:hover a, .spoiler:active a, .spoiler-shown a {color:#2288CC;} .chat code, .chat .spoiler:hover code, .chat .spoiler:active code, .chat .spoiler-shown code {border:1px solid #C0C0C0;background:#EEEEEE;color:black;padding:0 2px;} .chat .spoiler code {border:1px solid #CCCCCC;background:#CCCCCC;color:#CCCCCC;} .battle-log .rated {padding:3px 4px;} .battle-log .rated strong {color:white;background:#89A;padding:1px 4px;border-radius:4px;} .spacer {margin-top:0.5em;} .message-announce {background:#6688AA;color:white;padding:1px 4px 2px;} .message-announce a, .broadcast-green a, .broadcast-blue a, .broadcast-red a {color:#DDEEFF;} .broadcast-green {background-color:#559955;color:white;padding:2px 4px;} .broadcast-blue {background-color:#6688AA;color:white;padding:2px 4px;} .infobox {border:1px solid #6688AA;padding:2px 4px;} .infobox-limited {max-height:200px;overflow:auto;overflow-x:hidden;} .broadcast-red {background-color:#AA5544;color:white;padding:2px 4px;} .message-learn-canlearn {font-weight:bold;color:#228822;text-decoration:underline;} .message-learn-cannotlearn {font-weight:bold;color:#CC2222;text-decoration:underline;} .message-effect-weak {font-weight:bold;color:#CC2222;} .message-effect-resist {font-weight:bold;color:#6688AA;} .message-effect-immune {font-weight:bold;color:#666666;} .message-learn-list {margin-top:0;margin-bottom:0;} .message-throttle-notice, .message-error {color:#992222;} .message-overflow, .chat small.message-overflow {font-size:0pt;} .message-overflow::before {font-size:9pt;content:'...';} .subtle {color:#3A4A66;}
</style>
<div class="wrapper replay-wrapper" style="max-width:1180px;margin:0 auto">
<input type="hidden" name="replayid" value="destiny-ou-470541" />
<div class="battle"></div><div class="battle-log"></div><div class="replay-controls"></div><div class="replay-controls-2"></div>
<h1 style="font-weight:normal;text-align:center"><strong>OU</strong><br /><a href="http://pokemonshowdown.com/users/adderjo" class="subtle" target="_blank">AdderJo</a> vs. <a href="http://pokemonshowdown.com/users/raypark" class="subtle" target="_blank">RayParK_</a></h1>
<script type="text/plain" class="battle-log-data">|player|p1|AdderJo|1
|teamsize|p1|6
|player|p2|RayParK_|raypark.gif?ef1dc95d
|teamsize|p2|6
|teamsize|p1|6
|teamsize|p2|6
|gametype|singles
|gen|7
|tier|OU
|rated
|seed|57502,53716,14996,33916
|rule|Cláusula-Mod de Dormir: solo puedes dormir a uno de tus oponentes a la vez.
|rule|Cláusula de Especie: Hasta un Pokémon de cada especie
|rule|Cláusula de Golpe Fulminante: los movimientos fulminantes (OHKO) estan prohibidos
|rule|Cláusula de Veleta: la habilidad Veleta está prohibida
|rule|Cláusula de Movimientos Evasivos: los movimientos de Evasión están prohibidos.
|rule|Cláusula de Batallas Eternas: forzar batallas eternas está prohibido
|clearpoke
|poke|p1|Staraptor, M|item
|poke|p1|Alakazam, F|item
|poke|p1|Tapu Koko|item
|poke|p1|Kartana|item
|poke|p1|Heatran, M|item
|poke|p1|Tangrowth, M|item
|poke|p2|Pelipper, M|item
|poke|p2|Kingdra, F|item
|poke|p2|Qwilfish, M|item
|poke|p2|Swampert, M|item
|poke|p2|Clefable, F|item
|poke|p2|Ferrothorn, M|item
|teampreview|undefined
|choice|*|*team 123456
|choice|*team 321456|*
|choice|team 3, 2, 1, 4, 5, 6|team 1, 2, 3, 4, 5, 6
|
|start
|switch|p1a: Tapu Koko|Tapu Koko|281\/281
|switch|p2a: Pelipper|Pelipper, M|324\/324
|-fieldstart|move: Electric Terrain|[from] ability: Electric Surge|[of] p1a: Tapu Koko
|-weather|RainDance|[from] ability: Drizzle|[of] p2a: Pelipper
|turn|1
|choice|*move 4|*
|choice|*|*switch 5
|choice|move voltswitch|switch 5
|
|switch|p2a: Clefable|Clefable, F|394\/394
|move|p1a: Tapu Koko|Volt Switch|p2a: Clefable
|-damage|p2a: Clefable|231\/394
|choice|*switch 4|*
|choice|switch 4|
|
|switch|p1a: Kartana|Kartana|322\/322|[from]move: Volt Switch
|
|-weather|RainDance|[upkeep]
|-heal|p2a: Clefable|255\/394|[from] item: Leftovers
|upkeep
|turn|2
|choice|*move 1|*
|choice|*|*move 1
|choice|move swordsdance|move stealthrock
|
|move|p1a: Kartana|Swords Dance|p1a: Kartana
|-boost|p1a: Kartana|atk|2
|move|p2a: Clefable|Stealth Rock|p1a: Kartana
|-sidestart|p1: AdderJo|move: Stealth Rock
|
|-weather|RainDance|[upkeep]
|-heal|p2a: Clefable|279\/394|[from] item: Leftovers
|upkeep
|turn|3
|choice|*move 3|*
|choice|*|*switch 6
|choice|move smartstrike|switch 6
|
|switch|p2a: Ferrothorn|Ferrothorn, M|352\/352
|move|p1a: Kartana|Smart Strike|p2a: Ferrothorn
|-resisted|p2a: Ferrothorn
|-damage|p2a: Ferrothorn|283\/352
|-damage|p1a: Kartana|282\/322|[from] ability: Iron Barbs|[of] p2a: Ferrothorn
|-damage|p1a: Kartana|229\/322|[from] item: Rocky Helmet|[of] p2a: Ferrothorn
|
|-weather|RainDance|[upkeep]
|upkeep
|turn|4
|choice|*move 4 zmove|*
|choice|*|*switch 5
|choice|move sacredsword zmove|switch 5
|
|switch|p2a: Pelipper|Pelipper, M|324\/324
|-zpower|p1a: Kartana
|move|p1a: Kartana|All-Out Pummeling|p2a: Pelipper|[zeffect]
|-resisted|p2a: Pelipper
|-damage|p2a: Pelipper|173\/324
|
|-weather|RainDance|[upkeep]
|upkeep
|turn|5
|choice|*move 2|*
|choice|*|*switch 5
|choice|move leafblade|switch 5
|
|switch|p2a: Ferrothorn|Ferrothorn, M|283\/352
|move|p1a: Kartana|Leaf Blade|p2a: Ferrothorn
|-resisted|p2a: Ferrothorn
|-damage|p2a: Ferrothorn|237\/352
|-damage|p1a: Kartana|189\/322|[from] ability: Iron Barbs|[of] p2a: Ferrothorn
|-damage|p1a: Kartana|136\/322|[from] item: Rocky Helmet|[of] p2a: Ferrothorn
|
|-weather|RainDance|[upkeep]
|-fieldend|move: Electric Terrain
|upkeep
|turn|6
|choice|*move 4|*
|inactive|Reloj de batalla ENCENDIDO. El jugador inactivo será descalificado (solicitado por AdderJo).
|choice|*|*move 1
|choice|move sacredsword|move gyroball
|
|move|p1a: Kartana|Sacred Sword|p2a: Ferrothorn
|-supereffective|p2a: Ferrothorn
|-damage|p2a: Ferrothorn|0 fnt
|-damage|p1a: Kartana|96\/322|[from] ability: Iron Barbs|[of] p2a: Ferrothorn
|-damage|p1a: Kartana|43\/322|[from] item: Rocky Helmet|[of] p2a: Ferrothorn
|faint|p2a: Ferrothorn
|-ability|p1a: Kartana|Beast Boost|boost
|-boost|p1a: Kartana|spe|1
|
|-weather|RainDance|[upkeep]
|upkeep
|choice|*|*switch 2
|choice||switch 2
|
|switch|p2a: Kingdra|Kingdra, F|292\/292
|turn|7
|choice|*|*move 4
|choice|*move 2|*
|choice|*|*move 3
|choice|move leafblade|move icebeam
|
|move|p2a: Kingdra|Ice Beam|p1a: Kartana
|-damage|p1a: Kartana|0 fnt
|faint|p1a: Kartana
|
|-weather|RainDance|[upkeep]
|upkeep
|choice|*switch 5|*
|choice|switch 5|
|
|switch|p1a: Heatran|Heatran, M|385\/385
|-damage|p1a: Heatran|337\/385|[from] Stealth Rock
|turn|8
|choice|*move 3|*
|choice|*move 3|*
|choice|*|*switch 6
|choice|move stealthrock|switch 6
|
|switch|p2a: Clefable|Clefable, F|279\/394
|move|p1a: Heatran|Stealth Rock|p2a: Clefable
|-sidestart|p2: RayParK_|move: Stealth Rock
|
|-weather|none
|-heal|p1a: Heatran|361\/385|[from] item: Leftovers
|-heal|p2a: Clefable|303\/394|[from] item: Leftovers
|upkeep
|turn|9
|choice|*move 1|*
|choice|*|*move 2
|choice|move magmastorm|move thunderwave
|
|move|p1a: Heatran|Magma Storm|p2a: Clefable
|-damage|p2a: Clefable|194\/394
|-activate|p2a: Clefable|move: Magma Storm|[of] p1a: Heatran
|move|p2a: Clefable|Thunder Wave|p1a: Heatran
|-status|p1a: Heatran|par
|
|-heal|p2a: Clefable|218\/394|[from] item: Leftovers
|-heal|p1a: Heatran|385\/385 par|[from] item: Leftovers
|upkeep
|turn|10
|choice|*move 2|*
|choice|*|*move 4
|choice|move earthpower|move softboiled
|
|move|p2a: Clefable|Soft-Boiled|p2a: Clefable
|-heal|p2a: Clefable|394\/394
|move|p1a: Heatran|Earth Power|p2a: Clefable
|-damage|p2a: Clefable|321\/394
|-unboost|p2a: Clefable|spd|1
|
|-heal|p2a: Clefable|345\/394|[from] item: Leftovers
|upkeep
|turn|11
|choice|*move 2|*
|choice|*move 1|*
|choice|*|*move 3
|choice|move magmastorm|move moonblast
|
|move|p2a: Clefable|Moonblast|p1a: Heatran
|-resisted|p1a: Heatran
|-damage|p1a: Heatran|366\/385 par
|-unboost|p1a: Heatran|spa|1
|cant|p1a: Heatran|par
|
|-heal|p2a: Clefable|369\/394|[from] item: Leftovers
|-heal|p1a: Heatran|385\/385 par|[from] item: Leftovers
|upkeep
|turn|12
|choice|*|*move 3
|choice|*move 1|*
|choice|move magmastorm|move moonblast
|
|move|p2a: Clefable|Moonblast|p1a: Heatran
|-resisted|p1a: Heatran
|-damage|p1a: Heatran|364\/385 par
|-unboost|p1a: Heatran|spa|1
|cant|p1a: Heatran|par
|
|-heal|p2a: Clefable|393\/394|[from] item: Leftovers
|-heal|p1a: Heatran|385\/385 par|[from] item: Leftovers
|upkeep
|turn|13
|choice|*move 4|*
|choice|*|*move 3
|choice|move toxic|move moonblast
|
|move|p2a: Clefable|Moonblast|p1a: Heatran
|-resisted|p1a: Heatran
|-damage|p1a: Heatran|367\/385 par
|move|p1a: Heatran|Toxic|p2a: Clefable
|-status|p2a: Clefable|tox
|
|-heal|p2a: Clefable|394\/394 tox|[from] item: Leftovers
|-heal|p1a: Heatran|385\/385 par|[from] item: Leftovers
|upkeep
|turn|14
|choice|*move 2|*
|choice|*move 1|*
|choice|*switch 6|*
|choice|*switch 6|*
|inactive|RayParK_ tiene 135 segundos restantes.
|choice|*move 2|*
|choice|*switch 6|*
|inactive|RayParK_ tiene 135 segundos restantes.
|inactive|RayParK_ tiene 120 segundos restantes.
|c|☆AdderJo|de sand team a rain team
|c|☆AdderJo|xd
|inactive|RayParK_ tiene 105 segundos restantes.
|choice|*|*move 3
|choice|switch 6|move moonblast
|
|switch|p1a: Tangrowth|Tangrowth, M|403\/403
|-damage|p1a: Tangrowth|353\/403|[from] Stealth Rock
|move|p2a: Clefable|Moonblast|p1a: Tangrowth
|-damage|p1a: Tangrowth|274\/403
|
|-end|p2a: Clefable|Magma Storm|[partiallytrapped]
|upkeep
|turn|15
|choice|*switch 6|*
|choice|*switch 6|*
|choice|*|*move 3
|choice|*move 1|*
|choice|move knockoff|move moonblast
|
|move|p2a: Clefable|Moonblast|p1a: Tangrowth
|-damage|p1a: Tangrowth|198\/403
|move|p1a: Tangrowth|Knock Off|p2a: Clefable
|-resisted|p2a: Clefable
|-damage|p2a: Clefable|344\/394 tox
|-enditem|p2a: Clefable|Leftovers|[from] move: Knock Off|[of] p1a: Tangrowth
|
|upkeep
|turn|16
|choice|*switch 6|*
|choice|*|*move 3
|choice|switch 6|move moonblast
|
|switch|p1a: Heatran|Heatran, M|385\/385 par
|-damage|p1a: Heatran|337\/385 par|[from] Stealth Rock
|move|p2a: Clefable|Moonblast|p1a: Heatran
|-resisted|p1a: Heatran
|-damage|p1a: Heatran|318\/385 par
|
|-heal|p1a: Heatran|342\/385 par|[from] item: Leftovers
|upkeep
|turn|17
|choice|*move 1|*
|choice|*|*switch 6
|choice|move magmastorm|switch 6
|
|switch|p2a: Kingdra|Kingdra, F|292\/292
|-damage|p2a: Kingdra|256\/292|[from] Stealth Rock
|move|p1a: Heatran|Magma Storm|p2a: Kingdra
|-resisted|p2a: Kingdra
|-damage|p2a: Kingdra|219\/292
|-activate|p2a: Kingdra|move: Magma Storm|[of] p1a: Heatran
|
|-heal|p1a: Heatran|366\/385 par|[from] item: Leftovers
|-damage|p2a: Kingdra|183\/292|[from] move: Magma Storm|[partiallytrapped]
|upkeep
|turn|18
|choice|*move 2|*
|choice|*switch 6|*
|choice|*|*move 2
|choice|switch 6|move dracometeor
|
|switch|p1a: Tangrowth|Tangrowth, M|332\/403
|-damage|p1a: Tangrowth|282\/403|[from] Stealth Rock
|move|p2a: Kingdra|Draco Meteor|p1a: Tangrowth
|-damage|p1a: Tangrowth|77\/403
|-unboost|p2a: Kingdra|spa|2
|
|upkeep
|turn|19
|choice|*switch 6|*
|choice|*|*switch 5
|choice|*switch 3|*
|choice|switch 3|switch 5
|
|switch|p2a: Pelipper|Pelipper, M|173\/324
|-damage|p2a: Pelipper|92\/324|[from] Stealth Rock
|-weather|RainDance|[from] ability: Drizzle|[of] p2a: Pelipper
|switch|p1a: Staraptor|Staraptor, M|311\/311
|-damage|p1a: Staraptor|234\/311|[from] Stealth Rock
|
|-weather|RainDance|[upkeep]
|upkeep
|turn|20
|choice|*move 2|*
|choice|*move 1|*
|choice|*|*switch 6
|choice|move bravebird|switch 6
|
|switch|p2a: Clefable|Clefable, F|344\/394 tox
|move|p1a: Staraptor|Brave Bird|p2a: Clefable
|-damage|p2a: Clefable|22\/394 tox
|-damage|p1a: Staraptor|128\/311|[from] recoil
|
|-weather|RainDance|[upkeep]
|upkeep
|turn|21
|choice|*move 1|*
|choice|*|*move 2
|choice|move bravebird|move thunderwave
|
|move|p1a: Staraptor|Brave Bird|p2a: Clefable
|-damage|p2a: Clefable|0 fnt
|-damage|p1a: Staraptor|121\/311|[from] recoil
|faint|p2a: Clefable
|
|-weather|RainDance|[upkeep]
|upkeep
|choice|*|*switch 4
|choice||switch 4
|
|switch|p2a: Swampert|Swampert, M|342\/342
|-damage|p2a: Swampert|321\/342|[from] Stealth Rock
|turn|22
|choice|*move 1|*
|choice|*|*move 4 mega
|choice|move bravebird|move icepunch mega
|
|-mega|p2a: Swampert|Swampert|Swampertite
|detailschange|p2a: Swampert|Swampert-Mega, M
|move|p1a: Staraptor|Brave Bird|p2a: Swampert
|-damage|p2a: Swampert|113\/342
|-damage|p1a: Staraptor|52\/311|[from] recoil
|move|p2a: Swampert|Ice Punch|p1a: Staraptor
|-supereffective|p1a: Staraptor
|-damage|p1a: Staraptor|0 fnt
|faint|p1a: Staraptor
|
|-weather|RainDance|[upkeep]
|upkeep
|choice|*switch 2|*
|choice|switch 2|
|
|switch|p1a: Alakazam|Alakazam, F|251\/251
|turn|23
|choice|*|*move 3
|choice|*move 2 mega|*
|choice|move energyball mega|move waterfall
|
|-mega|p1a: Alakazam|Alakazam|Alakazite
|detailschange|p1a: Alakazam|Alakazam-Mega, F
|-ability|p1a: Alakazam|Swift Swim|[from] ability: Trace|[of] p2a: Swampert
|move|p1a: Alakazam|Energy Ball|p2a: Swampert
|-supereffective|p2a: Swampert
|-damage|p2a: Swampert|0 fnt
|faint|p2a: Swampert
|
|-weather|RainDance|[upkeep]
|upkeep
|choice|*|*switch 5
|choice||switch 5
|
|switch|p2a: Kingdra|Kingdra, F|183\/292
|-damage|p2a: Kingdra|147\/292|[from] Stealth Rock
|turn|24
|choice|*|*move 1
|choice|*switch 6|*
|choice|switch 6|move hydropump
|
|switch|p1a: Heatran|Heatran, M|366\/385 par
|-damage|p1a: Heatran|318\/385 par|[from] Stealth Rock
|move|p2a: Kingdra|Hydro Pump|p1a: Heatran
|-supereffective|p1a: Heatran
|-damage|p1a: Heatran|0 fnt
|faint|p1a: Heatran
|
|-weather|RainDance|[upkeep]
|upkeep
|choice|*switch 3|*
|choice|switch 3|
|
|switch|p1a: Tangrowth|Tangrowth, M|211\/403
|-damage|p1a: Tangrowth|161\/403|[from] Stealth Rock
|turn|25
|choice|*move 2|*
|choice|*|*switch 3
|choice|move gigadrain|switch 3
|
|switch|p2a: Qwilfish|Qwilfish, M|272\/272
|-damage|p2a: Qwilfish|238\/272|[from] Stealth Rock
|move|p1a: Tangrowth|Giga Drain|p2a: Qwilfish
|-damage|p2a: Qwilfish|79\/272
|-heal|p1a: Tangrowth|241\/403|[from] drain|[of] p2a: Qwilfish
|
|-weather|RainDance|[upkeep]
|upkeep
|turn|26
|choice|*move 3|*
|choice|*|*move 3
|choice|move earthquake|move poisonjab
|
|move|p2a: Qwilfish|Poison Jab|p1a: Tangrowth
|-supereffective|p1a: Tangrowth
|-damage|p1a: Tangrowth|31\/403
|move|p1a: Tangrowth|Earthquake|p2a: Qwilfish
|-supereffective|p2a: Qwilfish
|-damage|p2a: Qwilfish|0 fnt
|faint|p2a: Qwilfish
|
|-weather|none
|upkeep
|choice|*|*switch 6
|choice||switch 6
|
|switch|p2a: Pelipper|Pelipper, M|92\/324
|-damage|p2a: Pelipper|11\/324|[from] Stealth Rock
|-weather|RainDance|[from] ability: Drizzle|[of] p2a: Pelipper
|turn|27
|choice|*move 2|*
|inactive|RayParK_ tiene 135 segundos restantes.
|choice|*|*move 2
|choice|move gigadrain|move roost
|
|move|p2a: Pelipper|Roost|p2a: Pelipper
|-heal|p2a: Pelipper|173\/324
|move|p1a: Tangrowth|Giga Drain|p2a: Pelipper
|-supereffective|p2a: Pelipper
|-damage|p2a: Pelipper|0 fnt
|-heal|p1a: Tangrowth|118\/403|[from] drain|[of] p2a: Pelipper
|faint|p2a: Pelipper
|
|-weather|RainDance|[upkeep]
|upkeep
|choice|*|*switch 3
|choice||switch 3
|
|switch|p2a: Kingdra|Kingdra, F|147\/292
|-damage|p2a: Kingdra|111\/292|[from] Stealth Rock
|turn|28
|choice|*|*move 1
|choice|*move 2|*
|choice|move gigadrain|move hydropump
|
|move|p2a: Kingdra|Hydro Pump|p1a: Tangrowth
|-resisted|p1a: Tangrowth
|-damage|p1a: Tangrowth|0 fnt
|faint|p1a: Tangrowth
|
|-weather|RainDance|[upkeep]
|upkeep
|choice|*switch 4|*
|choice|switch 4|
|
|switch|p1a: Tapu Koko|Tapu Koko|281\/281
|-damage|p1a: Tapu Koko|246\/281|[from] Stealth Rock
|-fieldstart|move: Electric Terrain|[from] ability: Electric Surge|[of] p1a: Tapu Koko
|turn|29
|choice|*move 1|*
|choice|*|*move 1
|choice|move thunderbolt|move hydropump
|
|move|p2a: Kingdra|Hydro Pump|p1a: Tapu Koko
|-damage|p1a: Tapu Koko|0 fnt
|faint|p1a: Tapu Koko
|
|-weather|RainDance|[upkeep]
|upkeep
|choice|*switch 6|*
|choice|switch 6|
|
|switch|p1a: Alakazam|Alakazam-Mega, F|251\/251
|-damage|p1a: Alakazam|220\/251|[from] Stealth Rock
|-ability|p1a: Alakazam|Swift Swim|[from] ability: Trace|[of] p2a: Kingdra
|turn|30
|choice|*|*move 1
|choice|*move 2|*
|choice|move energyball|move hydropump
|
|move|p1a: Alakazam|Energy Ball|p2a: Kingdra
|-damage|p2a: Kingdra|0 fnt
|faint|p2a: Kingdra
|
|win|AdderJo
AdderJo ha ganado 5.5 PokeDolares.
|raw|Puntaje de AdderJo: 1375 &rarr; <strong>1406<\/strong><br \/>(+31 por ganar)
|raw|Puntaje de RayParK_: 1583 &rarr; <strong>1553<\/strong><br \/>(-30 por perder)
|c|☆AdderJo|gg
|c|☆RayParK_|gg
</script>
</div>
<div class="battle-log battle-log-inline"><div class="inner"><div class="battle-options"></div><div class="inner"><div class=""><small>Format:</small> <br><strong>OU</strong></div><div class="rated"><strong>Rated battle</strong></div><div class=""><small><em>Cláusula-Mod de Dormir:</em> solo puedes dormir a uno de tus oponentes a la vez.</small></div><div class=""><small><em>Cláusula de Especie:</em> Hasta un Pokémon de cada especie</small></div><div class=""><small><em>Cláusula de Golpe Fulminante:</em> los movimientos fulminantes (OHKO) estan prohibidos</small></div><div class=""><small><em>Cláusula de Veleta:</em> la habilidad Veleta está prohibida</small></div><div class=""><small><em>Cláusula de Movimientos Evasivos:</em> los movimientos de Evasión están prohibidos.</small></div><div class=""><small><em>Cláusula de Batallas Eternas:</em> forzar batallas eternas está prohibido</small></div><div class="chat battle-history"><strong>AdderJo's team:</strong> <em style="color:#445566;display:block;">Staraptor / Alakazam / Tapu Koko / Kartana / Heatran / Tangrowth</em></div><div class="chat battle-history"><strong>RayParK_'s team:</strong> <em style="color:#445566;display:block;">Pelipper / Kingdra / Qwilfish / Swampert / Clefable / Ferrothorn</em></div><div class="spacer battle-history"><br></div><div class="battle-history">Battle started between AdderJo and RayParK_!<br></div><div class="spacer battle-history"><br></div><div class="battle-history">Go! <strong>Tapu Koko</strong>!<br></div><div class="spacer battle-history"><br></div><div class="battle-history">RayParK_ sent out <strong>Pelipper</strong>!<br></div><div class="battle-history"><small>[Tapu Koko's Electric Surge]</small><br><small>An electric current runs across the battlefield!</small><br></div><div class="battle-history"><small>[The opposing Pelipper's Drizzle]</small><br><small>It started to rain!</small><br></div><div class="spacer battle-history"><br></div><h2 class="battle-history">Turn 1</h2><div class="spacer battle-history"><br></div><div class="battle-history">RayParK_ withdrew Pelipper!<br></div><div class="battle-history">RayParK_ sent out <strong>Clefable</strong>!<br></div><div class="spacer battle-history"><br></div><div class="battle-history">Tapu Koko used <strong>Volt Switch</strong>!<br></div><div class="battle-history"><small>(The opposing Clefable lost <abbr title="−163/394">41.4%</abbr> of its health!)</small><br></div><div class="spacer battle-history"><br></div><div class="battle-history">Tapu Koko went back to AdderJo!<br></div><div class="battle-history">Go! <strong>Kartana</strong>!<br></div><div class="spacer battle-history"><br></div><div class="battle-history"><small>(Rain continues to fall!)</small><br></div><div class="battle-history"><small>The opposing Clefable restored a little HP using its Leftovers!</small><br></div><div class="spacer battle-history"><br></div><h2 class="battle-history">Turn 2</h2><div class="spacer battle-history"><br></div><div class="battle-history">Kartana used <strong>Swords Dance</strong>!<br></div><div class="battle-history"><small>Kartana's Attack rose sharply!</small><br></div><div class="spacer battle-history"><br></div><div class="battle-history">The opposing Clefable used <strong>Stealth Rock</strong>!<br></div><div class="battle-history"><small>Pointed stones float in the air around your team!</small><br></div><div class="spacer battle-history"><br></div><div class="battle-history"><small>(Rain continues to fall!)</small><br></div><div class="battle-history"><small>The opposing Clefable restored a little HP using its Leftovers!</small><br></div><div class="spacer battle-history"><br></div><h2 class="battle-history">Turn 3</h2><div class="spacer battle-history"><br></div><div class="battle-history">RayParK_ withdrew Clefable!<br></div><div class="battle-history">RayParK_ sent out <strong>Ferrothorn</strong>!<br></div><div class="spacer battle-history"><br></div><div class="battle-history">Kartana used <strong>Smart Strike</strong>!<br></div><div class="battle-history"><small>It's not very effective...</small><br></div><div class="battle-history"><small>(The opposing Ferrothorn lost <abbr title="−69/352">19.6%</abbr> of its health!)</small><br></div><div class="battle-history"><small>[The opposing Ferrothorn's Iron Barbs]</small><br><small>Kartana was hurt!</small><br></div><div class="battle-history"><small>Kartana was hurt by the Rocky Helmet!</small><br></div><div class="spacer battle-history"><br></div><div class="battle-history"><small>(Rain continues to fall!)</small><br></div><div class="spacer battle-history"><br></div><h2 class="battle-history">Turn 4</h2><div class="spacer battle-history"><br></div><div class="battle-history">RayParK_ withdrew Ferrothorn!<br></div><div class="battle-history">RayParK_ sent out <strong>Pelipper</strong>!<br></div><div class="battle-history"><small>Kartana surrounded itself with its Z-Power!</small><br></div><div class="spacer battle-history"><br></div><div class="battle-history">Kartana used <strong>All-Out Pummeling</strong>!<br></div><div class="battle-history"><small>It's not very effective...</small><br></div><div class="battle-history"><small>(The opposing Pelipper lost <abbr title="−151/324">46.6%</abbr> of its health!)</small><br></div><div class="spacer battle-history"><br></div><div class="battle-history"><small>(Rain continues to fall!)</small><br></div><div class="spacer battle-history"><br></div><h2 class="battle-history">Turn 5</h2><div class="spacer battle-history"><br></div><div class="battle-history">RayParK_ withdrew Pelipper!<br></div><div class="battle-history">RayParK_ sent out <strong>Ferrothorn</strong>!<br></div><div class="spacer battle-history"><br></div><div class="battle-history">Kartana used <strong>Leaf Blade</strong>!<br></div><div class="battle-history"><small>It's not very effective...</small><br></div><div class="battle-history"><small>(The opposing Ferrothorn lost <abbr title="−46/352">13.1%</abbr> of its health!)</small><br></div><div class="battle-history"><small>[The opposing Ferrothorn's Iron Barbs]</small><br><small>Kartana was hurt!</small><br></div><div class="battle-history"><small>Kartana was hurt by the Rocky Helmet!</small><br></div><div class="spacer battle-history"><br></div><div class="battle-history"><small>(Rain continues to fall!)</small><br></div><div class="battle-history"><small>The electricity disappeared from the battlefield.</small><br></div><div class="spacer battle-history"><br></div><h2 class="battle-history">Turn 6</h2><div class="chat message-error">Reloj de batalla ENCENDIDO. El jugador inactivo será descalificado (solicitado por AdderJo).</div><div class="spacer battle-history"><br></div><div class="battle-history">Kartana used <strong>Sacred Sword</strong>!<br></div><div class="battle-history"><small>It's super effective!</small><br></div><div class="battle-history"><small>(The opposing Ferrothorn lost <abbr title="−237/352">67.3%</abbr> of its health!)</small><br></div><div class="battle-history"><small>[The opposing Ferrothorn's Iron Barbs]</small><br><small>Kartana was hurt!</small><br></div><div class="battle-history"><small>Kartana was hurt by the Rocky Helmet!</small><br></div><div class="spacer battle-history"><br></div><div class="battle-history">The opposing Ferrothorn fainted!<br></div><div class="battle-history"><small>[Kartana's Beast Boost]</small><br></div><div class="battle-history"><small>Kartana's Speed rose!</small><br></div><div class="spacer battle-history"><br></div><div class="battle-history"><small>(Rain continues to fall!)</small><br></div><div class="spacer battle-history"><br></div><div class="battle-history">RayParK_ sent out <strong>Kingdra</strong>!<br></div><div class="spacer battle-history"><br></div><h2 class="battle-history">Turn 7</h2><div class="spacer battle-history"><br></div><div class="battle-history">The opposing Kingdra used <strong>Ice Beam</strong>!<br></div><div class="battle-history"><small>(Kartana lost <abbr title="−43/322">13.4%</abbr> of its health!)</small><br></div><div class="spacer battle-history"><br></div><div class="battle-history">Kartana fainted!<br></div><div class="spacer battle-history"><br></div><div class="battle-history"><small>(Rain continues to fall!)</small><br></div><div class="spacer battle-history"><br></div><div class="battle-history">Go! <strong>Heatran</strong>!<br></div><div class="battle-history"><small>Pointed stones dug into Heatran!</small><br></div><div class="spacer battle-history"><br></div><h2 class="battle-history">Turn 8</h2><div class="spacer battle-history"><br></div><div class="battle-history">RayParK_ withdrew Kingdra!<br></div><div class="battle-history">RayParK_ sent out <strong>Clefable</strong>!<br></div><div class="spacer battle-history"><br></div><div class="battle-history">Heatran used <strong>Stealth Rock</strong>!<br></div><div class="battle-history"><small>Pointed stones float in the air around the opposing team!</small><br></div><div class="spacer battle-history"><br></div><div class="battle-history"><small>The rain stopped.</small><br></div><div class="battle-history"><small>Heatran restored a little HP using its Leftovers!</small><br></div><div class="battle-history"><small>The opposing Clefable restored a little HP using its Leftovers!</small><br></div><div class="spacer battle-history"><br></div><h2 class="battle-history">Turn 9</h2><div class="spacer battle-history"><br></div><div class="battle-history">Heatran used <strong>Magma Storm</strong>!<br></div><div class="battle-history"><small>(The opposing Clefable lost <abbr title="−109/394">27.7%</abbr> of its health!)</small><br></div><div class="battle-history"><small>The opposing Clefable became trapped by swirling magma!</small><br></div><div class="spacer battle-history"><br></div><div class="battle-history">The opposing Clefable used <strong>Thunder Wave</strong>!<br></div><div class="battle-history"><small>Heatran is paralyzed! It may be unable to move!</small><br></div><div class="spacer battle-history"><br></div><div class="battle-history"><small>The opposing Clefable restored a little HP using its Leftovers!</small><br></div><div class="battle-history"><small>Heatran restored a little HP using its Leftovers!</small><br></div><div class="spacer battle-history"><br></div><h2 class="battle-history">Turn 10</h2><div class="spacer battle-history"><br></div><div class="battle-history">The opposing Clefable used <strong>Soft-Boiled</strong>!<br></div><div class="battle-history"><small>The opposing Clefable restored its HP.</small><br></div><div class="spacer battle-history"><br></div><div class="battle-history">Heatran used <strong>Earth Power</strong>!<br></div><div class="battle-history"><small>(The opposing Clefable lost <abbr title="−73/394">18.5%</abbr> of its health!)</small><br></div><div class="battle-history"><small>The opposing Clefable's Special Defense fell!</small><br></div><div class="spacer battle-history"><br></div><div class="battle-history"><small>The opposing Clefable restored a little HP using its Leftovers!</small><br></div><div class="spacer battle-history"><br></div><h2 class="battle-history">Turn 11</h2><div class="spacer battle-history"><br></div><div class="battle-history">The opposing Clefable used <strong>Moonblast</strong>!<br></div><div class="battle-history"><small>It's not very effective...</small><br></div><div class="battle-history"><small>(Heatran lost <abbr title="−19/385">4.9%</abbr> of its health!)</small><br></div><div class="battle-history"><small>Heatran's Special Attack fell!</small><br></div><div class="spacer battle-history"><br></div><div class="battle-history">Heatran is paralyzed! It can't move!<br></div><div class="spacer battle-history"><br></div><div class="battle-history"><small>The opposing Clefable restored a little HP using its Leftovers!</small><br></div><div class="battle-history"><small>Heatran restored a little HP using its Leftovers!</small><br></div><div class="spacer battle-history"><br></div><h2 class="battle-history">Turn 12</h2><div class="spacer battle-history"><br></div><div class="battle-history">The opposing Clefable used <strong>Moonblast</strong>!<br></div><div class="battle-history"><small>It's not very effective...</small><br></div><div class="battle-history"><small>(Heatran lost <abbr title="−21/385">5.5%</abbr> of its health!)</small><br></div><div class="battle-history"><small>Heatran's Special Attack fell!</small><br></div><div class="spacer battle-history"><br></div><div class="battle-history">Heatran is paralyzed! It can't move!<br></div><div class="spacer battle-history"><br></div><div class="battle-history"><small>The opposing Clefable restored a little HP using its Leftovers!</small><br></div><div class="battle-history"><small>Heatran restored a little HP using its Leftovers!</small><br></div><div class="spacer battle-history"><br></div><h2 class="battle-history">Turn 13</h2><div class="spacer battle-history"><br></div><div class="battle-history">The opposing Clefable used <strong>Moonblast</strong>!<br></div><div class="battle-history"><small>It's not very effective...</small><br></div><div class="battle-history"><small>(Heatran lost <abbr title="−18/385">4.7%</abbr> of its health!)</small><br></div><div class="spacer battle-history"><br></div><div class="battle-history">Heatran used <strong>Toxic</strong>!<br></div><div class="battle-history"><small>The opposing Clefable was badly poisoned!</small><br></div><div class="spacer battle-history"><br></div><div class="battle-history"><small>The opposing Clefable restored a little HP using its Leftovers!</small><br></div><div class="battle-history"><small>Heatran restored a little HP using its Leftovers!</small><br></div><div class="spacer battle-history"><br></div><h2 class="battle-history">Turn 14</h2><div class="chat message-error">RayParK_ tiene 135 segundos restantes.</div><div class="chat message-error">RayParK_ tiene 135 segundos restantes.</div><div class="chat message-error">RayParK_ tiene 120 segundos restantes.</div><div class="chat chatmessage-adderjo"><strong style="color:hsl(264,75%,56.933847391406246%)"><small>☆</small><span class="username" data-name="AdderJo">AdderJo</span>:</strong> <em>de sand team a rain team</em></div><div class="chat chatmessage-adderjo"><strong style="color:hsl(264,75%,56.933847391406246%)"><small>☆</small><span class="username" data-name="AdderJo">AdderJo</span>:</strong> <em>xd</em></div><div class="chat message-error">RayParK_ tiene 105 segundos restantes.</div><div class="spacer battle-history"><br></div><div class="battle-history">Heatran, come back!<br></div><div class="battle-history">Go! <strong>Tangrowth</strong>!<br></div><div class="battle-history"><small>Pointed stones dug into Tangrowth!</small><br></div><div class="spacer battle-history"><br></div><div class="battle-history">The opposing Clefable used <strong>Moonblast</strong>!<br></div><div class="battle-history"><small>(Tangrowth lost <abbr title="−79/403">19.6%</abbr> of its health!)</small><br></div><div class="spacer battle-history"><br></div><div class="battle-history"><small>The opposing Clefable was freed from Magma Storm!</small><br></div><div class="spacer battle-history"><br></div><h2 class="battle-history">Turn 15</h2><div class="spacer battle-history"><br></div><div class="battle-history">The opposing Clefable used <strong>Moonblast</strong>!<br></div><div class="battle-history"><small>(Tangrowth lost <abbr title="−76/403">18.9%</abbr> of its health!)</small><br></div><div class="spacer battle-history"><br></div><div class="battle-history">Tangrowth used <strong>Knock Off</strong>!<br></div><div class="battle-history"><small>It's not very effective...</small><br></div><div class="battle-history"><small>(The opposing Clefable lost <abbr title="−50/394">12.7%</abbr> of its health!)</small><br></div><div class="battle-history"><small>Tangrowth knocked off the opposing Clefable's Leftovers!</small><br></div><div class="spacer battle-history"><br></div><h2 class="battle-history">Turn 16</h2><div class="spacer battle-history"><br></div><div class="battle-history">Tangrowth, come back!<br></div><div class="battle-history">Go! <strong>Heatran</strong>!<br></div><div class="battle-history"><small>Pointed stones dug into Heatran!</small><br></div><div class="spacer battle-history"><br></div><div class="battle-history">The opposing Clefable used <strong>Moonblast</strong>!<br></div><div class="battle-history"><small>It's not very effective...</small><br></div><div class="battle-history"><small>(Heatran lost <abbr title="−19/385">4.9%</abbr> of its health!)</small><br></div><div class="spacer battle-history"><br></div><div class="battle-history"><small>Heatran restored a little HP using its Leftovers!</small><br></div><div class="spacer battle-history"><br></div><h2 class="battle-history">Turn 17</h2><div class="spacer battle-history"><br></div><div class="battle-history">RayParK_ withdrew Clefable!<br></div><div class="battle-history">RayParK_ sent out <strong>Kingdra</strong>!<br></div><div class="battle-history"><small>Pointed stones dug into the opposing Kingdra!</small><br></div><div class="spacer battle-history"><br></div><div class="battle-history">Heatran used <strong>Magma Storm</strong>!<br></div><div class="battle-history"><small>It's not very effective...</small><br></div><div class="battle-history"><small>(The opposing Kingdra lost <abbr title="−37/292">12.7%</abbr> of its health!)</small><br></div><div class="battle-history"><small>The opposing Kingdra became trapped by swirling magma!</small><br></div><div class="spacer battle-history"><br></div><div class="battle-history"><small>Heatran restored a little HP using its Leftovers!</small><br></div><div class="battle-history"><small>The opposing Kingdra is hurt by Magma Storm!</small><br></div><div class="spacer battle-history"><br></div><h2 class="battle-history">Turn 18</h2><div class="spacer battle-history"><br></div><div class="battle-history">Heatran, come back!<br></div><div class="battle-history">Go! <strong>Tangrowth</strong>!<br></div><div class="battle-history"><small>Pointed stones dug into Tangrowth!</small><br></div><div class="spacer battle-history"><br></div><div class="battle-history">The opposing Kingdra used <strong>Draco Meteor</strong>!<br></div><div class="battle-history"><small>(Tangrowth lost <abbr title="−205/403">50.9%</abbr> of its health!)</small><br></div><div class="battle-history"><small>The opposing Kingdra's Special Attack fell harshly!</small><br></div><div class="spacer battle-history"><br></div><h2 class="battle-history">Turn 19</h2><div class="spacer battle-history"><br></div><div class="battle-history">RayParK_ withdrew Kingdra!<br></div><div class="battle-history">RayParK_ sent out <strong>Pelipper</strong>!<br></div><div class="battle-history"><small>Pointed stones dug into the opposing Pelipper!</small><br></div><div class="battle-history"><small>[The opposing Pelipper's Drizzle]</small><br><small>It started to rain!</small><br></div><div class="spacer battle-history"><br></div><div class="battle-history">Tangrowth, come back!<br></div><div class="battle-history">Go! <strong>Staraptor</strong>!<br></div><div class="battle-history"><small>Pointed stones dug into Staraptor!</small><br></div><div class="spacer battle-history"><br></div><div class="battle-history"><small>(Rain continues to fall!)</small><br></div><div class="spacer battle-history"><br></div><h2 class="battle-history">Turn 20</h2><div class="spacer battle-history"><br></div><div class="battle-history">RayParK_ withdrew Pelipper!<br></div><div class="battle-history">RayParK_ sent out <strong>Clefable</strong>!<br></div><div class="spacer battle-history"><br></div><div class="battle-history">Staraptor used <strong>Brave Bird</strong>!<br></div><div class="battle-history"><small>(The opposing Clefable lost <abbr title="−322/394">81.7%</abbr> of its health!)</small><br></div><div class="battle-history"><small>Staraptor is damaged by the recoil!</small><br></div><div class="spacer battle-history"><br></div><div class="battle-history"><small>(Rain continues to fall!)</small><br></div><div class="spacer battle-history"><br></div><h2 class="battle-history">Turn 21</h2><div class="spacer battle-history"><br></div><div class="battle-history">Staraptor used <strong>Brave Bird</strong>!<br></div><div class="battle-history"><small>(The opposing Clefable lost <abbr title="−22/394">5.6%</abbr> of its health!)</small><br></div><div class="battle-history"><small>Staraptor is damaged by the recoil!</small><br></div><div class="spacer battle-history"><br></div><div class="battle-history">The opposing Clefable fainted!<br></div><div class="spacer battle-history"><br></div><div class="battle-history"><small>(Rain continues to fall!)</small><br></div><div class="spacer battle-history"><br></div><div class="battle-history">RayParK_ sent out <strong>Swampert</strong>!<br></div><div class="battle-history"><small>Pointed stones dug into the opposing Swampert!</small><br></div><div class="spacer battle-history"><br></div><h2 class="battle-history">Turn 22</h2><div class="spacer battle-history"><br></div><div class="battle-history"><small>The opposing Swampert's Swampertite is reacting to the Key Stone!</small><br>The opposing Swampert has Mega Evolved into Mega Swampert!<br></div><div class="spacer battle-history"><br></div><div class="battle-history">Staraptor used <strong>Brave Bird</strong>!<br></div><div class="battle-history"><small>(The opposing Swampert lost <abbr title="−208/342">60.8%</abbr> of its health!)</small><br></div><div class="battle-history"><small>Staraptor is damaged by the recoil!</small><br></div><div class="spacer battle-history"><br></div><div class="battle-history">The opposing Swampert used <strong>Ice Punch</strong>!<br></div><div class="battle-history"><small>It's super effective!</small><br></div><div class="battle-history"><small>(Staraptor lost <abbr title="−52/311">16.7%</abbr> of its health!)</small><br></div><div class="spacer battle-history"><br></div><div class="battle-history">Staraptor fainted!<br></div><div class="spacer battle-history"><br></div><div class="battle-history"><small>(Rain continues to fall!)</small><br></div><div class="spacer battle-history"><br></div><div class="battle-history">Go! <strong>Alakazam</strong>!<br></div><div class="spacer battle-history"><br></div><h2 class="battle-history">Turn 23</h2><div class="spacer battle-history"><br></div><div class="battle-history"><small>Alakazam's Alakazite is reacting to the Key Stone!</small><br>Alakazam has Mega Evolved into Mega Alakazam!<br></div><div class="battle-history"><small>[Alakazam's Trace]</small><br><small>[Alakazam's Swift Swim]</small><br><small>Alakazam traced the opposing Swampert's Swift Swim!</small><br></div><div class="spacer battle-history"><br></div><div class="battle-history">Alakazam used <strong>Energy Ball</strong>!<br></div><div class="battle-history"><small>It's super effective!</small><br></div><div class="battle-history"><small>(The opposing Swampert lost <abbr title="−113/342">33.0%</abbr> of its health!)</small><br></div><div class="spacer battle-history"><br></div><div class="battle-history">The opposing Swampert fainted!<br></div><div class="spacer battle-history"><br></div><div class="battle-history"><small>(Rain continues to fall!)</small><br></div><div class="spacer battle-history"><br></div><div class="battle-history">RayParK_ sent out <strong>Kingdra</strong>!<br></div><div class="battle-history"><small>Pointed stones dug into the opposing Kingdra!</small><br></div><div class="spacer battle-history"><br></div><h2 class="battle-history">Turn 24</h2><div class="spacer battle-history"><br></div><div class="battle-history">Alakazam, come back!<br></div><div class="battle-history">Go! <strong>Heatran</strong>!<br></div><div class="battle-history"><small>Pointed stones dug into Heatran!</small><br></div><div class="spacer battle-history"><br></div><div class="battle-history">The opposing Kingdra used <strong>Hydro Pump</strong>!<br></div><div class="battle-history"><small>It's super effective!</small><br></div><div class="battle-history"><small>(Heatran lost <abbr title="−318/385">82.6%</abbr> of its health!)</small><br></div><div class="spacer battle-history"><br></div><div class="battle-history">Heatran fainted!<br></div><div class="spacer battle-history"><br></div><div class="battle-history"><small>(Rain continues to fall!)</small><br></div><div class="spacer battle-history"><br></div><div class="battle-history">Go! <strong>Tangrowth</strong>!<br></div><div class="battle-history"><small>Pointed stones dug into Tangrowth!</small><br></div><div class="spacer battle-history"><br></div><h2 class="battle-history">Turn 25</h2><div class="spacer battle-history"><br></div><div class="battle-history">RayParK_ withdrew Kingdra!<br></div><div class="battle-history">RayParK_ sent out <strong>Qwilfish</strong>!<br></div><div class="battle-history"><small>Pointed stones dug into the opposing Qwilfish!</small><br></div><div class="spacer battle-history"><br></div><div class="battle-history">Tangrowth used <strong>Giga Drain</strong>!<br></div><div class="battle-history"><small>(The opposing Qwilfish lost <abbr title="−159/272">58.5%</abbr> of its health!)</small><br></div><div class="battle-history"><small>The opposing Qwilfish had its energy drained!</small><br></div><div class="spacer battle-history"><br></div><div class="battle-history"><small>(Rain continues to fall!)</small><br></div><div class="spacer battle-history"><br></div><h2 class="battle-history">Turn 26</h2><div class="spacer battle-history"><br></div><div class="battle-history">The opposing Qwilfish used <strong>Poison Jab</strong>!<br></div><div class="battle-history"><small>It's super effective!</small><br></div><div class="battle-history"><small>(Tangrowth lost <abbr title="−210/403">52.1%</abbr> of its health!)</small><br></div><div class="spacer battle-history"><br></div><div class="battle-history">Tangrowth used <strong>Earthquake</strong>!<br></div><div class="battle-history"><small>It's super effective!</small><br></div><div class="battle-history"><small>(The opposing Qwilfish lost <abbr title="−79/272">29.0%</abbr> of its health!)</small><br></div><div class="spacer battle-history"><br></div><div class="battle-history">The opposing Qwilfish fainted!<br></div><div class="spacer battle-history"><br></div><div class="battle-history"><small>The rain stopped.</small><br></div><div class="spacer battle-history"><br></div><div class="battle-history">RayParK_ sent out <strong>Pelipper</strong>!<br></div><div class="battle-history"><small>Pointed stones dug into the opposing Pelipper!</small><br></div><div class="battle-history"><small>[The opposing Pelipper's Drizzle]</small><br><small>It started to rain!</small><br></div><div class="spacer battle-history"><br></div><h2 class="battle-history">Turn 27</h2><div class="chat message-error">RayParK_ tiene 135 segundos restantes.</div><div class="spacer battle-history"><br></div><div class="battle-history">The opposing Pelipper used <strong>Roost</strong>!<br></div><div class="battle-history"><small>The opposing Pelipper restored its HP.</small><br></div><div class="spacer battle-history"><br></div><div class="battle-history">Tangrowth used <strong>Giga Drain</strong>!<br></div><div class="battle-history"><small>It's super effective!</small><br></div><div class="battle-history"><small>(The opposing Pelipper lost <abbr title="−173/324">53.4%</abbr> of its health!)</small><br></div><div class="battle-history"><small>The opposing Pelipper had its energy drained!</small><br></div><div class="spacer battle-history"><br></div><div class="battle-history">The opposing Pelipper fainted!<br></div><div class="spacer battle-history"><br></div><div class="battle-history"><small>(Rain continues to fall!)</small><br></div><div class="spacer battle-history"><br></div><div class="battle-history">RayParK_ sent out <strong>Kingdra</strong>!<br></div><div class="battle-history"><small>Pointed stones dug into the opposing Kingdra!</small><br></div><div class="spacer battle-history"><br></div><h2 class="battle-history">Turn 28</h2><div class="spacer battle-history"><br></div><div class="battle-history">The opposing Kingdra used <strong>Hydro Pump</strong>!<br></div><div class="battle-history"><small>It's not very effective...</small><br></div><div class="battle-history"><small>(Tangrowth lost <abbr title="−118/403">29.3%</abbr> of its health!)</small><br></div><div class="spacer battle-history"><br></div><div class="battle-history">Tangrowth fainted!<br></div><div class="spacer battle-history"><br></div><div class="battle-history"><small>(Rain continues to fall!)</small><br></div><div class="spacer battle-history"><br></div><div class="battle-history">Go! <strong>Tapu Koko</strong>!<br></div><div class="battle-history"><small>Pointed stones dug into Tapu Koko!</small><br></div><div class="battle-history"><small>[Tapu Koko's Electric Surge]</small><br><small>An electric current runs across the battlefield!</small><br></div><div class="spacer battle-history"><br></div><h2 class="battle-history">Turn 29</h2><div class="spacer battle-history"><br></div><div class="battle-history">The opposing Kingdra used <strong>Hydro Pump</strong>!<br></div><div class="battle-history"><small>(Tapu Koko lost <abbr title="−246/281">87.5%</abbr> of its health!)</small><br></div><div class="spacer battle-history"><br></div><div class="battle-history">Tapu Koko fainted!<br></div><div class="spacer battle-history"><br></div><div class="battle-history"><small>(Rain continues to fall!)</small><br></div><div class="spacer battle-history"><br></div><div class="battle-history">Go! Alakazam (<strong>Alakazam-Mega</strong>)!<br></div><div class="battle-history"><small>Pointed stones dug into Alakazam!</small><br></div><div class="battle-history"><small>[Alakazam's Trace]</small><br><small>[Alakazam's Swift Swim]</small><br><small>Alakazam traced the opposing Kingdra's Swift Swim!</small><br></div><div class="spacer battle-history"><br></div><h2 class="battle-history">Turn 30</h2><div class="spacer battle-history"><br></div><div class="battle-history">Alakazam used <strong>Energy Ball</strong>!<br></div><div class="battle-history"><small>(The opposing Kingdra lost <abbr title="−111/292">38.0%</abbr> of its health!)</small><br></div><div class="spacer battle-history"><br></div><div class="battle-history">The opposing Kingdra fainted!<br></div><div class="spacer battle-history"><br></div><div class="battle-history"><strong>AdderJo</strong> won the battle!<br></div><div class="chat">AdderJo ha ganado 5.5 PokeDolares.</div><div class="chat">Puntaje de AdderJo: 1375 → <strong>1406</strong><br>(+31 por ganar)</div><div class="chat">Puntaje de RayParK_: 1583 → <strong>1553</strong><br>(-30 por perder)</div><div class="chat chatmessage-adderjo"><strong style="color:hsl(264,75%,56.933847391406246%)"><small>☆</small><span class="username" data-name="AdderJo">AdderJo</span>:</strong> <em>gg</em></div><div class="chat chatmessage-raypark"><strong style="color:hsl(303,43%,49.435043293560454%)"><small>☆</small><span class="username" data-name="RayParK_">RayParK_</span>:</strong> <em>gg</em></div></div><div class="inner-preempt"></div></div></div>
</div>
<script>
let daily = Math.floor(Date.now()/1000/60/60/24);document.write('<script src="https://play.pokemonshowdown.com/js/replay-embed.js?version'+daily+'"></'+'script>');
</script>
