<!DOCTYPE html>
<meta charset="utf-8" />
<!-- version 1 -->
<title>OU replay: cacoluis2005 vs. zoxel19</title>
<style>
html,body {font-family:Verdana, sans-serif;font-size:10pt;margin:0;padding:0;}body{padding:12px 0;} .battle-log {font-family:Verdana, sans-serif;font-size:10pt;} .battle-log-inline {border:1px solid #AAAAAA;background:#EEF2F5;color:black;max-width:640px;margin:0 auto 80px;padding-bottom:5px;} .battle-log .inner {padding:4px 8px 0px 8px;} .battle-log .inner-preempt {padding:0 8px 4px 8px;} .battle-log .inner-after {margin-top:0.5em;} .battle-log h2 {margin:0.5em -8px;padding:4px 8px;border:1px solid #AAAAAA;background:#E0E7EA;border-left:0;border-right:0;font-family:Verdana, sans-serif;font-size:13pt;} .battle-log .chat {vertical-align:middle;padding:3px 0 3px 0;font-size:8pt;} .battle-log .chat strong {color:#40576A;} .battle-log .chat em {padding:1px 4px 1px 3px;color:#000000;font-style:normal;} .chat.mine {background:rgba(0,0,0,0.05);margin-left:-8px;margin-right:-8px;padding-left:8px;padding-right:8px;} .spoiler {color:#BBBBBB;background:#BBBBBB;padding:0px 3px;} .spoiler:hover, .spoiler:active, .spoiler-shown {color:#000000;background:#E2E2E2;padding:0px 3px;} .spoiler a {color:#BBBBBB;} .spoiler:hover a, .spoiler:active a, .spoiler-shown a {color:#2288CC;} .chat code, .chat .spoiler:hover code, .chat .spoiler:active code, .chat .spoiler-shown code {border:1px solid #C0C0C0;background:#EEEEEE;color:black;padding:0 2px;} .chat .spoiler code {border:1px solid #CCCCCC;background:#CCCCCC;color:#CCCCCC;} .battle-log .rated {padding:3px 4px;} .battle-log .rated strong {color:white;background:#89A;padding:1px 4px;border-radius:4px;} .spacer {margin-top:0.5em;} .message-announce {background:#6688AA;color:white;padding:1px 4px 2px;} .message-announce a, .broadcast-green a, .broadcast-blue a, .broadcast-red a {color:#DDEEFF;} .broadcast-green {background-color:#559955;color:white;padding:2px 4px;} .broadcast-blue {background-color:#6688AA;color:white;padding:2px 4px;} .infobox {border:1px solid #6688AA;padding:2px 4px;} .infobox-limited {max-height:200px;overflow:auto;overflow-x:hidden;} .broadcast-red {background-color:#AA5544;color:white;padding:2px 4px;} .message-learn-canlearn {font-weight:bold;color:#228822;text-decoration:underline;} .message-learn-cannotlearn {font-weight:bold;color:#CC2222;text-decoration:underline;} .message-effect-weak {font-weight:bold;color:#CC2222;} .message-effect-resist {font-weight:bold;color:#6688AA;} .message-effect-immune {font-weight:bold;color:#666666;} .message-learn-list {margin-top:0;margin-bottom:0;} .message-throttle-notice, .message-error {color:#992222;} .message-overflow, .chat small.message-overflow {font-size:0pt;} .message-overflow::before {font-size:9pt;content:'...';} .subtle {color:#3A4A66;}
</style>
<div class="wrapper replay-wrapper" style="max-width:1180px;margin:0 auto">
<input type="hidden" name="replayid" value="destiny-ou-476560" />
<div class="battle"></div><div class="battle-log"></div><div class="replay-controls"></div><div class="replay-controls-2"></div>
<h1 style="font-weight:normal;text-align:center"><strong>OU</strong><br /><a href="http://pokemonshowdown.com/users/cacoluis2005" class="subtle" target="_blank">cacoluis2005</a> vs. <a href="http://pokemonshowdown.com/users/zoxel19" class="subtle" target="_blank">zoxel19</a></h1>
<script type="text/plain" class="battle-log-data">|player|p1|cacoluis2005|1011
|teamsize|p1|6
|player|p2|zoxel19|1
|teamsize|p2|6
|teamsize|p1|6
|teamsize|p2|6
|gametype|singles
|gen|7
|tier|OU
|rated
|seed|37056,41608,11518,22486
|rule|Cláusula-Mod de Dormir: solo puedes dormir a uno de tus oponentes a la vez.
|rule|Cláusula de Especie: Hasta un Pokémon de cada especie
|rule|Cláusula de Golpe Fulminante: los movimientos fulminantes (OHKO) estan prohibidos
|rule|Cláusula de Veleta: la habilidad Veleta está prohibida
|rule|Cláusula de Movimientos Evasivos: los movimientos de Evasión están prohibidos.
|rule|Cláusula de Batallas Eternas: forzar batallas eternas está prohibido
|clearpoke
|poke|p1|Alakazam, F, shiny|item
|poke|p1|Greninja, M|item
|poke|p1|Landorus-Therian, M|item
|poke|p1|Kartana, shiny|item
|poke|p1|Chansey, F|item
|poke|p1|Tapu Lele|item
|poke|p2|Chansey, F|item
|poke|p2|Zapdos|item
|poke|p2|Heatran, M|item
|poke|p2|Tapu Fini|item
|poke|p2|Scizor, M|item
|poke|p2|Zygarde|item
|teampreview|undefined
|inactive|Reloj de batalla ENCENDIDO. El jugador inactivo será descalificado (solicitado por cacoluis2005).
|choice|*|*team 623451
|choice|*team 123456|*
|choice|team 1, 2, 3, 4, 5, 6|team 6, 2, 3, 4, 5, 1
|
|start
|switch|p1a: Alakazam|Alakazam, F, shiny|251\/251
|switch|p2a: Zygarde|Zygarde|357\/357
|-ability|p2a: Zygarde|Aura Break
|turn|1
|choice|*move 1 mega|*
|inactive|zoxel19 tiene 135 segundos restantes.
|choice|*|*move 4
|choice|move psychic mega|move substitute
|
|-mega|p1a: Alakazam|Alakazam|Alakazite
|detailschange|p1a: Alakazam|Alakazam-Mega, F, shiny
|-ability|p1a: Alakazam|Aura Break|[from] ability: Trace|[of] p2a: Zygarde
|-ability|p1a: Alakazam|Aura Break
|move|p1a: Alakazam|Psychic|p2a: Zygarde
|-damage|p2a: Zygarde|161\/357
|move|p2a: Zygarde|Substitute|p2a: Zygarde
|-start|p2a: Zygarde|Substitute
|-damage|p2a: Zygarde|72\/357
|
|-heal|p2a: Zygarde|94\/357|[from] item: Leftovers
|upkeep
|turn|2
|choice|*move 1|*
|inactive|zoxel19 tiene 135 segundos restantes.
|inactive|zoxel19 tiene 120 segundos restantes.
|choice|*|*move 3
|choice|move psychic|move thousandarrows
|
|move|p1a: Alakazam|Psychic|p2a: Zygarde
|-end|p2a: Zygarde|Substitute
|move|p2a: Zygarde|Thousand Arrows|p1a: Alakazam
|-damage|p1a: Alakazam|40\/251
|
|-heal|p2a: Zygarde|116\/357|[from] item: Leftovers
|upkeep
|turn|3
|choice|*move 1|*
|choice|*|*switch 5
|choice|move psychic|switch 5
|
|switch|p2a: Scizor|Scizor, M|281\/281
|move|p1a: Alakazam|Psychic|p2a: Scizor
|-resisted|p2a: Scizor
|-damage|p2a: Scizor|158\/281
|-unboost|p2a: Scizor|spd|1
|
|upkeep
|turn|4
|choice|*switch 6|*
|choice|*|*move 1 mega
|choice|switch 6|move uturn mega
|
|switch|p1a: Tapu Lele|Tapu Lele|281\/281
|-fieldstart|move: Psychic Terrain|[from] ability: Psychic Surge|[of] p1a: Tapu Lele
|-mega|p2a: Scizor|Scizor|Scizorite
|detailschange|p2a: Scizor|Scizor-Mega, M
|move|p2a: Scizor|U-turn|p1a: Tapu Lele
|-damage|p1a: Tapu Lele|89\/281
|inactive|zoxel19 tiene 135 segundos restantes.
|choice|*|*switch 3
|choice||switch 3
|
|switch|p2a: Heatran|Heatran, M|386\/386|[from]move: U-turn
|
|upkeep
|turn|5
|choice|*move 3|*
|choice|*|*move 3
|choice|move focusblast|move toxic
|
|move|p1a: Tapu Lele|Focus Blast|p2a: Heatran
|-supereffective|p2a: Heatran
|-damage|p2a: Heatran|108\/386
|-damage|p1a: Tapu Lele|61\/281|[from] item: Life Orb
|move|p2a: Heatran|Toxic|p1a: Tapu Lele
|-status|p1a: Tapu Lele|tox
|
|-heal|p2a: Heatran|132\/386|[from] item: Leftovers
|-damage|p1a: Tapu Lele|44\/281 tox|[from] psn
|upkeep
|turn|6
|choice|*move 3|*
|choice|*move 1|*
|choice|*|*move 4
|choice|move psyshock|move protect
|
|move|p2a: Heatran|Protect|p2a: Heatran
|-singleturn|p2a: Heatran|Protect
|move|p1a: Tapu Lele|Psyshock|p2a: Heatran
|-activate|p2a: Heatran|move: Protect
|
|-heal|p2a: Heatran|156\/386|[from] item: Leftovers
|-damage|p1a: Tapu Lele|10\/281 tox|[from] psn
|upkeep
|turn|7
|choice|*move 3|*
|inactive|zoxel19 tiene 135 segundos restantes.
|choice|*|*switch 3
|choice|move focusblast|switch 3
|
|switch|p2a: Scizor|Scizor-Mega, M|158\/281
|move|p1a: Tapu Lele|Focus Blast|p2a: Scizor|[miss]
|-miss|p1a: Tapu Lele|p2a: Scizor
|
|-damage|p1a: Tapu Lele|0 fnt|[from] psn
|upkeep
|faint|p1a: Tapu Lele
|inactive|cacoluis2005 tiene 135 segundos restantes.
|choice|*switch 2|*
|choice|switch 2|
|
|switch|p1a: Greninja|Greninja, M|285\/285
|turn|8
|choice|*move 2|*
|choice|*|*switch 2
|choice|move darkpulse|switch 2
|
|switch|p2a: Zapdos|Zapdos|321\/321
|move|p1a: Greninja|Dark Pulse|p2a: Zapdos
|-damage|p2a: Zapdos|125\/321
|
|-heal|p2a: Zapdos|145\/321|[from] item: Leftovers
|-fieldend|move: Psychic Terrain
|upkeep
|turn|9
|choice|*move 2|*
|choice|*|*move 1
|choice|move darkpulse|move discharge
|
|move|p1a: Greninja|Dark Pulse|p2a: Zapdos
|-damage|p2a: Zapdos|0 fnt
|faint|p2a: Zapdos
|-activate|p1a: Greninja|ability: Battle Bond
|detailschange|p1a: Greninja|Greninja-Ash, M
|
|upkeep
|inactive|zoxel19 tiene 135 segundos restantes.
|choice|*|*switch 4
|choice||switch 4
|
|switch|p2a: Tapu Fini|Tapu Fini|344\/344
|-fieldstart|move: Misty Terrain|[from] ability: Misty Surge|[of] p2a: Tapu Fini
|turn|10
|inactive|cacoluis2005 tiene 135 segundos restantes.
|inactive|zoxel19 tiene 135 segundos restantes.
|choice|*|*move 3
|choice|*switch 4|*
|choice|switch 4|move moonblast
|
|switch|p1a: Kartana|Kartana, shiny|259\/259
|move|p2a: Tapu Fini|Moonblast|p1a: Kartana
|-resisted|p1a: Kartana
|-damage|p1a: Kartana|86\/259
|-unboost|p1a: Kartana|spa|1
|
|upkeep
|turn|11
|choice|*move 1|*
|choice|*|*switch 2
|choice|move leafblade|switch 2
|
|switch|p2a: Scizor|Scizor-Mega, M|158\/281
|move|p1a: Kartana|Leaf Blade|p2a: Scizor
|-resisted|p2a: Scizor
|-damage|p2a: Scizor|119\/281
|
|upkeep
|turn|12
|choice|*move 1|*
|inactive|zoxel19 tiene 135 segundos restantes.
|choice|*|*move 3
|choice|move leafblade|move roost
|
|move|p1a: Kartana|Leaf Blade|p2a: Scizor
|-resisted|p2a: Scizor
|-damage|p2a: Scizor|83\/281
|move|p2a: Scizor|Roost|p2a: Scizor
|-heal|p2a: Scizor|224\/281
|
|upkeep
|turn|13
|choice|*move 1|*
|choice|*|*move 4
|choice|move leafblade|move pursuit
|
|move|p1a: Kartana|Leaf Blade|p2a: Scizor
|-resisted|p2a: Scizor
|-damage|p2a: Scizor|185\/281
|move|p2a: Scizor|Pursuit|p1a: Kartana
|-damage|p1a: Kartana|18\/259
|
|upkeep
|turn|14
|choice|*|*move 3
|choice|*move 1|*
|choice|move leafblade|move roost
|
|move|p1a: Kartana|Leaf Blade|p2a: Scizor
|-resisted|p2a: Scizor
|-crit|p2a: Scizor
|-damage|p2a: Scizor|128\/281
|move|p2a: Scizor|Roost|p2a: Scizor
|-heal|p2a: Scizor|269\/281
|
|-fieldend|Misty Terrain
|upkeep
|turn|15
|choice|*move 1|*
|choice|*|*move 2
|choice|move leafblade|move bulletpunch
|
|move|p2a: Scizor|Bullet Punch|p1a: Kartana
|-resisted|p1a: Kartana
|-damage|p1a: Kartana|0 fnt
|faint|p1a: Kartana
|
|upkeep
|choice|*switch 4|*
|choice|switch 4|
|
|switch|p1a: Greninja|Greninja-Ash, M|285\/285
|turn|16
|choice|*move 2|*
|choice|*|*switch 2
|choice|move darkpulse|switch 2
|
|switch|p2a: Tapu Fini|Tapu Fini|344\/344
|-fieldstart|move: Misty Terrain|[from] ability: Misty Surge|[of] p2a: Tapu Fini
|move|p1a: Greninja|Dark Pulse|p2a: Tapu Fini
|-resisted|p2a: Tapu Fini
|-damage|p2a: Tapu Fini|242\/344
|
|-heal|p2a: Tapu Fini|263\/344|[from] item: Leftovers
|upkeep
|turn|17
|choice|*switch 6|*
|choice|*switch 5|*
|choice|*|*move 3
|choice|switch 5|move moonblast
|
|switch|p1a: Chansey|Chansey, F|704\/704
|move|p2a: Tapu Fini|Moonblast|p1a: Chansey
|-damage|p1a: Chansey|616\/704
|-unboost|p1a: Chansey|spa|1
|
|-heal|p2a: Tapu Fini|284\/344|[from] item: Leftovers
|upkeep
|turn|18
|choice|*move 4|*
|choice|*|*switch 5
|choice|move stealthrock|switch 5
|
|switch|p2a: Zygarde|Zygarde|116\/357
|-ability|p2a: Zygarde|Aura Break
|move|p1a: Chansey|Stealth Rock|p2a: Zygarde
|-sidestart|p2: zoxel19|move: Stealth Rock
|
|-heal|p2a: Zygarde|138\/357|[from] item: Leftovers
|upkeep
|turn|19
|choice|*move 3|*
|choice|*|*move 4
|choice|move seismictoss|move substitute
|
|move|p2a: Zygarde|Substitute|p2a: Zygarde
|-start|p2a: Zygarde|Substitute
|-damage|p2a: Zygarde|49\/357
|move|p1a: Chansey|Seismic Toss|p2a: Zygarde
|-end|p2a: Zygarde|Substitute
|
|-heal|p2a: Zygarde|71\/357|[from] item: Leftovers
|upkeep
|turn|20
|choice|*move 4|*
|choice|*move 3|*
|choice|*|*move 3
|choice|move seismictoss|move thousandarrows
|
|move|p2a: Zygarde|Thousand Arrows|p1a: Chansey
|-damage|p1a: Chansey|396\/704
|move|p1a: Chansey|Seismic Toss|p2a: Zygarde
|-damage|p2a: Zygarde|0 fnt
|faint|p2a: Zygarde
|
|-fieldend|Misty Terrain
|upkeep
|choice|*|*switch 5
|choice||switch 5
|
|switch|p2a: Tapu Fini|Tapu Fini|284\/344
|-damage|p2a: Tapu Fini|241\/344|[from] Stealth Rock
|-fieldstart|move: Misty Terrain|[from] ability: Misty Surge|[of] p2a: Tapu Fini
|turn|21
|choice|*|*move 4
|choice|*move 2|*
|choice|move softboiled|move taunt
|
|move|p2a: Tapu Fini|Taunt|p1a: Chansey
|-start|p1a: Chansey|move: Taunt
|cant|p1a: Chansey|move: Taunt|Soft-Boiled
|
|-heal|p2a: Tapu Fini|262\/344|[from] item: Leftovers
|upkeep
|turn|22
|choice|*switch 6|*
|choice|*|*move 1
|choice|switch 6|move scald
|
|switch|p1a: Alakazam|Alakazam-Mega, F, shiny|40\/251
|-ability|p1a: Alakazam|Misty Surge|[from] ability: Trace|[of] p2a: Tapu Fini
|move|p2a: Tapu Fini|Scald|p1a: Alakazam
|-damage|p1a: Alakazam|0 fnt
|faint|p1a: Alakazam
|
|-heal|p2a: Tapu Fini|283\/344|[from] item: Leftovers
|upkeep
|choice|*switch 5|*
|choice|switch 5|
|
|switch|p1a: Greninja|Greninja-Ash, M|285\/285
|turn|23
|choice|*move 4|*
|choice|*|*move 3
|choice|move uturn|move moonblast
|
|move|p1a: Greninja|U-turn|p2a: Tapu Fini
|-resisted|p2a: Tapu Fini
|-damage|p2a: Tapu Fini|255\/344
|-message|cacoluis2005 se rindió.
|
|win|zoxel19
zoxel19 ha ganado 8 PokeDolares.
|raw|Puntaje de cacoluis2005: 1323 &rarr; <strong>1287<\/strong><br \/>(-36 por perder)
|raw|Puntaje de zoxel19: 1170 &rarr; <strong>1209<\/strong><br \/>(+39 por ganar)
</script>
</div>
<div class="battle-log battle-log-inline"><div class="inner"><div class="battle-options"></div><div class="inner"><div class=""><small>Format:</small> <br><strong>OU</strong></div><div class="rated"><strong>Rated battle</strong></div><div class=""><small><em>Cláusula-Mod de Dormir:</em> solo puedes dormir a uno de tus oponentes a la vez.</small></div><div class=""><small><em>Cláusula de Especie:</em> Hasta un Pokémon de cada especie</small></div><div class=""><small><em>Cláusula de Golpe Fulminante:</em> los movimientos fulminantes (OHKO) estan prohibidos</small></div><div class=""><small><em>Cláusula de Veleta:</em> la habilidad Veleta está prohibida</small></div><div class=""><small><em>Cláusula de Movimientos Evasivos:</em> los movimientos de Evasión están prohibidos.</small></div><div class=""><small><em>Cláusula de Batallas Eternas:</em> forzar batallas eternas está prohibido</small></div><div class="chat battle-history"><strong>cacoluis2005's team:</strong> <em style="color:#445566;display:block;">Alakazam / Greninja / Landorus-Therian / Kartana / Chansey / Tapu Lele</em></div><div class="chat battle-history"><strong>zoxel19's team:</strong> <em style="color:#445566;display:block;">Chansey / Zapdos / Heatran / Tapu Fini / Scizor / Zygarde</em></div><div class="chat message-error">Reloj de batalla ENCENDIDO. El jugador inactivo será descalificado (solicitado por cacoluis2005).</div><div class="spacer battle-history"><br></div><div class="battle-history">Battle started between cacoluis2005 and zoxel19!<br></div><div class="spacer battle-history"><br></div><div class="battle-history">Go! <strong>Alakazam</strong>!<br></div><div class="spacer battle-history"><br></div><div class="battle-history">zoxel19 sent out <strong>Zygarde</strong>!<br></div><div class="battle-history"><small>[The opposing Zygarde's Aura Break]</small><br><small>The opposing Zygarde reversed all other Pokémon's auras!</small><br></div><div class="spacer battle-history"><br></div><h2 class="battle-history">Turn 1</h2><div class="chat message-error">zoxel19 tiene 135 segundos restantes.</div><div class="spacer battle-history"><br></div><div class="battle-history"><small>Alakazam's Alakazite is reacting to the Key Stone!</small><br>Alakazam has Mega Evolved into Mega Alakazam!<br></div><div class="battle-history"><small>[Alakazam's Trace]</small><br><small>[Alakazam's Aura Break]</small><br><small>Alakazam traced the opposing Zygarde's Aura Break!</small><br></div><div class="battle-history"><small>[Alakazam's Aura Break]</small><br><small>Alakazam reversed all other Pokémon's auras!</small><br></div><div class="spacer battle-history"><br></div><div class="battle-history">Alakazam used <strong>Psychic</strong>!<br></div><div class="battle-history"><small>(The opposing Zygarde lost <abbr title="−196/357">54.9%</abbr> of its health!)</small><br></div><div class="spacer battle-history"><br></div><div class="battle-history">The opposing Zygarde used <strong>Substitute</strong>!<br></div><div class="battle-history"><small>The opposing Zygarde put in a substitute!</small><br></div><div class="battle-history"><small>(The opposing Zygarde lost <abbr title="−89/357">24.9%</abbr> of its health!)</small><br></div><div class="spacer battle-history"><br></div><div class="battle-history"><small>The opposing Zygarde restored a little HP using its Leftovers!</small><br></div><div class="spacer battle-history"><br></div><h2 class="battle-history">Turn 2</h2><div class="chat message-error">zoxel19 tiene 135 segundos restantes.</div><div class="chat message-error">zoxel19 tiene 120 segundos restantes.</div><div class="spacer battle-history"><br></div><div class="battle-history">Alakazam used <strong>Psychic</strong>!<br></div><div class="battle-history"><small>The opposing Zygarde's substitute faded!</small><br></div><div class="spacer battle-history"><br></div><div class="battle-history">The opposing Zygarde used <strong>Thousand Arrows</strong>!<br></div><div class="battle-history"><small>(Alakazam lost <abbr title="−211/251">84.1%</abbr> of its health!)</small><br></div><div class="spacer battle-history"><br></div><div class="battle-history"><small>The opposing Zygarde restored a little HP using its Leftovers!</small><br></div><div class="spacer battle-history"><br></div><h2 class="battle-history">Turn 3</h2><div class="spacer battle-history"><br></div><div class="battle-history">zoxel19 withdrew Zygarde!<br></div><div class="battle-history">zoxel19 sent out <strong>Scizor</strong>!<br></div><div class="spacer battle-history"><br></div><div class="battle-history">Alakazam used <strong>Psychic</strong>!<br></div><div class="battle-history"><small>It's not very effective...</small><br></div><div class="battle-history"><small>(The opposing Scizor lost <abbr title="−123/281">43.8%</abbr> of its health!)</small><br></div><div class="battle-history"><small>The opposing Scizor's Special Defense fell!</small><br></div><div class="spacer battle-history"><br></div><h2 class="battle-history">Turn 4</h2><div class="spacer battle-history"><br></div><div class="battle-history">Alakazam, come back!<br></div><div class="battle-history">Go! <strong>Tapu Lele</strong>!<br></div><div class="battle-history"><small>[Tapu Lele's Psychic Surge]</small><br><small>The battlefield got weird!</small><br></div><div class="spacer battle-history"><br></div><div class="battle-history"><small>The opposing Scizor's Scizorite is reacting to the Key Stone!</small><br>The opposing Scizor has Mega Evolved into Mega Scizor!<br></div><div class="spacer battle-history"><br></div><div class="battle-history">The opposing Scizor used <strong>U-turn</strong>!<br></div><div class="battle-history"><small>(Tapu Lele lost <abbr title="−192/281">68.3%</abbr> of its health!)</small><br></div><div class="chat message-error">zoxel19 tiene 135 segundos restantes.</div><div class="spacer battle-history"><br></div><div class="battle-history">The opposing Scizor went back to zoxel19!<br></div><div class="battle-history">zoxel19 sent out <strong>Heatran</strong>!<br></div><div class="spacer battle-history"><br></div><h2 class="battle-history">Turn 5</h2><div class="spacer battle-history"><br></div><div class="battle-history">Tapu Lele used <strong>Focus Blast</strong>!<br></div><div class="battle-history"><small>It's super effective!</small><br></div><div class="battle-history"><small>(The opposing Heatran lost <abbr title="−278/386">72.0%</abbr> of its health!)</small><br></div><div class="battle-history"><small>Tapu Lele lost some of its HP!</small><br></div><div class="spacer battle-history"><br></div><div class="battle-history">The opposing Heatran used <strong>Toxic</strong>!<br></div><div class="battle-history"><small>Tapu Lele was badly poisoned!</small><br></div><div class="spacer battle-history"><br></div><div class="battle-history"><small>The opposing Heatran restored a little HP using its Leftovers!</small><br></div><div class="battle-history"><small>Tapu Lele was hurt by poison!</small><br></div><div class="spacer battle-history"><br></div><h2 class="battle-history">Turn 6</h2><div class="spacer battle-history"><br></div><div class="battle-history">The opposing Heatran used <strong>Protect</strong>!<br></div><div class="battle-history"><small>The opposing Heatran protected itself!</small><br></div><div class="spacer battle-history"><br></div><div class="battle-history">Tapu Lele used <strong>Psyshock</strong>!<br></div><div class="battle-history"><small>The opposing Heatran protected itself!</small><br></div><div class="spacer battle-history"><br></div><div class="battle-history"><small>The opposing Heatran restored a little HP using its Leftovers!</small><br></div><div class="battle-history"><small>Tapu Lele was hurt by poison!</small><br></div><div class="spacer battle-history"><br></div><h2 class="battle-history">Turn 7</h2><div class="chat message-error">zoxel19 tiene 135 segundos restantes.</div><div class="spacer battle-history"><br></div><div class="battle-history">zoxel19 withdrew Heatran!<br></div><div class="battle-history">zoxel19 sent out Scizor (<strong>Scizor-Mega</strong>)!<br></div><div class="spacer battle-history"><br></div><div class="battle-history">Tapu Lele used <strong>Focus Blast</strong>!<br></div><div class="battle-history"><small>The opposing Scizor avoided the attack!</small><br></div><div class="spacer battle-history"><br></div><div class="battle-history"><small>Tapu Lele was hurt by poison!</small><br></div><div class="spacer battle-history"><br></div><div class="battle-history">Tapu Lele fainted!<br></div><div class="chat message-error">cacoluis2005 tiene 135 segundos restantes.</div><div class="spacer battle-history"><br></div><div class="battle-history">Go! <strong>Greninja</strong>!<br></div><div class="spacer battle-history"><br></div><h2 class="battle-history">Turn 8</h2><div class="spacer battle-history"><br></div><div class="battle-history">zoxel19 withdrew Scizor!<br></div><div class="battle-history">zoxel19 sent out <strong>Zapdos</strong>!<br></div><div class="spacer battle-history"><br></div><div class="battle-history">Greninja used <strong>Dark Pulse</strong>!<br></div><div class="battle-history"><small>(The opposing Zapdos lost <abbr title="−196/321">61.1%</abbr> of its health!)</small><br></div><div class="spacer battle-history"><br></div><div class="battle-history"><small>The opposing Zapdos restored a little HP using its Leftovers!</small><br></div><div class="battle-history"><small>The weirdness disappeared from the battlefield!</small><br></div><div class="spacer battle-history"><br></div><h2 class="battle-history">Turn 9</h2><div class="spacer battle-history"><br></div><div class="battle-history">Greninja used <strong>Dark Pulse</strong>!<br></div><div class="battle-history"><small>(The opposing Zapdos lost <abbr title="−145/321">45.2%</abbr> of its health!)</small><br></div><div class="spacer battle-history"><br></div><div class="battle-history">The opposing Zapdos fainted!<br></div><div class="battle-history"><small>[Greninja's Battle Bond]</small><br><small>Greninja became fully charged due to its bond with its Trainer!</small><br></div><div class="battle-history">Greninja became Ash-Greninja!<br></div><div class="chat message-error">zoxel19 tiene 135 segundos restantes.</div><div class="spacer battle-history"><br></div><div class="battle-history">zoxel19 sent out <strong>Tapu Fini</strong>!<br></div><div class="battle-history"><small>[The opposing Tapu Fini's Misty Surge]</small><br><small>Mist swirls around the battlefield!</small><br></div><div class="spacer battle-history"><br></div><h2 class="battle-history">Turn 10</h2><div class="chat message-error">cacoluis2005 tiene 135 segundos restantes.</div><div class="chat message-error">zoxel19 tiene 135 segundos restantes.</div><div class="spacer battle-history"><br></div><div class="battle-history">Greninja, come back!<br></div><div class="battle-history">Go! <strong>Kartana</strong>!<br></div><div class="spacer battle-history"><br></div><div class="battle-history">The opposing Tapu Fini used <strong>Moonblast</strong>!<br></div><div class="battle-history"><small>It's not very effective...</small><br></div><div class="battle-history"><small>(Kartana lost <abbr title="−173/259">66.8%</abbr> of its health!)</small><br></div><div class="battle-history"><small>Kartana's Special Attack fell!</small><br></div><div class="spacer battle-history"><br></div><h2 class="battle-history">Turn 11</h2><div class="spacer battle-history"><br></div><div class="battle-history">zoxel19 withdrew Tapu Fini!<br></div><div class="battle-history">zoxel19 sent out Scizor (<strong>Scizor-Mega</strong>)!<br></div><div class="spacer battle-history"><br></div><div class="battle-history">Kartana used <strong>Leaf Blade</strong>!<br></div><div class="battle-history"><small>It's not very effective...</small><br></div><div class="battle-history"><small>(The opposing Scizor lost <abbr title="−39/281">13.9%</abbr> of its health!)</small><br></div><div class="spacer battle-history"><br></div><h2 class="battle-history">Turn 12</h2><div class="chat message-error">zoxel19 tiene 135 segundos restantes.</div><div class="spacer battle-history"><br></div><div class="battle-history">Kartana used <strong>Leaf Blade</strong>!<br></div><div class="battle-history"><small>It's not very effective...</small><br></div><div class="battle-history"><small>(The opposing Scizor lost <abbr title="−36/281">12.8%</abbr> of its health!)</small><br></div><div class="spacer battle-history"><br></div><div class="battle-history">The opposing Scizor used <strong>Roost</strong>!<br></div><div class="battle-history"><small>The opposing Scizor restored its HP.</small><br></div><div class="spacer battle-history"><br></div><h2 class="battle-history">Turn 13</h2><div class="spacer battle-history"><br></div><div class="battle-history">Kartana used <strong>Leaf Blade</strong>!<br></div><div class="battle-history"><small>It's not very effective...</small><br></div><div class="battle-history"><small>(The opposing Scizor lost <abbr title="−39/281">13.9%</abbr> of its health!)</small><br></div><div class="spacer battle-history"><br></div><div class="battle-history">The opposing Scizor used <strong>Pursuit</strong>!<br></div><div class="battle-history"><small>(Kartana lost <abbr title="−68/259">26.3%</abbr> of its health!)</small><br></div><div class="spacer battle-history"><br></div><h2 class="battle-history">Turn 14</h2><div class="spacer battle-history"><br></div><div class="battle-history">Kartana used <strong>Leaf Blade</strong>!<br></div><div class="battle-history"><small>It's not very effective...</small><br></div><div class="battle-history"><small>A critical hit!</small><br></div><div class="battle-history"><small>(The opposing Scizor lost <abbr title="−57/281">20.3%</abbr> of its health!)</small><br></div><div class="spacer battle-history"><br></div><div class="battle-history">The opposing Scizor used <strong>Roost</strong>!<br></div><div class="battle-history"><small>The opposing Scizor restored its HP.</small><br></div><div class="spacer battle-history"><br></div><div class="battle-history"><small>The mist disappeared from the battlefield.</small><br></div><div class="spacer battle-history"><br></div><h2 class="battle-history">Turn 15</h2><div class="spacer battle-history"><br></div><div class="battle-history">The opposing Scizor used <strong>Bullet Punch</strong>!<br></div><div class="battle-history"><small>It's not very effective...</small><br></div><div class="battle-history"><small>(Kartana lost <abbr title="−18/259">6.9%</abbr> of its health!)</small><br></div><div class="spacer battle-history"><br></div><div class="battle-history">Kartana fainted!<br></div><div class="spacer battle-history"><br></div><div class="battle-history">Go! Greninja (<strong>Greninja-Ash</strong>)!<br></div><div class="spacer battle-history"><br></div><h2 class="battle-history">Turn 16</h2><div class="spacer battle-history"><br></div><div class="battle-history">zoxel19 withdrew Scizor!<br></div><div class="battle-history">zoxel19 sent out <strong>Tapu Fini</strong>!<br></div><div class="battle-history"><small>[The opposing Tapu Fini's Misty Surge]</small><br><small>Mist swirls around the battlefield!</small><br></div><div class="spacer battle-history"><br></div><div class="battle-history">Greninja used <strong>Dark Pulse</strong>!<br></div><div class="battle-history"><small>It's not very effective...</small><br></div><div class="battle-history"><small>(The opposing Tapu Fini lost <abbr title="−102/344">29.7%</abbr> of its health!)</small><br></div><div class="spacer battle-history"><br></div><div class="battle-history"><small>The opposing Tapu Fini restored a little HP using its Leftovers!</small><br></div><div class="spacer battle-history"><br></div><h2 class="battle-history">Turn 17</h2><div class="spacer battle-history"><br></div><div class="battle-history">Greninja, come back!<br></div><div class="battle-history">Go! <strong>Chansey</strong>!<br></div><div class="spacer battle-history"><br></div><div class="battle-history">The opposing Tapu Fini used <strong>Moonblast</strong>!<br></div><div class="battle-history"><small>(Chansey lost <abbr title="−88/704">12.5%</abbr> of its health!)</small><br></div><div class="battle-history"><small>Chansey's Special Attack fell!</small><br></div><div class="spacer battle-history"><br></div><div class="battle-history"><small>The opposing Tapu Fini restored a little HP using its Leftovers!</small><br></div><div class="spacer battle-history"><br></div><h2 class="battle-history">Turn 18</h2><div class="spacer battle-history"><br></div><div class="battle-history">zoxel19 withdrew Tapu Fini!<br></div><div class="battle-history">zoxel19 sent out <strong>Zygarde</strong>!<br></div><div class="battle-history"><small>[The opposing Zygarde's Aura Break]</small><br><small>The opposing Zygarde reversed all other Pokémon's auras!</small><br></div><div class="spacer battle-history"><br></div><div class="battle-history">Chansey used <strong>Stealth Rock</strong>!<br></div><div class="battle-history"><small>Pointed stones float in the air around the opposing team!</small><br></div><div class="spacer battle-history"><br></div><div class="battle-history"><small>The opposing Zygarde restored a little HP using its Leftovers!</small><br></div><div class="spacer battle-history"><br></div><h2 class="battle-history">Turn 19</h2><div class="spacer battle-history"><br></div><div class="battle-history">The opposing Zygarde used <strong>Substitute</strong>!<br></div><div class="battle-history"><small>The opposing Zygarde put in a substitute!</small><br></div><div class="battle-history"><small>(The opposing Zygarde lost <abbr title="−89/357">24.9%</abbr> of its health!)</small><br></div><div class="spacer battle-history"><br></div><div class="battle-history">Chansey used <strong>Seismic Toss</strong>!<br></div><div class="battle-history"><small>The opposing Zygarde's substitute faded!</small><br></div><div class="spacer battle-history"><br></div><div class="battle-history"><small>The opposing Zygarde restored a little HP using its Leftovers!</small><br></div><div class="spacer battle-history"><br></div><h2 class="battle-history">Turn 20</h2><div class="spacer battle-history"><br></div><div class="battle-history">The opposing Zygarde used <strong>Thousand Arrows</strong>!<br></div><div class="battle-history"><small>(Chansey lost <abbr title="−220/704">31.3%</abbr> of its health!)</small><br></div><div class="spacer battle-history"><br></div><div class="battle-history">Chansey used <strong>Seismic Toss</strong>!<br></div><div class="battle-history"><small>(The opposing Zygarde lost <abbr title="−71/357">19.9%</abbr> of its health!)</small><br></div><div class="spacer battle-history"><br></div><div class="battle-history">The opposing Zygarde fainted!<br></div><div class="spacer battle-history"><br></div><div class="battle-history"><small>The mist disappeared from the battlefield.</small><br></div><div class="spacer battle-history"><br></div><div class="battle-history">zoxel19 sent out <strong>Tapu Fini</strong>!<br></div><div class="battle-history"><small>Pointed stones dug into the opposing Tapu Fini!</small><br></div><div class="battle-history"><small>[The opposing Tapu Fini's Misty Surge]</small><br><small>Mist swirls around the battlefield!</small><br></div><div class="spacer battle-history"><br></div><h2 class="battle-history">Turn 21</h2><div class="spacer battle-history"><br></div><div class="battle-history">The opposing Tapu Fini used <strong>Taunt</strong>!<br></div><div class="battle-history"><small>Chansey fell for the taunt!</small><br></div><div class="spacer battle-history"><br></div><div class="battle-history">Chansey can't use Soft-Boiled after the taunt!<br></div><div class="spacer battle-history"><br></div><div class="battle-history"><small>The opposing Tapu Fini restored a little HP using its Leftovers!</small><br></div><div class="spacer battle-history"><br></div><h2 class="battle-history">Turn 22</h2><div class="spacer battle-history"><br></div><div class="battle-history">Chansey, come back!<br></div><div class="battle-history">Go! Alakazam (<strong>Alakazam-Mega</strong>)!<br></div><div class="battle-history"><small>[Alakazam's Trace]</small><br><small>[Alakazam's Misty Surge]</small><br><small>Alakazam traced the opposing Tapu Fini's Misty Surge!</small><br></div><div class="spacer battle-history"><br></div><div class="battle-history">The opposing Tapu Fini used <strong>Scald</strong>!<br></div><div class="battle-history"><small>(Alakazam lost <abbr title="−40/251">15.9%</abbr> of its health!)</small><br></div><div class="spacer battle-history"><br></div><div class="battle-history">Alakazam fainted!<br></div><div class="spacer battle-history"><br></div><div class="battle-history"><small>The opposing Tapu Fini restored a little HP using its Leftovers!</small><br></div><div class="spacer battle-history"><br></div><div class="battle-history">Go! Greninja (<strong>Greninja-Ash</strong>)!<br></div><div class="spacer battle-history"><br></div><h2 class="battle-history">Turn 23</h2><div class="spacer battle-history"><br></div><div class="battle-history">Greninja used <strong>U-turn</strong>!<br></div><div class="battle-history"><small>It's not very effective...</small><br></div><div class="battle-history"><small>(The opposing Tapu Fini lost <abbr title="−28/344">8.1%</abbr> of its health!)</small><br></div><div class="battle-history"><small>cacoluis2005 se rindió.</small><br></div><div class="spacer battle-history"><br></div><div class="battle-history"><strong>zoxel19</strong> won the battle!<br></div><div class="chat">zoxel19 ha ganado 8 PokeDolares.</div><div class="chat">Puntaje de cacoluis2005: 1323 → <strong>1287</strong><br>(-36 por perder)</div><div class="chat">Puntaje de zoxel19: 1170 → <strong>1209</strong><br>(+39 por ganar)</div></div><div class="inner-preempt"></div></div></div>
</div>
<script>
let daily = Math.floor(Date.now()/1000/60/60/24);document.write('<script src="https://play.pokemonshowdown.com/js/replay-embed.js?version'+daily+'"></'+'script>');
</script>
