<!DOCTYPE html>
<meta charset="utf-8" />
<!-- version 1 -->
<title>OU replay: cacoluis2005 vs. Manuel843</title>
<style>
html,body {font-family:Verdana, sans-serif;font-size:10pt;margin:0;padding:0;}body{padding:12px 0;} .battle-log {font-family:Verdana, sans-serif;font-size:10pt;} .battle-log-inline {border:1px solid #AAAAAA;background:#EEF2F5;color:black;max-width:640px;margin:0 auto 80px;padding-bottom:5px;} .battle-log .inner {padding:4px 8px 0px 8px;} .battle-log .inner-preempt {padding:0 8px 4px 8px;} .battle-log .inner-after {margin-top:0.5em;} .battle-log h2 {margin:0.5em -8px;padding:4px 8px;border:1px solid #AAAAAA;background:#E0E7EA;border-left:0;border-right:0;font-family:Verdana, sans-serif;font-size:13pt;} .battle-log .chat {vertical-align:middle;padding:3px 0 3px 0;font-size:8pt;} .battle-log .chat strong {color:#40576A;} .battle-log .chat em {padding:1px 4px 1px 3px;color:#000000;font-style:normal;} .chat.mine {background:rgba(0,0,0,0.05);margin-left:-8px;margin-right:-8px;padding-left:8px;padding-right:8px;} .spoiler {color:#BBBBBB;background:#BBBBBB;padding:0px 3px;} .spoiler:hover, .spoiler:active, .spoiler-shown {color:#000000;background:#E2E2E2;padding:0px 3px;} .spoiler a {color:#BBBBBB;} .spoiler:hover a, .spoiler:active a, .spoiler-shown a {color:#2288CC;} .chat code, .chat .spoiler:hover code, .chat .spoiler:active code, .chat .spoiler-shown code {border:1px solid #C0C0C0;background:#EEEEEE;color:black;padding:0 2px;} .chat .spoiler code {border:1px solid #CCCCCC;background:#CCCCCC;color:#CCCCCC;} .battle-log .rated {padding:3px 4px;} .battle-log .rated strong {color:white;background:#89A;padding:1px 4px;border-radius:4px;} .spacer {margin-top:0.5em;} .message-announce {background:#6688AA;color:white;padding:1px 4px 2px;} .message-announce a, .broadcast-green a, .broadcast-blue a, .broadcast-red a {color:#DDEEFF;} .broadcast-green {background-color:#559955;color:white;padding:2px 4px;} .broadcast-blue {background-color:#6688AA;color:white;padding:2px 4px;} .infobox {border:1px solid #6688AA;padding:2px 4px;} .infobox-limited {max-height:200px;overflow:auto;overflow-x:hidden;} .broadcast-red {background-color:#AA5544;color:white;padding:2px 4px;} .message-learn-canlearn {font-weight:bold;color:#228822;text-decoration:underline;} .message-learn-cannotlearn {font-weight:bold;color:#CC2222;text-decoration:underline;} .message-effect-weak {font-weight:bold;color:#CC2222;} .message-effect-resist {font-weight:bold;color:#6688AA;} .message-effect-immune {font-weight:bold;color:#666666;} .message-learn-list {margin-top:0;margin-bottom:0;} .message-throttle-notice, .message-error {color:#992222;} .message-overflow, .chat small.message-overflow {font-size:0pt;} .message-overflow::before {font-size:9pt;content:'...';} .subtle {color:#3A4A66;}
</style>
<div class="wrapper replay-wrapper" style="max-width:1180px;margin:0 auto">
<input type="hidden" name="replayid" value="destiny-ou-449116" />
<div class="battle"></div><div class="battle-log"></div><div class="replay-controls"></div><div class="replay-controls-2"></div>
<h1 style="font-weight:normal;text-align:center"><strong>OU</strong><br /><a href="http://pokemonshowdown.com/users/cacoluis2005" class="subtle" target="_blank">cacoluis2005</a> vs. <a href="http://pokemonshowdown.com/users/manuel843" class="subtle" target="_blank">Manuel843</a></h1>
<script type="text/plain" class="battle-log-data">|player|p1|cacoluis2005|1011
|teamsize|p1|6
|player|p2|Manuel843|2001
|teamsize|p2|6
|teamsize|p1|6
|teamsize|p2|6
|gametype|singles
|gen|7
|tier|OU
|rated
|seed|32065,63513,62038,3244
|rule|Cláusula-Mod de Dormir: solo puedes dormir a uno de tus oponentes a la vez.
|rule|Cláusula de Especie: Hasta un Pokémon de cada especie
|rule|Cláusula de Golpe Fulminante: los movimientos fulminantes (OHKO) estan prohibidos
|rule|Cláusula de Veleta: la habilidad Veleta está prohibida
|rule|Cláusula de Movimientos Evasivos: los movimientos de Evasión están prohibidos.
|rule|Cláusula de Batallas Eternas: forzar batallas eternas está prohibido
|clearpoke
|poke|p1|Aerodactyl, M, shiny|item
|poke|p1|Tapu Bulu|item
|poke|p1|Rotom-Wash|item
|poke|p1|Mamoswine, M|item
|poke|p1|Zygarde|item
|poke|p1|Volcarona, F, shiny|item
|poke|p2|Latios, M|item
|poke|p2|Dragonite, M|item
|poke|p2|Metagross|item
|poke|p2|Hawlucha, M|item
|poke|p2|Greninja, M|item
|poke|p2|Zygarde|item
|teampreview|undefined
|inactive|Reloj de batalla ENCENDIDO. El jugador inactivo será descalificado (solicitado por cacoluis2005).
|choice|*team 123456|*
|choice|*|*team 523416
|choice|team 1, 2, 3, 4, 5, 6|team 5, 2, 3, 4, 1, 6
|
|start
|switch|p1a: Aerodactyl|Aerodactyl, M, shiny|301\/301
|switch|p2a: Greninja|Greninja, M|296\/296
|-ability|p1a: Aerodactyl|Pressure
|turn|1
|choice|*|*move 4
|choice|*switch 2|*
|choice|switch 2|move icebeam
|
|switch|p1a: Tapu Bulu|Tapu Bulu|343\/343
|-fieldstart|move: Grassy Terrain|[from] ability: Grassy Surge|[of] p1a: Tapu Bulu
|move|p2a: Greninja|Ice Beam|p1a: Tapu Bulu
|-supereffective|p1a: Tapu Bulu
|-damage|p1a: Tapu Bulu|257\/343
|
|-heal|p1a: Tapu Bulu|278\/343|[from] Grassy Terrain
|upkeep
|turn|2
|choice|*move 2|*
|choice|*|*switch 3
|choice|move hornleech|switch 3
|
|switch|p2a: Metagross|Metagross|301\/301
|move|p1a: Tapu Bulu|Horn Leech|p2a: Metagross
|-resisted|p2a: Metagross
|-damage|p2a: Metagross|206\/301
|-heal|p1a: Tapu Bulu|326\/343|[from] drain|[of] p2a: Metagross
|
|-heal|p1a: Tapu Bulu|343\/343|[from] Grassy Terrain
|-heal|p2a: Metagross|224\/301|[from] Grassy Terrain
|upkeep
|turn|3
|choice|*switch 3|*
|choice|*|*move 3
|choice|switch 3|move meteormash
|
|switch|p1a: Rotom|Rotom-Wash|304\/304
|move|p2a: Metagross|Meteor Mash|p1a: Rotom
|-resisted|p1a: Rotom
|-damage|p1a: Rotom|274\/304
|
|-heal|p1a: Rotom|293\/304|[from] item: Leftovers
|-heal|p2a: Metagross|242\/301|[from] Grassy Terrain
|upkeep
|turn|4
|choice|*|*move 4
|choice|*move 3|*
|choice|move voltswitch|move icepunch
|
|move|p1a: Rotom|Volt Switch|p2a: Metagross
|-damage|p2a: Metagross|143\/301
|choice|*switch 6|*
|choice|switch 6|
|
|switch|p1a: Volcarona|Volcarona, F, shiny|311\/311|[from]move: Volt Switch
|move|p2a: Metagross|Ice Punch|p1a: Volcarona
|-resisted|p1a: Volcarona
|-damage|p1a: Volcarona|257\/311
|-status|p2a: Metagross|brn|[from] ability: Flame Body|[of] p1a: Volcarona
|
|-heal|p1a: Volcarona|276\/311|[from] Grassy Terrain
|-heal|p2a: Metagross|161\/301 brn|[from] Grassy Terrain
|-damage|p2a: Metagross|143\/301 brn|[from] brn
|upkeep
|turn|5
|choice|*move 1|*
|inactive|Manuel843 tiene 135 segundos restantes.
|choice|*|*move 2
|choice|move quiverdance|move psychic
|
|move|p1a: Volcarona|Quiver Dance|p1a: Volcarona
|-boost|p1a: Volcarona|spa|1
|-boost|p1a: Volcarona|spd|1
|-boost|p1a: Volcarona|spe|1
|move|p2a: Metagross|Psychic|p1a: Volcarona
|-damage|p1a: Volcarona|204\/311
|
|-heal|p1a: Volcarona|223\/311|[from] Grassy Terrain
|-heal|p2a: Metagross|161\/301 brn|[from] Grassy Terrain
|-fieldend|move: Grassy Terrain
|-damage|p2a: Metagross|143\/301 brn|[from] brn
|upkeep
|turn|6
|choice|*|*move 4
|inactive|cacoluis2005 tiene 135 segundos restantes.
|choice|*move 1|*
|choice|move quiverdance|move icepunch
|
|move|p1a: Volcarona|Quiver Dance|p1a: Volcarona
|-boost|p1a: Volcarona|spa|1
|-boost|p1a: Volcarona|spd|1
|-boost|p1a: Volcarona|spe|1
|move|p2a: Metagross|Ice Punch|p1a: Volcarona
|-resisted|p1a: Volcarona
|-damage|p1a: Volcarona|195\/311
|
|-damage|p2a: Metagross|125\/301 brn|[from] brn
|upkeep
|turn|7
|choice|*move 1|*
|choice|*|*switch 3
|choice|move quiverdance|switch 3
|
|switch|p2a: Greninja|Greninja, M|296\/296
|move|p1a: Volcarona|Quiver Dance|p1a: Volcarona
|-boost|p1a: Volcarona|spa|1
|-boost|p1a: Volcarona|spd|1
|-boost|p1a: Volcarona|spe|1
|
|upkeep
|turn|8
|choice|*move 3|*
|choice|*|*move 1
|choice|move gigadrain|move hydrocannon
|
|move|p1a: Volcarona|Giga Drain|p2a: Greninja
|-supereffective|p2a: Greninja
|-damage|p2a: Greninja|0 fnt
|-heal|p1a: Volcarona|311\/311|[from] drain|[of] p2a: Greninja
|faint|p2a: Greninja
|
|upkeep
|choice|*|*switch 5
|choice||switch 5
|
|switch|p2a: Latios|Latios, M|322\/322
|turn|9
|choice|*|*move 4 mega
|choice|*move 4|*
|choice|move bugbuzz|move surf mega
|
|-mega|p2a: Latios|Latios|Latiosite
|detailschange|p2a: Latios|Latios-Mega, M
|move|p1a: Volcarona|Bug Buzz|p2a: Latios
|-supereffective|p2a: Latios
|-damage|p2a: Latios|0 fnt
|faint|p2a: Latios
|
|upkeep
|choice|*|*switch 2
|choice||switch 2
|
|switch|p2a: Dragonite|Dragonite, M|370\/370
|turn|10
|choice|*|*move 3
|choice|*move 4 zmove|*
|choice|move bugbuzz zmove|move aircutter
|
|-zpower|p1a: Volcarona
|move|p1a: Volcarona|Savage Spin-Out|p2a: Dragonite|[zeffect]
|-resisted|p2a: Dragonite
|-damage|p2a: Dragonite|0 fnt
|faint|p2a: Dragonite
|
|upkeep
|choice|*|*switch 6
|choice||switch 6
|
|switch|p2a: Zygarde|Zygarde|403\/403
|-ability|p2a: Zygarde|Aura Break
|turn|11
|choice|*move 4|*
|choice|*|*move 2
|choice|move bugbuzz|move dracometeor
|
|move|p1a: Volcarona|Bug Buzz|p2a: Zygarde
|-damage|p2a: Zygarde|13\/403
|-unboost|p2a: Zygarde|spd|1
|move|p2a: Zygarde|Draco Meteor|p1a: Volcarona
|-damage|p1a: Volcarona|262\/311
|-unboost|p2a: Zygarde|spa|2
|
|upkeep
|turn|12
|choice|*move 3|*
|choice|*|*move 3
|choice|move gigadrain|move earthquake
|
|move|p1a: Volcarona|Giga Drain|p2a: Zygarde
|-damage|p2a: Zygarde|0 fnt
|-heal|p1a: Volcarona|269\/311|[from] drain|[of] p2a: Zygarde
|faint|p2a: Zygarde
|
|upkeep
|inactive|Manuel843 tiene 135 segundos restantes.
|choice|*|*switch 4
|choice||switch 4
|
|switch|p2a: Hawlucha|Hawlucha, M|324\/324
|turn|13
|choice|*move 2|*
|choice|*|*move 4
|choice|move fierydance|move skyattack
|
|move|p1a: Volcarona|Fiery Dance|p2a: Hawlucha
|-crit|p2a: Hawlucha
|-damage|p2a: Hawlucha|0 fnt
|faint|p2a: Hawlucha
|
|upkeep
|choice|*|*switch 3
|choice||switch 3
|
|switch|p2a: Metagross|Metagross|125\/301 brn
|turn|14
|choice|*|*move 3
|choice|*move 2|*
|choice|move fierydance|move meteormash
|
|move|p1a: Volcarona|Fiery Dance|p2a: Metagross
|-supereffective|p2a: Metagross
|-damage|p2a: Metagross|0 fnt
|-boost|p1a: Volcarona|spa|1
|faint|p2a: Metagross
|
|win|cacoluis2005
cacoluis2005 ha ganado 8 PokeDolares.
|raw|Puntaje de cacoluis2005: 1091 &rarr; <strong>1125<\/strong><br \/>(+34 por ganar)
|raw|Puntaje de Manuel843: 1072 &rarr; <strong>1061<\/strong><br \/>(-11 por perder)
</script>
</div>
<div class="battle-log battle-log-inline"><div class="inner"><div class="battle-options"></div><div class="inner"><div class=""><small>Format:</small> <br><strong>OU</strong></div><div class="rated"><strong>Rated battle</strong></div><div class=""><small><em>Cláusula-Mod de Dormir:</em> solo puedes dormir a uno de tus oponentes a la vez.</small></div><div class=""><small><em>Cláusula de Especie:</em> Hasta un Pokémon de cada especie</small></div><div class=""><small><em>Cláusula de Golpe Fulminante:</em> los movimientos fulminantes (OHKO) estan prohibidos</small></div><div class=""><small><em>Cláusula de Veleta:</em> la habilidad Veleta está prohibida</small></div><div class=""><small><em>Cláusula de Movimientos Evasivos:</em> los movimientos de Evasión están prohibidos.</small></div><div class=""><small><em>Cláusula de Batallas Eternas:</em> forzar batallas eternas está prohibido</small></div><div class="chat battle-history"><strong>cacoluis2005's team:</strong> <em style="color:#445566;display:block;">Aerodactyl / Tapu Bulu / Rotom-Wash / Mamoswine / Zygarde / Volcarona</em></div><div class="chat battle-history"><strong>Manuel843's team:</strong> <em style="color:#445566;display:block;">Latios / Dragonite / Metagross / Hawlucha / Greninja / Zygarde</em></div><div class="chat message-error">Reloj de batalla ENCENDIDO. El jugador inactivo será descalificado (solicitado por cacoluis2005).</div><div class="spacer battle-history"><br></div><div class="battle-history">Battle started between cacoluis2005 and Manuel843!<br></div><div class="spacer battle-history"><br></div><div class="battle-history">Go! <strong>Aerodactyl</strong>!<br></div><div class="spacer battle-history"><br></div><div class="battle-history">Manuel843 sent out <strong>Greninja</strong>!<br></div><div class="battle-history"><small>[Aerodactyl's Pressure]</small><br><small>Aerodactyl is exerting its pressure!</small><br></div><div class="spacer battle-history"><br></div><h2 class="battle-history">Turn 1</h2><div class="spacer battle-history"><br></div><div class="battle-history">Aerodactyl, come back!<br></div><div class="battle-history">Go! <strong>Tapu Bulu</strong>!<br></div><div class="battle-history"><small>[Tapu Bulu's Grassy Surge]</small><br><small>Grass grew to cover the battlefield!</small><br></div><div class="spacer battle-history"><br></div><div class="battle-history">The opposing Greninja used <strong>Ice Beam</strong>!<br></div><div class="battle-history"><small>It's super effective!</small><br></div><div class="battle-history"><small>(Tapu Bulu lost <abbr title="−86/343">25.1%</abbr> of its health!)</small><br></div><div class="spacer battle-history"><br></div><div class="battle-history"><small>Tapu Bulu restored HP using its Grassy Terrain!</small><br></div><div class="spacer battle-history"><br></div><h2 class="battle-history">Turn 2</h2><div class="spacer battle-history"><br></div><div class="battle-history">Manuel843 withdrew Greninja!<br></div><div class="battle-history">Manuel843 sent out <strong>Metagross</strong>!<br></div><div class="spacer battle-history"><br></div><div class="battle-history">Tapu Bulu used <strong>Horn Leech</strong>!<br></div><div class="battle-history"><small>It's not very effective...</small><br></div><div class="battle-history"><small>(The opposing Metagross lost <abbr title="−95/301">31.6%</abbr> of its health!)</small><br></div><div class="battle-history"><small>The opposing Metagross had its energy drained!</small><br></div><div class="spacer battle-history"><br></div><div class="battle-history"><small>Tapu Bulu restored HP using its Grassy Terrain!</small><br></div><div class="battle-history"><small>The opposing Metagross restored HP using its Grassy Terrain!</small><br></div><div class="spacer battle-history"><br></div><h2 class="battle-history">Turn 3</h2><div class="spacer battle-history"><br></div><div class="battle-history">Tapu Bulu, come back!<br></div><div class="battle-history">Go! Rotom (<strong>Rotom-Wash</strong>)!<br></div><div class="spacer battle-history"><br></div><div class="battle-history">The opposing Metagross used <strong>Meteor Mash</strong>!<br></div><div class="battle-history"><small>It's not very effective...</small><br></div><div class="battle-history"><small>(Rotom lost <abbr title="−30/304">9.9%</abbr> of its health!)</small><br></div><div class="spacer battle-history"><br></div><div class="battle-history"><small>Rotom restored a little HP using its Leftovers!</small><br></div><div class="battle-history"><small>The opposing Metagross restored HP using its Grassy Terrain!</small><br></div><div class="spacer battle-history"><br></div><h2 class="battle-history">Turn 4</h2><div class="spacer battle-history"><br></div><div class="battle-history">Rotom used <strong>Volt Switch</strong>!<br></div><div class="battle-history"><small>(The opposing Metagross lost <abbr title="−99/301">32.9%</abbr> of its health!)</small><br></div><div class="spacer battle-history"><br></div><div class="battle-history">Rotom went back to cacoluis2005!<br></div><div class="battle-history">Go! <strong>Volcarona</strong>!<br></div><div class="spacer battle-history"><br></div><div class="battle-history">The opposing Metagross used <strong>Ice Punch</strong>!<br></div><div class="battle-history"><small>It's not very effective...</small><br></div><div class="battle-history"><small>(Volcarona lost <abbr title="−54/311">17.4%</abbr> of its health!)</small><br></div><div class="battle-history"><small>[Volcarona's Flame Body]</small><br><small>The opposing Metagross was burned!</small><br></div><div class="spacer battle-history"><br></div><div class="battle-history"><small>Volcarona restored HP using its Grassy Terrain!</small><br></div><div class="battle-history"><small>The opposing Metagross restored HP using its Grassy Terrain!</small><br></div><div class="battle-history"><small>The opposing Metagross was hurt by its burn!</small><br></div><div class="spacer battle-history"><br></div><h2 class="battle-history">Turn 5</h2><div class="chat message-error">Manuel843 tiene 135 segundos restantes.</div><div class="spacer battle-history"><br></div><div class="battle-history">Volcarona used <strong>Quiver Dance</strong>!<br></div><div class="battle-history"><small>Volcarona's Special Attack rose!</small><br></div><div class="battle-history"><small>Volcarona's Special Defense rose!</small><br></div><div class="battle-history"><small>Volcarona's Speed rose!</small><br></div><div class="spacer battle-history"><br></div><div class="battle-history">The opposing Metagross used <strong>Psychic</strong>!<br></div><div class="battle-history"><small>(Volcarona lost <abbr title="−72/311">23.2%</abbr> of its health!)</small><br></div><div class="spacer battle-history"><br></div><div class="battle-history"><small>Volcarona restored HP using its Grassy Terrain!</small><br></div><div class="battle-history"><small>The opposing Metagross restored HP using its Grassy Terrain!</small><br></div><div class="battle-history"><small>The grass disappeared from the battlefield.</small><br></div><div class="battle-history"><small>The opposing Metagross was hurt by its burn!</small><br></div><div class="spacer battle-history"><br></div><h2 class="battle-history">Turn 6</h2><div class="chat message-error">cacoluis2005 tiene 135 segundos restantes.</div><div class="spacer battle-history"><br></div><div class="battle-history">Volcarona used <strong>Quiver Dance</strong>!<br></div><div class="battle-history"><small>Volcarona's Special Attack rose!</small><br></div><div class="battle-history"><small>Volcarona's Special Defense rose!</small><br></div><div class="battle-history"><small>Volcarona's Speed rose!</small><br></div><div class="spacer battle-history"><br></div><div class="battle-history">The opposing Metagross used <strong>Ice Punch</strong>!<br></div><div class="battle-history"><small>It's not very effective...</small><br></div><div class="battle-history"><small>(Volcarona lost <abbr title="−28/311">9.0%</abbr> of its health!)</small><br></div><div class="spacer battle-history"><br></div><div class="battle-history"><small>The opposing Metagross was hurt by its burn!</small><br></div><div class="spacer battle-history"><br></div><h2 class="battle-history">Turn 7</h2><div class="spacer battle-history"><br></div><div class="battle-history">Manuel843 withdrew Metagross!<br></div><div class="battle-history">Manuel843 sent out <strong>Greninja</strong>!<br></div><div class="spacer battle-history"><br></div><div class="battle-history">Volcarona used <strong>Quiver Dance</strong>!<br></div><div class="battle-history"><small>Volcarona's Special Attack rose!</small><br></div><div class="battle-history"><small>Volcarona's Special Defense rose!</small><br></div><div class="battle-history"><small>Volcarona's Speed rose!</small><br></div><div class="spacer battle-history"><br></div><h2 class="battle-history">Turn 8</h2><div class="spacer battle-history"><br></div><div class="battle-history">Volcarona used <strong>Giga Drain</strong>!<br></div><div class="battle-history"><small>It's super effective!</small><br></div><div class="battle-history"><small>(The opposing Greninja lost <abbr title="−296/296">100%</abbr> of its health!)</small><br></div><div class="battle-history"><small>The opposing Greninja had its energy drained!</small><br></div><div class="spacer battle-history"><br></div><div class="battle-history">The opposing Greninja fainted!<br></div><div class="spacer battle-history"><br></div><div class="battle-history">Manuel843 sent out <strong>Latios</strong>!<br></div><div class="spacer battle-history"><br></div><h2 class="battle-history">Turn 9</h2><div class="spacer battle-history"><br></div><div class="battle-history"><small>The opposing Latios's Latiosite is reacting to the Key Stone!</small><br>The opposing Latios has Mega Evolved into Mega Latios!<br></div><div class="spacer battle-history"><br></div><div class="battle-history">Volcarona used <strong>Bug Buzz</strong>!<br></div><div class="battle-history"><small>It's super effective!</small><br></div><div class="battle-history"><small>(The opposing Latios lost <abbr title="−322/322">100%</abbr> of its health!)</small><br></div><div class="spacer battle-history"><br></div><div class="battle-history">The opposing Latios fainted!<br></div><div class="spacer battle-history"><br></div><div class="battle-history">Manuel843 sent out <strong>Dragonite</strong>!<br></div><div class="spacer battle-history"><br></div><h2 class="battle-history">Turn 10</h2><div class="spacer battle-history"><br></div><div class="battle-history"><small>Volcarona surrounded itself with its Z-Power!</small><br></div><div class="spacer battle-history"><br></div><div class="battle-history">Volcarona used <strong>Savage Spin-Out</strong>!<br></div><div class="battle-history"><small>It's not very effective...</small><br></div><div class="battle-history"><small>(The opposing Dragonite lost <abbr title="−370/370">100%</abbr> of its health!)</small><br></div><div class="spacer battle-history"><br></div><div class="battle-history">The opposing Dragonite fainted!<br></div><div class="spacer battle-history"><br></div><div class="battle-history">Manuel843 sent out <strong>Zygarde</strong>!<br></div><div class="battle-history"><small>[The opposing Zygarde's Aura Break]</small><br><small>The opposing Zygarde reversed all other Pokémon's auras!</small><br></div><div class="spacer battle-history"><br></div><h2 class="battle-history">Turn 11</h2><div class="spacer battle-history"><br></div><div class="battle-history">Volcarona used <strong>Bug Buzz</strong>!<br></div><div class="battle-history"><small>(The opposing Zygarde lost <abbr title="−390/403">96.8%</abbr> of its health!)</small><br></div><div class="battle-history"><small>The opposing Zygarde's Special Defense fell!</small><br></div><div class="spacer battle-history"><br></div><div class="battle-history">The opposing Zygarde used <strong>Draco Meteor</strong>!<br></div><div class="battle-history"><small>(Volcarona lost <abbr title="−49/311">15.8%</abbr> of its health!)</small><br></div><div class="battle-history"><small>The opposing Zygarde's Special Attack fell harshly!</small><br></div><div class="spacer battle-history"><br></div><h2 class="battle-history">Turn 12</h2><div class="spacer battle-history"><br></div><div class="battle-history">Volcarona used <strong>Giga Drain</strong>!<br></div><div class="battle-history"><small>(The opposing Zygarde lost <abbr title="−13/403">3.2%</abbr> of its health!)</small><br></div><div class="battle-history"><small>The opposing Zygarde had its energy drained!</small><br></div><div class="spacer battle-history"><br></div><div class="battle-history">The opposing Zygarde fainted!<br></div><div class="chat message-error">Manuel843 tiene 135 segundos restantes.</div><div class="spacer battle-history"><br></div><div class="battle-history">Manuel843 sent out <strong>Hawlucha</strong>!<br></div><div class="spacer battle-history"><br></div><h2 class="battle-history">Turn 13</h2><div class="spacer battle-history"><br></div><div class="battle-history">Volcarona used <strong>Fiery Dance</strong>!<br></div><div class="battle-history"><small>A critical hit!</small><br></div><div class="battle-history"><small>(The opposing Hawlucha lost <abbr title="−324/324">100%</abbr> of its health!)</small><br></div><div class="spacer battle-history"><br></div><div class="battle-history">The opposing Hawlucha fainted!<br></div><div class="spacer battle-history"><br></div><div class="battle-history">Manuel843 sent out <strong>Metagross</strong>!<br></div><div class="spacer battle-history"><br></div><h2 class="battle-history">Turn 14</h2><div class="spacer battle-history"><br></div><div class="battle-history">Volcarona used <strong>Fiery Dance</strong>!<br></div><div class="battle-history"><small>It's super effective!</small><br></div><div class="battle-history"><small>(The opposing Metagross lost <abbr title="−125/301">41.5%</abbr> of its health!)</small><br></div><div class="battle-history"><small>Volcarona's Special Attack rose!</small><br></div><div class="spacer battle-history"><br></div><div class="battle-history">The opposing Metagross fainted!<br></div><div class="spacer battle-history"><br></div><div class="battle-history"><strong>cacoluis2005</strong> won the battle!<br></div><div class="chat">cacoluis2005 ha ganado 8 PokeDolares.</div><div class="chat">Puntaje de cacoluis2005: 1091 → <strong>1125</strong><br>(+34 por ganar)</div><div class="chat">Puntaje de Manuel843: 1072 → <strong>1061</strong><br>(-11 por perder)</div></div><div class="inner-preempt"></div></div></div>
</div>
<script>
let daily = Math.floor(Date.now()/1000/60/60/24);document.write('<script src="https://play.pokemonshowdown.com/js/replay-embed.js?version'+daily+'"></'+'script>');
</script>
