<!DOCTYPE html>
<meta charset="utf-8" />
<!-- version 1 -->
<title>OU replay: ElTioDeJohan vs. be my flaker hater</title>
<style>
html,body {font-family:Verdana, sans-serif;font-size:10pt;margin:0;padding:0;}body{padding:12px 0;} .battle-log {font-family:Verdana, sans-serif;font-size:10pt;} .battle-log-inline {border:1px solid #AAAAAA;background:#EEF2F5;color:black;max-width:640px;margin:0 auto 80px;padding-bottom:5px;} .battle-log .inner {padding:4px 8px 0px 8px;} .battle-log .inner-preempt {padding:0 8px 4px 8px;} .battle-log .inner-after {margin-top:0.5em;} .battle-log h2 {margin:0.5em -8px;padding:4px 8px;border:1px solid #AAAAAA;background:#E0E7EA;border-left:0;border-right:0;font-family:Verdana, sans-serif;font-size:13pt;} .battle-log .chat {vertical-align:middle;padding:3px 0 3px 0;font-size:8pt;} .battle-log .chat strong {color:#40576A;} .battle-log .chat em {padding:1px 4px 1px 3px;color:#000000;font-style:normal;} .chat.mine {background:rgba(0,0,0,0.05);margin-left:-8px;margin-right:-8px;padding-left:8px;padding-right:8px;} .spoiler {color:#BBBBBB;background:#BBBBBB;padding:0px 3px;} .spoiler:hover, .spoiler:active, .spoiler-shown {color:#000000;background:#E2E2E2;padding:0px 3px;} .spoiler a {color:#BBBBBB;} .spoiler:hover a, .spoiler:active a, .spoiler-shown a {color:#2288CC;} .chat code, .chat .spoiler:hover code, .chat .spoiler:active code, .chat .spoiler-shown code {border:1px solid #C0C0C0;background:#EEEEEE;color:black;padding:0 2px;} .chat .spoiler code {border:1px solid #CCCCCC;background:#CCCCCC;color:#CCCCCC;} .battle-log .rated {padding:3px 4px;} .battle-log .rated strong {color:white;background:#89A;padding:1px 4px;border-radius:4px;} .spacer {margin-top:0.5em;} .message-announce {background:#6688AA;color:white;padding:1px 4px 2px;} .message-announce a, .broadcast-green a, .broadcast-blue a, .broadcast-red a {color:#DDEEFF;} .broadcast-green {background-color:#559955;color:white;padding:2px 4px;} .broadcast-blue {background-color:#6688AA;color:white;padding:2px 4px;} .infobox {border:1px solid #6688AA;padding:2px 4px;} .infobox-limited {max-height:200px;overflow:auto;overflow-x:hidden;} .broadcast-red {background-color:#AA5544;color:white;padding:2px 4px;} .message-learn-canlearn {font-weight:bold;color:#228822;text-decoration:underline;} .message-learn-cannotlearn {font-weight:bold;color:#CC2222;text-decoration:underline;} .message-effect-weak {font-weight:bold;color:#CC2222;} .message-effect-resist {font-weight:bold;color:#6688AA;} .message-effect-immune {font-weight:bold;color:#666666;} .message-learn-list {margin-top:0;margin-bottom:0;} .message-throttle-notice, .message-error {color:#992222;} .message-overflow, .chat small.message-overflow {font-size:0pt;} .message-overflow::before {font-size:9pt;content:'...';} .subtle {color:#3A4A66;}
</style>
<div class="wrapper replay-wrapper" style="max-width:1180px;margin:0 auto">
<input type="hidden" name="replayid" value="destiny-ou-488579" />
<div class="battle"></div><div class="battle-log"></div><div class="replay-controls"></div><div class="replay-controls-2"></div>
<h1 style="font-weight:normal;text-align:center"><strong>OU</strong><br /><a href="http://pokemonshowdown.com/users/eltiodejohan" class="subtle" target="_blank">ElTioDeJohan</a> vs. <a href="http://pokemonshowdown.com/users/bemyflakerhater" class="subtle" target="_blank">be my flaker hater</a></h1>
<script type="text/plain" class="battle-log-data">|player|p1|ElTioDeJohan|eltiodejohan.gif?24d1248a
|teamsize|p1|6
|player|p2|be my flaker hater|https...i.imgur.com.kjqiewq.gif?16d86411
|teamsize|p2|6
|teamsize|p1|6
|teamsize|p2|6
|gametype|singles
|gen|7
|tier|OU
|rated
|seed|25564,28214,40108,30616
|rule|Cláusula-Mod de Dormir: solo puedes dormir a uno de tus oponentes a la vez.
|rule|Cláusula de Especie: Hasta un Pokémon de cada especie
|rule|Cláusula de Golpe Fulminante: los movimientos fulminantes (OHKO) estan prohibidos
|rule|Cláusula de Veleta: la habilidad Veleta está prohibida
|rule|Cláusula de Movimientos Evasivos: los movimientos de Evasión están prohibidos.
|rule|Cláusula de Batallas Eternas: forzar batallas eternas está prohibido
|clearpoke
|poke|p1|Pelipper, M|item
|poke|p1|Swampert, M|item
|poke|p1|Greninja, M|item
|poke|p1|Tapu Koko|item
|poke|p1|Hawlucha, F|item
|poke|p1|Ferrothorn, M|item
|poke|p2|Gyarados, F|item
|poke|p2|Tapu Bulu|item
|poke|p2|Heatran, F, shiny|item
|poke|p2|Hoopa-Unbound|item
|poke|p2|Garchomp, F|item
|poke|p2|Latias, F|item
|teampreview|undefined
|choice|*team 123456|*
|choice|*|*team 423156
|choice|team 1, 2, 3, 4, 5, 6|team 4, 2, 3, 1, 5, 6
|
|start
|switch|p1a: Pelipper|Pelipper, M|324\/324
|switch|p2a: Hoopa|Hoopa-Unbound|301\/301
|-weather|RainDance|[from] ability: Drizzle|[of] p1a: Pelipper
|turn|1
|choice|*|*move 1
|choice|*switch 6|*
|choice|switch 6|move darkpulse
|
|switch|p1a: Ferrothorn|Ferrothorn, M|352\/352
|move|p2a: Hoopa|Dark Pulse|p1a: Ferrothorn
|-damage|p1a: Ferrothorn|154\/352
|
|-weather|RainDance|[upkeep]
|-heal|p1a: Ferrothorn|176\/352|[from] item: Leftovers
|upkeep
|turn|2
|choice|*|*move 1
|choice|*move 4|*
|choice|move protect|move darkpulse
|
|move|p1a: Ferrothorn|Protect|p1a: Ferrothorn
|-singleturn|p1a: Ferrothorn|Protect
|move|p2a: Hoopa|Dark Pulse|p1a: Ferrothorn
|-activate|p1a: Ferrothorn|move: Protect
|
|-weather|RainDance|[upkeep]
|-heal|p1a: Ferrothorn|198\/352|[from] item: Leftovers
|upkeep
|turn|3
|choice|*|*move 1
|choice|*move 3|*
|choice|move gyroball|move darkpulse
|
|move|p2a: Hoopa|Dark Pulse|p1a: Ferrothorn
|-damage|p1a: Ferrothorn|0 fnt
|faint|p1a: Ferrothorn
|
|-weather|RainDance|[upkeep]
|upkeep
|choice|*switch 4|*
|choice|switch 4|
|
|switch|p1a: Tapu Koko|Tapu Koko|281\/281
|-fieldstart|move: Electric Terrain|[from] ability: Electric Surge|[of] p1a: Tapu Koko
|turn|4
|choice|*move 3|*
|choice|*|*switch 5
|choice|move dazzlinggleam|switch 5
|
|switch|p2a: Garchomp|Garchomp, F|357\/357
|move|p1a: Tapu Koko|Dazzling Gleam|p2a: Garchomp
|-supereffective|p2a: Garchomp
|-enditem|p2a: Garchomp|Focus Sash
|-damage|p2a: Garchomp|1\/357
|
|-weather|RainDance|[upkeep]
|upkeep
|turn|5
|choice|*|*move 3
|choice|*move 3|*
|choice|move dazzlinggleam|move outrage
|
|move|p1a: Tapu Koko|Dazzling Gleam|p2a: Garchomp
|-supereffective|p2a: Garchomp
|-damage|p2a: Garchomp|0 fnt
|faint|p2a: Garchomp
|
|-weather|RainDance|[upkeep]
|upkeep
|choice|*|*switch 2
|choice||switch 2
|
|switch|p2a: Tapu Bulu|Tapu Bulu|281\/281
|-fieldstart|move: Grassy Terrain|[from] ability: Grassy Surge|[of] p2a: Tapu Bulu
|turn|6
|choice|*|*move 1
|choice|*|*move 2 zmove
|choice|*switch 5|*
|choice|switch 5|move woodhammer zmove
|
|switch|p1a: Hawlucha|Hawlucha, F|297\/297
|-zpower|p2a: Tapu Bulu
|move|p2a: Tapu Bulu|Bloom Doom|p1a: Hawlucha|[zeffect]
|-resisted|p1a: Hawlucha
|-damage|p1a: Hawlucha|0 fnt
|faint|p1a: Hawlucha
|
|-weather|RainDance|[upkeep]
|upkeep
|choice|*switch 3|*
|choice|switch 3|
|
|switch|p1a: Greninja|Greninja, M|285\/285
|turn|7
|choice|*move 4|*
|inactive|Reloj de batalla ENCENDIDO. El jugador inactivo será descalificado (solicitado por ElTioDeJohan).
|c|☆be my flaker hater|lol
|choice|*|*switch 3
|choice|move gunkshot|switch 3
|
|switch|p2a: Heatran|Heatran, F, shiny|386\/386
|move|p1a: Greninja|Gunk Shot|p2a: Heatran
|-start|p1a: Greninja|typechange|Poison|[from] Protean
|-immune|p2a: Heatran|[msg]
|
|-weather|RainDance|[upkeep]
|upkeep
|turn|8
|choice|*|*move 1
|inactive|ElTioDeJohan tiene 135 segundos restantes.
|choice|*switch 2|*
|choice|switch 2|move substitute
|
|switch|p1a: Swampert|Swampert, M|341\/341
|move|p2a: Heatran|Substitute|p2a: Heatran
|-start|p2a: Heatran|Substitute
|-damage|p2a: Heatran|290\/386
|
|-weather|none
|-heal|p2a: Heatran|314\/386|[from] item: Leftovers
|-heal|p2a: Heatran|338\/386|[from] Grassy Terrain
|upkeep
|turn|9
|choice|*move 1 mega|*
|choice|*|*move 2
|choice|move poweruppunch mega|move toxic
|
|-mega|p1a: Swampert|Swampert|Swampertite
|detailschange|p1a: Swampert|Swampert-Mega, M
|move|p1a: Swampert|Power-Up Punch|p2a: Heatran
|-supereffective|p2a: Heatran
|-end|p2a: Heatran|Substitute
|-boost|p1a: Swampert|atk|1
|move|p2a: Heatran|Toxic|p1a: Swampert
|-status|p1a: Swampert|tox
|
|-heal|p2a: Heatran|362\/386|[from] item: Leftovers
|-heal|p2a: Heatran|386\/386|[from] Grassy Terrain
|-damage|p1a: Swampert|320\/341 tox|[from] psn
|upkeep
|turn|10
|choice|*move 3|*
|choice|*|*move 4
|choice|move waterfall|move protect
|
|move|p2a: Heatran|Protect|p2a: Heatran
|-singleturn|p2a: Heatran|Protect
|move|p1a: Swampert|Waterfall|p2a: Heatran
|-activate|p2a: Heatran|move: Protect
|
|-heal|p1a: Swampert|341\/341 tox|[from] Grassy Terrain
|-fieldend|move: Grassy Terrain
|-damage|p1a: Swampert|299\/341 tox|[from] psn
|upkeep
|turn|11
|choice|*move 2|*
|choice|*|*switch 4
|choice|move icepunch|switch 4
|
|switch|p2a: Gyarados|Gyarados, F|331\/331
|-ability|p2a: Gyarados|Intimidate|boost
|-unboost|p1a: Swampert|atk|1
|move|p1a: Swampert|Ice Punch|p2a: Gyarados
|-damage|p2a: Gyarados|219\/331
|
|-damage|p1a: Swampert|236\/341 tox|[from] psn
|upkeep
|turn|12
|choice|*switch 6|*
|choice|*|*move 1
|choice|switch 6|move dragondance
|
|switch|p1a: Pelipper|Pelipper, M|324\/324
|-weather|RainDance|[from] ability: Drizzle|[of] p1a: Pelipper
|move|p2a: Gyarados|Dragon Dance|p2a: Gyarados
|-boost|p2a: Gyarados|atk|1
|-boost|p2a: Gyarados|spe|1
|
|-weather|RainDance|[upkeep]
|upkeep
|turn|13
|choice|*|*move 1 mega
|choice|*move 2|*
|choice|move hurricane|move dragondance mega
|
|-mega|p2a: Gyarados|Gyarados|Gyaradosite
|detailschange|p2a: Gyarados|Gyarados-Mega, F
|-ability|p2a: Gyarados|Mold Breaker
|move|p2a: Gyarados|Dragon Dance|p2a: Gyarados
|-boost|p2a: Gyarados|atk|1
|-boost|p2a: Gyarados|spe|1
|move|p1a: Pelipper|Hurricane|p2a: Gyarados
|-damage|p2a: Gyarados|105\/331
|
|-weather|RainDance|[upkeep]
|upkeep
|turn|14
|choice|*move 2|*
|choice|*|*move 3
|choice|move hurricane|move crunch
|
|move|p2a: Gyarados|Crunch|p1a: Pelipper
|-damage|p1a: Pelipper|62\/324
|move|p1a: Pelipper|Hurricane|p2a: Gyarados
|-damage|p2a: Gyarados|0 fnt
|faint|p2a: Gyarados
|
|-weather|RainDance|[upkeep]
|upkeep
|inactive|be my flaker hater tiene 135 segundos restantes.
|choice|*|*switch 5
|choice||switch 5
|
|switch|p2a: Hoopa|Hoopa-Unbound|301\/301
|turn|15
|choice|*|*move 1
|choice|*switch 2|*
|choice|switch 2|move darkpulse
|
|switch|p1a: Greninja|Greninja, M|285\/285
|move|p2a: Hoopa|Dark Pulse|p1a: Greninja
|-resisted|p1a: Greninja
|-damage|p1a: Greninja|108\/285
|
|-weather|RainDance|[upkeep]
|upkeep
|turn|16
|choice|*move 1|*
|choice|*|*switch 4
|choice|move icebeam|switch 4
|
|switch|p2a: Heatran|Heatran, F, shiny|386\/386
|move|p1a: Greninja|Ice Beam|p2a: Heatran
|-start|p1a: Greninja|typechange|Ice|[from] Protean
|-resisted|p2a: Heatran
|-damage|p2a: Heatran|359\/386
|
|-weather|RainDance|[upkeep]
|-heal|p2a: Heatran|383\/386|[from] item: Leftovers
|upkeep
|turn|17
|choice|*|*move 1
|choice|*switch 6|*
|choice|switch 6|move substitute
|
|switch|p1a: Swampert|Swampert-Mega, M|236\/341 tox
|move|p2a: Heatran|Substitute|p2a: Heatran
|-start|p2a: Heatran|Substitute
|-damage|p2a: Heatran|287\/386
|
|-weather|RainDance|[upkeep]
|-heal|p2a: Heatran|311\/386|[from] item: Leftovers
|-damage|p1a: Swampert|215\/341 tox|[from] psn
|upkeep
|turn|18
|choice|*move 3|*
|choice|*|*move 4
|choice|move waterfall|move protect
|
|move|p2a: Heatran|Protect|p2a: Heatran
|-singleturn|p2a: Heatran|Protect
|move|p1a: Swampert|Waterfall|p2a: Heatran
|-activate|p2a: Heatran|move: Protect
|
|-weather|RainDance|[upkeep]
|-heal|p2a: Heatran|335\/386|[from] item: Leftovers
|-damage|p1a: Swampert|173\/341 tox|[from] psn
|upkeep
|turn|19
|choice|*|*move 1
|choice|*move 3|*
|choice|move waterfall|move substitute
|
|move|p1a: Swampert|Waterfall|p2a: Heatran
|-supereffective|p2a: Heatran
|-end|p2a: Heatran|Substitute
|move|p2a: Heatran|Substitute|p2a: Heatran
|-start|p2a: Heatran|Substitute
|-damage|p2a: Heatran|239\/386
|
|-weather|none
|-heal|p2a: Heatran|263\/386|[from] item: Leftovers
|-damage|p1a: Swampert|110\/341 tox|[from] psn
|upkeep
|turn|20
|choice|*|*move 4
|choice|*switch 5|*
|choice|switch 5|move protect
|
|switch|p1a: Tapu Koko|Tapu Koko|281\/281
|-fieldstart|move: Electric Terrain|[from] ability: Electric Surge|[of] p1a: Tapu Koko
|move|p2a: Heatran|Protect|p2a: Heatran
|-fail|p2a: Heatran
|
|-heal|p2a: Heatran|287\/386|[from] item: Leftovers
|upkeep
|turn|21
|choice|*move 1|*
|choice|*|*move 2
|choice|move voltswitch|move toxic
|
|move|p1a: Tapu Koko|Volt Switch|p2a: Heatran
|-crit|p2a: Heatran
|-end|p2a: Heatran|Substitute
|choice|*switch 2|*
|choice|switch 2|
|
|switch|p1a: Pelipper|Pelipper, M|62\/324|[from]move: Volt Switch
|-weather|RainDance|[from] ability: Drizzle|[of] p1a: Pelipper
|move|p2a: Heatran|Toxic|p1a: Pelipper
|-status|p1a: Pelipper|tox
|
|-weather|RainDance|[upkeep]
|-heal|p2a: Heatran|311\/386|[from] item: Leftovers
|-damage|p1a: Pelipper|42\/324 tox|[from] psn
|upkeep
|turn|22
|choice|*move 3|*
|choice|*|*move 1
|choice|move roost|move substitute
|
|move|p2a: Heatran|Substitute|p2a: Heatran
|-start|p2a: Heatran|Substitute
|-damage|p2a: Heatran|215\/386
|move|p1a: Pelipper|Roost|p1a: Pelipper
|-heal|p1a: Pelipper|204\/324 tox
|
|-weather|RainDance|[upkeep]
|-heal|p2a: Heatran|239\/386|[from] item: Leftovers
|-damage|p1a: Pelipper|164\/324 tox|[from] psn
|upkeep
|turn|23
|choice|*|*move 3
|choice|*move 1|*
|choice|move scald|move lavaplume
|
|move|p2a: Heatran|Lava Plume|p1a: Pelipper
|-resisted|p1a: Pelipper
|-damage|p1a: Pelipper|125\/324 tox
|move|p1a: Pelipper|Scald|p2a: Heatran
|-supereffective|p2a: Heatran
|-end|p2a: Heatran|Substitute
|
|-weather|RainDance|[upkeep]
|-heal|p2a: Heatran|263\/386|[from] item: Leftovers
|-damage|p1a: Pelipper|65\/324 tox|[from] psn
|upkeep
|turn|24
|choice|*move 3|*
|choice|*|*move 1
|choice|move roost|move substitute
|
|move|p2a: Heatran|Substitute|p2a: Heatran
|-start|p2a: Heatran|Substitute
|-damage|p2a: Heatran|167\/386
|move|p1a: Pelipper|Roost|p1a: Pelipper
|-heal|p1a: Pelipper|227\/324 tox
|
|-weather|RainDance|[upkeep]
|-heal|p2a: Heatran|191\/386|[from] item: Leftovers
|-damage|p1a: Pelipper|147\/324 tox|[from] psn
|-fieldend|move: Electric Terrain
|upkeep
|turn|25
|choice|*|*move 4
|choice|*move 1|*
|choice|move scald|move protect
|
|move|p2a: Heatran|Protect|p2a: Heatran
|-singleturn|p2a: Heatran|Protect
|move|p1a: Pelipper|Scald|p2a: Heatran
|-activate|p2a: Heatran|move: Protect
|
|-weather|RainDance|[upkeep]
|-heal|p2a: Heatran|215\/386|[from] item: Leftovers
|-damage|p1a: Pelipper|47\/324 tox|[from] psn
|upkeep
|turn|26
|choice|*switch 5|*
|choice|*|*move 3
|choice|switch 5|move lavaplume
|
|switch|p1a: Swampert|Swampert-Mega, M|110\/341 tox
|move|p2a: Heatran|Lava Plume|p1a: Swampert
|-resisted|p1a: Swampert
|-damage|p1a: Swampert|84\/341 tox
|
|-weather|RainDance|[upkeep]
|-heal|p2a: Heatran|239\/386|[from] item: Leftovers
|-damage|p1a: Swampert|63\/341 tox|[from] psn
|upkeep
|turn|27
|choice|*|*move 4
|choice|*move 3|*
|choice|move waterfall|move protect
|
|move|p2a: Heatran|Protect|p2a: Heatran
|-singleturn|p2a: Heatran|Protect
|move|p1a: Swampert|Waterfall|p2a: Heatran
|-activate|p2a: Heatran|move: Protect
|
|-weather|RainDance|[upkeep]
|-heal|p2a: Heatran|263\/386|[from] item: Leftovers
|-damage|p1a: Swampert|21\/341 tox|[from] psn
|upkeep
|turn|28
|choice|*move 3|*
|choice|*|*move 1
|choice|move waterfall|move substitute
|
|move|p1a: Swampert|Waterfall|p2a: Heatran
|-supereffective|p2a: Heatran
|-end|p2a: Heatran|Substitute
|move|p2a: Heatran|Substitute|p2a: Heatran
|-start|p2a: Heatran|Substitute
|-damage|p2a: Heatran|167\/386
|
|-weather|none
|-heal|p2a: Heatran|191\/386|[from] item: Leftovers
|-damage|p1a: Swampert|0 fnt|[from] psn
|upkeep
|faint|p1a: Swampert
|inactive|ElTioDeJohan tiene 135 segundos restantes.
|-message|ElTioDeJohan se rindió.
|
|win|be my flaker hater
be my flaker hater ha ganado 8 PokeDolares.
|raw|Puntaje de ElTioDeJohan: 1322 &rarr; <strong>1298<\/strong><br \/>(-24 por perder)
|raw|Puntaje de be my flaker hater: 1330 &rarr; <strong>1355<\/strong><br \/>(+25 por ganar)
</script>
</div>
<div class="battle-log battle-log-inline"><div class="inner"><div class="battle-options"></div><div class="inner"><div class=""><small>Format:</small> <br><strong>OU</strong></div><div class="rated"><strong>Rated battle</strong></div><div class=""><small><em>Cláusula-Mod de Dormir:</em> solo puedes dormir a uno de tus oponentes a la vez.</small></div><div class=""><small><em>Cláusula de Especie:</em> Hasta un Pokémon de cada especie</small></div><div class=""><small><em>Cláusula de Golpe Fulminante:</em> los movimientos fulminantes (OHKO) estan prohibidos</small></div><div class=""><small><em>Cláusula de Veleta:</em> la habilidad Veleta está prohibida</small></div><div class=""><small><em>Cláusula de Movimientos Evasivos:</em> los movimientos de Evasión están prohibidos.</small></div><div class=""><small><em>Cláusula de Batallas Eternas:</em> forzar batallas eternas está prohibido</small></div><div class="chat battle-history"><strong>ElTioDeJohan's team:</strong> <em style="color:#445566;display:block;">Pelipper / Swampert / Greninja / Tapu Koko / Hawlucha / Ferrothorn</em></div><div class="chat battle-history"><strong>be my flaker hater's team:</strong> <em style="color:#445566;display:block;">Gyarados / Tapu Bulu / Heatran / Hoopa-Unbound / Garchomp / Latias</em></div><div class="spacer battle-history"><br></div><div class="battle-history">Battle started between ElTioDeJohan and be my flaker hater!<br></div><div class="spacer battle-history"><br></div><div class="battle-history">Go! <strong>Pelipper</strong>!<br></div><div class="spacer battle-history"><br></div><div class="battle-history">be my flaker hater sent out Hoopa (<strong>Hoopa-Unbound</strong>)!<br></div><div class="battle-history"><small>[Pelipper's Drizzle]</small><br><small>It started to rain!</small><br></div><div class="spacer battle-history"><br></div><h2 class="battle-history">Turn 1</h2><div class="spacer battle-history"><br></div><div class="battle-history">Pelipper, come back!<br></div><div class="battle-history">Go! <strong>Ferrothorn</strong>!<br></div><div class="spacer battle-history"><br></div><div class="battle-history">The opposing Hoopa used <strong>Dark Pulse</strong>!<br></div><div class="battle-history"><small>(Ferrothorn lost <abbr title="−198/352">56.3%</abbr> of its health!)</small><br></div><div class="spacer battle-history"><br></div><div class="battle-history"><small>(Rain continues to fall!)</small><br></div><div class="battle-history"><small>Ferrothorn restored a little HP using its Leftovers!</small><br></div><div class="spacer battle-history"><br></div><h2 class="battle-history">Turn 2</h2><div class="spacer battle-history"><br></div><div class="battle-history">Ferrothorn used <strong>Protect</strong>!<br></div><div class="battle-history"><small>Ferrothorn protected itself!</small><br></div><div class="spacer battle-history"><br></div><div class="battle-history">The opposing Hoopa used <strong>Dark Pulse</strong>!<br></div><div class="battle-history"><small>Ferrothorn protected itself!</small><br></div><div class="spacer battle-history"><br></div><div class="battle-history"><small>(Rain continues to fall!)</small><br></div><div class="battle-history"><small>Ferrothorn restored a little HP using its Leftovers!</small><br></div><div class="spacer battle-history"><br></div><h2 class="battle-history">Turn 3</h2><div class="spacer battle-history"><br></div><div class="battle-history">The opposing Hoopa used <strong>Dark Pulse</strong>!<br></div><div class="battle-history"><small>(Ferrothorn lost <abbr title="−198/352">56.3%</abbr> of its health!)</small><br></div><div class="spacer battle-history"><br></div><div class="battle-history">Ferrothorn fainted!<br></div><div class="spacer battle-history"><br></div><div class="battle-history"><small>(Rain continues to fall!)</small><br></div><div class="spacer battle-history"><br></div><div class="battle-history">Go! <strong>Tapu Koko</strong>!<br></div><div class="battle-history"><small>[Tapu Koko's Electric Surge]</small><br><small>An electric current runs across the battlefield!</small><br></div><div class="spacer battle-history"><br></div><h2 class="battle-history">Turn 4</h2><div class="spacer battle-history"><br></div><div class="battle-history">be my flaker hater withdrew Hoopa!<br></div><div class="battle-history">be my flaker hater sent out <strong>Garchomp</strong>!<br></div><div class="spacer battle-history"><br></div><div class="battle-history">Tapu Koko used <strong>Dazzling Gleam</strong>!<br></div><div class="battle-history"><small>It's super effective!</small><br></div><div class="battle-history"><small>The opposing Garchomp hung on using its Focus Sash!</small><br></div><div class="battle-history"><small>(The opposing Garchomp lost <abbr title="−356/357">99.7%</abbr> of its health!)</small><br></div><div class="spacer battle-history"><br></div><div class="battle-history"><small>(Rain continues to fall!)</small><br></div><div class="spacer battle-history"><br></div><h2 class="battle-history">Turn 5</h2><div class="spacer battle-history"><br></div><div class="battle-history">Tapu Koko used <strong>Dazzling Gleam</strong>!<br></div><div class="battle-history"><small>It's super effective!</small><br></div><div class="battle-history"><small>(The opposing Garchomp lost <abbr title="−1/357">0.3%</abbr> of its health!)</small><br></div><div class="spacer battle-history"><br></div><div class="battle-history">The opposing Garchomp fainted!<br></div><div class="spacer battle-history"><br></div><div class="battle-history"><small>(Rain continues to fall!)</small><br></div><div class="spacer battle-history"><br></div><div class="battle-history">be my flaker hater sent out <strong>Tapu Bulu</strong>!<br></div><div class="battle-history"><small>[The opposing Tapu Bulu's Grassy Surge]</small><br><small>Grass grew to cover the battlefield!</small><br></div><div class="spacer battle-history"><br></div><h2 class="battle-history">Turn 6</h2><div class="spacer battle-history"><br></div><div class="battle-history">Tapu Koko, come back!<br></div><div class="battle-history">Go! <strong>Hawlucha</strong>!<br></div><div class="battle-history"><small>The opposing Tapu Bulu surrounded itself with its Z-Power!</small><br></div><div class="spacer battle-history"><br></div><div class="battle-history">The opposing Tapu Bulu used <strong>Bloom Doom</strong>!<br></div><div class="battle-history"><small>It's not very effective...</small><br></div><div class="battle-history"><small>(Hawlucha lost <abbr title="−297/297">100%</abbr> of its health!)</small><br></div><div class="spacer battle-history"><br></div><div class="battle-history">Hawlucha fainted!<br></div><div class="spacer battle-history"><br></div><div class="battle-history"><small>(Rain continues to fall!)</small><br></div><div class="spacer battle-history"><br></div><div class="battle-history">Go! <strong>Greninja</strong>!<br></div><div class="spacer battle-history"><br></div><h2 class="battle-history">Turn 7</h2><div class="chat message-error">Reloj de batalla ENCENDIDO. El jugador inactivo será descalificado (solicitado por ElTioDeJohan).</div><div class="chat chatmessage-bemyflakerhater"><strong style="color:hsl(51,52%,43.05568747529929%)"><small>☆</small><span class="username" data-name="be my flaker hater">be my flaker hater</span>:</strong> <em>lol</em></div><div class="spacer battle-history"><br></div><div class="battle-history">be my flaker hater withdrew Tapu Bulu!<br></div><div class="battle-history">be my flaker hater sent out <strong>Heatran</strong>!<br></div><div class="spacer battle-history"><br></div><div class="battle-history">Greninja used <strong>Gunk Shot</strong>!<br></div><div class="spacer battle-history"><br></div><div class="battle-history"><small>[Greninja's Protean]</small><br><small>Greninja transformed into the Poison type!</small><br></div><div class="battle-history"><small>It doesn't affect the opposing Heatran...</small><br></div><div class="spacer battle-history"><br></div><div class="battle-history"><small>(Rain continues to fall!)</small><br></div><div class="spacer battle-history"><br></div><h2 class="battle-history">Turn 8</h2><div class="chat message-error">ElTioDeJohan tiene 135 segundos restantes.</div><div class="spacer battle-history"><br></div><div class="battle-history">Greninja, come back!<br></div><div class="battle-history">Go! <strong>Swampert</strong>!<br></div><div class="spacer battle-history"><br></div><div class="battle-history">The opposing Heatran used <strong>Substitute</strong>!<br></div><div class="battle-history"><small>The opposing Heatran put in a substitute!</small><br></div><div class="battle-history"><small>(The opposing Heatran lost <abbr title="−96/386">24.9%</abbr> of its health!)</small><br></div><div class="spacer battle-history"><br></div><div class="battle-history"><small>The rain stopped.</small><br></div><div class="battle-history"><small>The opposing Heatran restored a little HP using its Leftovers!</small><br></div><div class="battle-history"><small>The opposing Heatran restored HP using its Grassy Terrain!</small><br></div><div class="spacer battle-history"><br></div><h2 class="battle-history">Turn 9</h2><div class="spacer battle-history"><br></div><div class="battle-history"><small>Swampert's Swampertite is reacting to the Key Stone!</small><br>Swampert has Mega Evolved into Mega Swampert!<br></div><div class="spacer battle-history"><br></div><div class="battle-history">Swampert used <strong>Power-Up Punch</strong>!<br></div><div class="battle-history"><small>It's super effective!</small><br></div><div class="battle-history"><small>The opposing Heatran's substitute faded!</small><br></div><div class="battle-history"><small>Swampert's Attack rose!</small><br></div><div class="spacer battle-history"><br></div><div class="battle-history">The opposing Heatran used <strong>Toxic</strong>!<br></div><div class="battle-history"><small>Swampert was badly poisoned!</small><br></div><div class="spacer battle-history"><br></div><div class="battle-history"><small>The opposing Heatran restored a little HP using its Leftovers!</small><br></div><div class="battle-history"><small>The opposing Heatran restored HP using its Grassy Terrain!</small><br></div><div class="battle-history"><small>Swampert was hurt by poison!</small><br></div><div class="spacer battle-history"><br></div><h2 class="battle-history">Turn 10</h2><div class="spacer battle-history"><br></div><div class="battle-history">The opposing Heatran used <strong>Protect</strong>!<br></div><div class="battle-history"><small>The opposing Heatran protected itself!</small><br></div><div class="spacer battle-history"><br></div><div class="battle-history">Swampert used <strong>Waterfall</strong>!<br></div><div class="battle-history"><small>The opposing Heatran protected itself!</small><br></div><div class="spacer battle-history"><br></div><div class="battle-history"><small>Swampert restored HP using its Grassy Terrain!</small><br></div><div class="battle-history"><small>The grass disappeared from the battlefield.</small><br></div><div class="battle-history"><small>Swampert was hurt by poison!</small><br></div><div class="spacer battle-history"><br></div><h2 class="battle-history">Turn 11</h2><div class="spacer battle-history"><br></div><div class="battle-history">be my flaker hater withdrew Heatran!<br></div><div class="battle-history">be my flaker hater sent out <strong>Gyarados</strong>!<br></div><div class="battle-history"><small>[The opposing Gyarados's Intimidate]</small><br></div><div class="battle-history"><small>Swampert's Attack fell!</small><br></div><div class="spacer battle-history"><br></div><div class="battle-history">Swampert used <strong>Ice Punch</strong>!<br></div><div class="battle-history"><small>(The opposing Gyarados lost <abbr title="−112/331">33.8%</abbr> of its health!)</small><br></div><div class="spacer battle-history"><br></div><div class="battle-history"><small>Swampert was hurt by poison!</small><br></div><div class="spacer battle-history"><br></div><h2 class="battle-history">Turn 12</h2><div class="spacer battle-history"><br></div><div class="battle-history">Swampert, come back!<br></div><div class="battle-history">Go! <strong>Pelipper</strong>!<br></div><div class="battle-history"><small>[Pelipper's Drizzle]</small><br><small>It started to rain!</small><br></div><div class="spacer battle-history"><br></div><div class="battle-history">The opposing Gyarados used <strong>Dragon Dance</strong>!<br></div><div class="battle-history"><small>The opposing Gyarados's Attack rose!</small><br></div><div class="battle-history"><small>The opposing Gyarados's Speed rose!</small><br></div><div class="spacer battle-history"><br></div><div class="battle-history"><small>(Rain continues to fall!)</small><br></div><div class="spacer battle-history"><br></div><h2 class="battle-history">Turn 13</h2><div class="spacer battle-history"><br></div><div class="battle-history"><small>The opposing Gyarados's Gyaradosite is reacting to the Key Stone!</small><br>The opposing Gyarados has Mega Evolved into Mega Gyarados!<br></div><div class="battle-history"><small>[The opposing Gyarados's Mold Breaker]</small><br><small>The opposing Gyarados breaks the mold!</small><br></div><div class="spacer battle-history"><br></div><div class="battle-history">The opposing Gyarados used <strong>Dragon Dance</strong>!<br></div><div class="battle-history"><small>The opposing Gyarados's Attack rose!</small><br></div><div class="battle-history"><small>The opposing Gyarados's Speed rose!</small><br></div><div class="spacer battle-history"><br></div><div class="battle-history">Pelipper used <strong>Hurricane</strong>!<br></div><div class="battle-history"><small>(The opposing Gyarados lost <abbr title="−114/331">34.4%</abbr> of its health!)</small><br></div><div class="spacer battle-history"><br></div><div class="battle-history"><small>(Rain continues to fall!)</small><br></div><div class="spacer battle-history"><br></div><h2 class="battle-history">Turn 14</h2><div class="spacer battle-history"><br></div><div class="battle-history">The opposing Gyarados used <strong>Crunch</strong>!<br></div><div class="battle-history"><small>(Pelipper lost <abbr title="−262/324">80.9%</abbr> of its health!)</small><br></div><div class="spacer battle-history"><br></div><div class="battle-history">Pelipper used <strong>Hurricane</strong>!<br></div><div class="battle-history"><small>(The opposing Gyarados lost <abbr title="−105/331">31.7%</abbr> of its health!)</small><br></div><div class="spacer battle-history"><br></div><div class="battle-history">The opposing Gyarados fainted!<br></div><div class="spacer battle-history"><br></div><div class="battle-history"><small>(Rain continues to fall!)</small><br></div><div class="chat message-error">be my flaker hater tiene 135 segundos restantes.</div><div class="spacer battle-history"><br></div><div class="battle-history">be my flaker hater sent out Hoopa (<strong>Hoopa-Unbound</strong>)!<br></div><div class="spacer battle-history"><br></div><h2 class="battle-history">Turn 15</h2><div class="spacer battle-history"><br></div><div class="battle-history">Pelipper, come back!<br></div><div class="battle-history">Go! <strong>Greninja</strong>!<br></div><div class="spacer battle-history"><br></div><div class="battle-history">The opposing Hoopa used <strong>Dark Pulse</strong>!<br></div><div class="battle-history"><small>It's not very effective...</small><br></div><div class="battle-history"><small>(Greninja lost <abbr title="−177/285">62.1%</abbr> of its health!)</small><br></div><div class="spacer battle-history"><br></div><div class="battle-history"><small>(Rain continues to fall!)</small><br></div><div class="spacer battle-history"><br></div><h2 class="battle-history">Turn 16</h2><div class="spacer battle-history"><br></div><div class="battle-history">be my flaker hater withdrew Hoopa!<br></div><div class="battle-history">be my flaker hater sent out <strong>Heatran</strong>!<br></div><div class="spacer battle-history"><br></div><div class="battle-history">Greninja used <strong>Ice Beam</strong>!<br></div><div class="spacer battle-history"><br></div><div class="battle-history"><small>[Greninja's Protean]</small><br><small>Greninja transformed into the Ice type!</small><br></div><div class="battle-history"><small>It's not very effective...</small><br></div><div class="battle-history"><small>(The opposing Heatran lost <abbr title="−27/386">7.0%</abbr> of its health!)</small><br></div><div class="spacer battle-history"><br></div><div class="battle-history"><small>(Rain continues to fall!)</small><br></div><div class="battle-history"><small>The opposing Heatran restored a little HP using its Leftovers!</small><br></div><div class="spacer battle-history"><br></div><h2 class="battle-history">Turn 17</h2><div class="spacer battle-history"><br></div><div class="battle-history">Greninja, come back!<br></div><div class="battle-history">Go! Swampert (<strong>Swampert-Mega</strong>)!<br></div><div class="spacer battle-history"><br></div><div class="battle-history">The opposing Heatran used <strong>Substitute</strong>!<br></div><div class="battle-history"><small>The opposing Heatran put in a substitute!</small><br></div><div class="battle-history"><small>(The opposing Heatran lost <abbr title="−96/386">24.9%</abbr> of its health!)</small><br></div><div class="spacer battle-history"><br></div><div class="battle-history"><small>(Rain continues to fall!)</small><br></div><div class="battle-history"><small>The opposing Heatran restored a little HP using its Leftovers!</small><br></div><div class="battle-history"><small>Swampert was hurt by poison!</small><br></div><div class="spacer battle-history"><br></div><h2 class="battle-history">Turn 18</h2><div class="spacer battle-history"><br></div><div class="battle-history">The opposing Heatran used <strong>Protect</strong>!<br></div><div class="battle-history"><small>The opposing Heatran protected itself!</small><br></div><div class="spacer battle-history"><br></div><div class="battle-history">Swampert used <strong>Waterfall</strong>!<br></div><div class="battle-history"><small>The opposing Heatran protected itself!</small><br></div><div class="spacer battle-history"><br></div><div class="battle-history"><small>(Rain continues to fall!)</small><br></div><div class="battle-history"><small>The opposing Heatran restored a little HP using its Leftovers!</small><br></div><div class="battle-history"><small>Swampert was hurt by poison!</small><br></div><div class="spacer battle-history"><br></div><h2 class="battle-history">Turn 19</h2><div class="spacer battle-history"><br></div><div class="battle-history">Swampert used <strong>Waterfall</strong>!<br></div><div class="battle-history"><small>It's super effective!</small><br></div><div class="battle-history"><small>The opposing Heatran's substitute faded!</small><br></div><div class="spacer battle-history"><br></div><div class="battle-history">The opposing Heatran used <strong>Substitute</strong>!<br></div><div class="battle-history"><small>The opposing Heatran put in a substitute!</small><br></div><div class="battle-history"><small>(The opposing Heatran lost <abbr title="−96/386">24.9%</abbr> of its health!)</small><br></div><div class="spacer battle-history"><br></div><div class="battle-history"><small>The rain stopped.</small><br></div><div class="battle-history"><small>The opposing Heatran restored a little HP using its Leftovers!</small><br></div><div class="battle-history"><small>Swampert was hurt by poison!</small><br></div><div class="spacer battle-history"><br></div><h2 class="battle-history">Turn 20</h2><div class="spacer battle-history"><br></div><div class="battle-history">Swampert, come back!<br></div><div class="battle-history">Go! <strong>Tapu Koko</strong>!<br></div><div class="battle-history"><small>[Tapu Koko's Electric Surge]</small><br><small>An electric current runs across the battlefield!</small><br></div><div class="spacer battle-history"><br></div><div class="battle-history">The opposing Heatran used <strong>Protect</strong>!<br></div><div class="battle-history"><small>But it failed!</small><br></div><div class="spacer battle-history"><br></div><div class="battle-history"><small>The opposing Heatran restored a little HP using its Leftovers!</small><br></div><div class="spacer battle-history"><br></div><h2 class="battle-history">Turn 21</h2><div class="spacer battle-history"><br></div><div class="battle-history">Tapu Koko used <strong>Volt Switch</strong>!<br></div><div class="battle-history"><small>A critical hit!</small><br></div><div class="battle-history"><small>The opposing Heatran's substitute faded!</small><br></div><div class="spacer battle-history"><br></div><div class="battle-history">Tapu Koko went back to ElTioDeJohan!<br></div><div class="battle-history">Go! <strong>Pelipper</strong>!<br></div><div class="battle-history"><small>[Pelipper's Drizzle]</small><br><small>It started to rain!</small><br></div><div class="spacer battle-history"><br></div><div class="battle-history">The opposing Heatran used <strong>Toxic</strong>!<br></div><div class="battle-history"><small>Pelipper was badly poisoned!</small><br></div><div class="spacer battle-history"><br></div><div class="battle-history"><small>(Rain continues to fall!)</small><br></div><div class="battle-history"><small>The opposing Heatran restored a little HP using its Leftovers!</small><br></div><div class="battle-history"><small>Pelipper was hurt by poison!</small><br></div><div class="spacer battle-history"><br></div><h2 class="battle-history">Turn 22</h2><div class="spacer battle-history"><br></div><div class="battle-history">The opposing Heatran used <strong>Substitute</strong>!<br></div><div class="battle-history"><small>The opposing Heatran put in a substitute!</small><br></div><div class="battle-history"><small>(The opposing Heatran lost <abbr title="−96/386">24.9%</abbr> of its health!)</small><br></div><div class="spacer battle-history"><br></div><div class="battle-history">Pelipper used <strong>Roost</strong>!<br></div><div class="battle-history"><small>Pelipper restored its HP.</small><br></div><div class="spacer battle-history"><br></div><div class="battle-history"><small>(Rain continues to fall!)</small><br></div><div class="battle-history"><small>The opposing Heatran restored a little HP using its Leftovers!</small><br></div><div class="battle-history"><small>Pelipper was hurt by poison!</small><br></div><div class="spacer battle-history"><br></div><h2 class="battle-history">Turn 23</h2><div class="spacer battle-history"><br></div><div class="battle-history">The opposing Heatran used <strong>Lava Plume</strong>!<br></div><div class="battle-history"><small>It's not very effective...</small><br></div><div class="battle-history"><small>(Pelipper lost <abbr title="−39/324">12.0%</abbr> of its health!)</small><br></div><div class="spacer battle-history"><br></div><div class="battle-history">Pelipper used <strong>Scald</strong>!<br></div><div class="battle-history"><small>It's super effective!</small><br></div><div class="battle-history"><small>The opposing Heatran's substitute faded!</small><br></div><div class="spacer battle-history"><br></div><div class="battle-history"><small>(Rain continues to fall!)</small><br></div><div class="battle-history"><small>The opposing Heatran restored a little HP using its Leftovers!</small><br></div><div class="battle-history"><small>Pelipper was hurt by poison!</small><br></div><div class="spacer battle-history"><br></div><h2 class="battle-history">Turn 24</h2><div class="spacer battle-history"><br></div><div class="battle-history">The opposing Heatran used <strong>Substitute</strong>!<br></div><div class="battle-history"><small>The opposing Heatran put in a substitute!</small><br></div><div class="battle-history"><small>(The opposing Heatran lost <abbr title="−96/386">24.9%</abbr> of its health!)</small><br></div><div class="spacer battle-history"><br></div><div class="battle-history">Pelipper used <strong>Roost</strong>!<br></div><div class="battle-history"><small>Pelipper restored its HP.</small><br></div><div class="spacer battle-history"><br></div><div class="battle-history"><small>(Rain continues to fall!)</small><br></div><div class="battle-history"><small>The opposing Heatran restored a little HP using its Leftovers!</small><br></div><div class="battle-history"><small>Pelipper was hurt by poison!</small><br></div><div class="battle-history"><small>The electricity disappeared from the battlefield.</small><br></div><div class="spacer battle-history"><br></div><h2 class="battle-history">Turn 25</h2><div class="spacer battle-history"><br></div><div class="battle-history">The opposing Heatran used <strong>Protect</strong>!<br></div><div class="battle-history"><small>The opposing Heatran protected itself!</small><br></div><div class="spacer battle-history"><br></div><div class="battle-history">Pelipper used <strong>Scald</strong>!<br></div><div class="battle-history"><small>The opposing Heatran protected itself!</small><br></div><div class="spacer battle-history"><br></div><div class="battle-history"><small>(Rain continues to fall!)</small><br></div><div class="battle-history"><small>The opposing Heatran restored a little HP using its Leftovers!</small><br></div><div class="battle-history"><small>Pelipper was hurt by poison!</small><br></div><div class="spacer battle-history"><br></div><h2 class="battle-history">Turn 26</h2><div class="spacer battle-history"><br></div><div class="battle-history">Pelipper, come back!<br></div><div class="battle-history">Go! Swampert (<strong>Swampert-Mega</strong>)!<br></div><div class="spacer battle-history"><br></div><div class="battle-history">The opposing Heatran used <strong>Lava Plume</strong>!<br></div><div class="battle-history"><small>It's not very effective...</small><br></div><div class="battle-history"><small>(Swampert lost <abbr title="−26/341">7.6%</abbr> of its health!)</small><br></div><div class="spacer battle-history"><br></div><div class="battle-history"><small>(Rain continues to fall!)</small><br></div><div class="battle-history"><small>The opposing Heatran restored a little HP using its Leftovers!</small><br></div><div class="battle-history"><small>Swampert was hurt by poison!</small><br></div><div class="spacer battle-history"><br></div><h2 class="battle-history">Turn 27</h2><div class="spacer battle-history"><br></div><div class="battle-history">The opposing Heatran used <strong>Protect</strong>!<br></div><div class="battle-history"><small>The opposing Heatran protected itself!</small><br></div><div class="spacer battle-history"><br></div><div class="battle-history">Swampert used <strong>Waterfall</strong>!<br></div><div class="battle-history"><small>The opposing Heatran protected itself!</small><br></div><div class="spacer battle-history"><br></div><div class="battle-history"><small>(Rain continues to fall!)</small><br></div><div class="battle-history"><small>The opposing Heatran restored a little HP using its Leftovers!</small><br></div><div class="battle-history"><small>Swampert was hurt by poison!</small><br></div><div class="spacer battle-history"><br></div><h2 class="battle-history">Turn 28</h2><div class="spacer battle-history"><br></div><div class="battle-history">Swampert used <strong>Waterfall</strong>!<br></div><div class="battle-history"><small>It's super effective!</small><br></div><div class="battle-history"><small>The opposing Heatran's substitute faded!</small><br></div><div class="spacer battle-history"><br></div><div class="battle-history">The opposing Heatran used <strong>Substitute</strong>!<br></div><div class="battle-history"><small>The opposing Heatran put in a substitute!</small><br></div><div class="battle-history"><small>(The opposing Heatran lost <abbr title="−96/386">24.9%</abbr> of its health!)</small><br></div><div class="spacer battle-history"><br></div><div class="battle-history"><small>The rain stopped.</small><br></div><div class="battle-history"><small>The opposing Heatran restored a little HP using its Leftovers!</small><br></div><div class="battle-history"><small>Swampert was hurt by poison!</small><br></div><div class="spacer battle-history"><br></div><div class="battle-history">Swampert fainted!<br></div><div class="chat message-error">ElTioDeJohan tiene 135 segundos restantes.</div><div class="battle-history"><small>ElTioDeJohan se rindió.</small><br></div><div class="spacer battle-history"><br></div><div class="battle-history"><strong>be my flaker hater</strong> won the battle!<br></div><div class="chat">be my flaker hater ha ganado 8 PokeDolares.</div><div class="chat">Puntaje de ElTioDeJohan: 1322 → <strong>1298</strong><br>(-24 por perder)</div><div class="chat">Puntaje de be my flaker hater: 1330 → <strong>1355</strong><br>(+25 por ganar)</div></div><div class="inner-preempt"></div></div></div>
</div>
<script>
let daily = Math.floor(Date.now()/1000/60/60/24);document.write('<script src="https://play.pokemonshowdown.com/js/replay-embed.js?version'+daily+'"></'+'script>');
</script>
