<!DOCTYPE html>
<meta charset="utf-8" />
<!-- version 1 -->
<title>OU replay: Emporia vs. Divine Resonance</title>
<style>
html,body {font-family:Verdana, sans-serif;font-size:10pt;margin:0;padding:0;}body{padding:12px 0;} .battle-log {font-family:Verdana, sans-serif;font-size:10pt;} .battle-log-inline {border:1px solid #AAAAAA;background:#EEF2F5;color:black;max-width:640px;margin:0 auto 80px;padding-bottom:5px;} .battle-log .inner {padding:4px 8px 0px 8px;} .battle-log .inner-preempt {padding:0 8px 4px 8px;} .battle-log .inner-after {margin-top:0.5em;} .battle-log h2 {margin:0.5em -8px;padding:4px 8px;border:1px solid #AAAAAA;background:#E0E7EA;border-left:0;border-right:0;font-family:Verdana, sans-serif;font-size:13pt;} .battle-log .chat {vertical-align:middle;padding:3px 0 3px 0;font-size:8pt;} .battle-log .chat strong {color:#40576A;} .battle-log .chat em {padding:1px 4px 1px 3px;color:#000000;font-style:normal;} .chat.mine {background:rgba(0,0,0,0.05);margin-left:-8px;margin-right:-8px;padding-left:8px;padding-right:8px;} .spoiler {color:#BBBBBB;background:#BBBBBB;padding:0px 3px;} .spoiler:hover, .spoiler:active, .spoiler-shown {color:#000000;background:#E2E2E2;padding:0px 3px;} .spoiler a {color:#BBBBBB;} .spoiler:hover a, .spoiler:active a, .spoiler-shown a {color:#2288CC;} .chat code, .chat .spoiler:hover code, .chat .spoiler:active code, .chat .spoiler-shown code {border:1px solid #C0C0C0;background:#EEEEEE;color:black;padding:0 2px;} .chat .spoiler code {border:1px solid #CCCCCC;background:#CCCCCC;color:#CCCCCC;} .battle-log .rated {padding:3px 4px;} .battle-log .rated strong {color:white;background:#89A;padding:1px 4px;border-radius:4px;} .spacer {margin-top:0.5em;} .message-announce {background:#6688AA;color:white;padding:1px 4px 2px;} .message-announce a, .broadcast-green a, .broadcast-blue a, .broadcast-red a {color:#DDEEFF;} .broadcast-green {background-color:#559955;color:white;padding:2px 4px;} .broadcast-blue {background-color:#6688AA;color:white;padding:2px 4px;} .infobox {border:1px solid #6688AA;padding:2px 4px;} .infobox-limited {max-height:200px;overflow:auto;overflow-x:hidden;} .broadcast-red {background-color:#AA5544;color:white;padding:2px 4px;} .message-learn-canlearn {font-weight:bold;color:#228822;text-decoration:underline;} .message-learn-cannotlearn {font-weight:bold;color:#CC2222;text-decoration:underline;} .message-effect-weak {font-weight:bold;color:#CC2222;} .message-effect-resist {font-weight:bold;color:#6688AA;} .message-effect-immune {font-weight:bold;color:#666666;} .message-learn-list {margin-top:0;margin-bottom:0;} .message-throttle-notice, .message-error {color:#992222;} .message-overflow, .chat small.message-overflow {font-size:0pt;} .message-overflow::before {font-size:9pt;content:'...';} .subtle {color:#3A4A66;}
</style>
<div class="wrapper replay-wrapper" style="max-width:1180px;margin:0 auto">
<input type="hidden" name="replayid" value="destiny-ou-481680" />
<div class="battle"></div><div class="battle-log"></div><div class="replay-controls"></div><div class="replay-controls-2"></div>
<h1 style="font-weight:normal;text-align:center"><strong>OU</strong><br /><a href="http://pokemonshowdown.com/users/emporia" class="subtle" target="_blank">Emporia</a> vs. <a href="http://pokemonshowdown.com/users/divineresonance" class="subtle" target="_blank">Divine Resonance</a></h1>
<script type="text/plain" class="battle-log-data">|unlink|||clan
|player|p1|Emporia|emporia.gif?8b120ab0
|teamsize|p1|6
|player|p2|Divine Resonance|falltopieces-2.gif?c44aee6b
|teamsize|p2|6
|teamsize|p1|6
|teamsize|p2|6
|gametype|singles
|gen|7
|tier|OU
|seed|20434,62891,38763,30301
|rule|Cláusula-Mod de Dormir: solo puedes dormir a uno de tus oponentes a la vez.
|rule|Cláusula de Especie: Hasta un Pokémon de cada especie
|rule|Cláusula de Golpe Fulminante: los movimientos fulminantes (OHKO) estan prohibidos
|rule|Cláusula de Veleta: la habilidad Veleta está prohibida
|rule|Cláusula de Movimientos Evasivos: los movimientos de Evasión están prohibidos.
|rule|Cláusula de Batallas Eternas: forzar batallas eternas está prohibido
|clearpoke
|poke|p1|Landorus-Therian, M|item
|poke|p1|Victini|item
|poke|p1|Kartana|item
|poke|p1|Mimikyu, M|item
|poke|p1|Tapu Lele|item
|poke|p1|Hawlucha, M|item
|poke|p2|Landorus-Therian, M|item
|poke|p2|Thundurus, M|item
|poke|p2|Tornadus-Therian, M|item
|poke|p2|Weavile, M|item
|poke|p2|Zygarde|item
|poke|p2|Tapu Koko|item
|teampreview|undefined
|choice|*team 523416|*
|choice|*|*team 423156
|choice|team 5, 2, 3, 4, 1, 6|team 4, 2, 3, 1, 5, 6
|
|start
|switch|p1a: Tapu Lele|Tapu Lele|344\/344
|switch|p2a: Weavile|Weavile, M|281\/281
|-ability|p2a: Weavile|Pressure
|-fieldstart|move: Psychic Terrain|[from] ability: Psychic Surge|[of] p1a: Tapu Lele
|turn|1
|choice|*move 3|*
|c|☆Divine Resonance|Bueno weavile mete el crit en turno 1 así podemos seguir sin problemas
|choice|*|*move 3
|choice|move reflect|move knockoff
|
|move|p2a: Weavile|Knock Off|p1a: Tapu Lele
|-damage|p1a: Tapu Lele|200\/344
|-enditem|p1a: Tapu Lele|Colbur Berry|[from] move: Knock Off|[of] p2a: Weavile
|move|p1a: Tapu Lele|Reflect|p1a: Tapu Lele
|-sidestart|p1: Emporia|Reflect
|
|upkeep
|turn|2
|c|☆Divine Resonance|jajajajaja
|c|☆Divine Resonance|bueno pido dq
|c|☆Emporia|Q cosas no
|c|&Gochan|no mames
|c|%No man's hax|hay lmao
|c|☆Divine Resonance|pido dq gochan
|c|&Gochan|tanto se hablo para esto 
|choice|*move 3|*
|c|+Gonz@lo★_★|
|c|@Beppler|ste men
|c|&Gochan|y si repiten con distintos teams? xd
|c|&Gochan|digo solo era lele muerto no?
|c|&Gochan|no paso mas turnos?
|c|☆Divine Resonance|pero
|c|☆Divine Resonance|lele muerto en turno 1
|c|☆Divine Resonance|el men no sabía que esto era sash
|c|☆Emporia|lo dije
|c|&Gochan|ghost
|c|☆Divine Resonance|importó y mucho xd
|c|&Gochan|
|c|☆Emporia|desde el inicio
|c|☆Emporia|ese team ya lo has sacado xd
|c| mi persona murio|entonces que pedo?
|inactive|Reloj de batalla ENCENDIDO. El jugador inactivo será descalificado (solicitado por Emporia).
|inactive|Divine Resonance tiene 285 segundos restantes.
|c|☆Emporia|quieres jugarla o q
|inactive|Divine Resonance tiene 270 segundos restantes.
|inactive|Divine Resonance tiene 255 segundos restantes.
|inactive|Divine Resonance tiene 240 segundos restantes.
|inactive|Divine Resonance tiene 225 segundos restantes.
|choice|*move 1|*
|inactive|Divine Resonance tiene 225 segundos restantes.
|inactive|Divine Resonance tiene 210 segundos restantes.
|inactive|Divine Resonance tiene 195 segundos restantes.
|inactive|Divine Resonance tiene 180 segundos restantes.
|inactive|Divine Resonance tiene 165 segundos restantes.
|-message|Emporia se rindió.
|
|win|Divine Resonance
</script>
</div>
<div class="battle-log battle-log-inline"><div class="inner"><div class="battle-options"></div><div class="inner"><div class=""><small>Format:</small> <br><strong>OU</strong></div><div class=""><small><em>Cláusula-Mod de Dormir:</em> solo puedes dormir a uno de tus oponentes a la vez.</small></div><div class=""><small><em>Cláusula de Especie:</em> Hasta un Pokémon de cada especie</small></div><div class=""><small><em>Cláusula de Golpe Fulminante:</em> los movimientos fulminantes (OHKO) estan prohibidos</small></div><div class=""><small><em>Cláusula de Veleta:</em> la habilidad Veleta está prohibida</small></div><div class=""><small><em>Cláusula de Movimientos Evasivos:</em> los movimientos de Evasión están prohibidos.</small></div><div class=""><small><em>Cláusula de Batallas Eternas:</em> forzar batallas eternas está prohibido</small></div><div class="chat battle-history"><strong>Emporia's team:</strong> <em style="color:#445566;display:block;">Landorus-Therian / Victini / Kartana / Mimikyu / Tapu Lele / Hawlucha</em></div><div class="chat battle-history"><strong>Divine Resonance's team:</strong> <em style="color:#445566;display:block;">Landorus-Therian / Thundurus / Tornadus-Therian / Weavile / Zygarde / Tapu Koko</em></div><div class="spacer battle-history"><br></div><div class="battle-history">Battle started between Emporia and Divine Resonance!<br></div><div class="spacer battle-history"><br></div><div class="battle-history">Go! <strong>Tapu Lele</strong>!<br></div><div class="spacer battle-history"><br></div><div class="battle-history">Divine Resonance sent out <strong>Weavile</strong>!<br></div><div class="battle-history"><small>[The opposing Weavile's Pressure]</small><br><small>The opposing Weavile is exerting its pressure!</small><br></div><div class="battle-history"><small>[Tapu Lele's Psychic Surge]</small><br><small>The battlefield got weird!</small><br></div><div class="spacer battle-history"><br></div><h2 class="battle-history">Turn 1</h2><div class="chat chatmessage-divineresonance"><strong style="color:hsl(284,62%,51.97024370003312%)"><small>☆</small><span class="username" data-name="Divine Resonance">Divine Resonance</span>:</strong> <em>Bueno weavile mete el crit en turno 1 así podemos seguir sin problemas</em></div><div class="spacer battle-history"><br></div><div class="battle-history">The opposing Weavile used <strong>Knock Off</strong>!<br></div><div class="battle-history"><small>(Tapu Lele lost <abbr title="−144/344">41.9%</abbr> of its health!)</small><br></div><div class="battle-history"><small>The opposing Weavile knocked off Tapu Lele's Colbur Berry!</small><br></div><div class="spacer battle-history"><br></div><div class="battle-history">Tapu Lele used <strong>Reflect</strong>!<br></div><div class="battle-history"><small>Reflect made your team stronger against physical moves!</small><br></div><div class="spacer battle-history"><br></div><h2 class="battle-history">Turn 2</h2><div class="chat chatmessage-divineresonance"><strong style="color:hsl(284,62%,51.97024370003312%)"><small>☆</small><span class="username" data-name="Divine Resonance">Divine Resonance</span>:</strong> <em>jajajajaja</em></div><div class="chat chatmessage-divineresonance"><strong style="color:hsl(284,62%,51.97024370003312%)"><small>☆</small><span class="username" data-name="Divine Resonance">Divine Resonance</span>:</strong> <em>bueno pido dq</em></div><div class="chat chatmessage-emporia"><strong style="color:hsl(246,66%,65.1767954016282%)"><small>☆</small><span class="username" data-name="Emporia">Emporia</span>:</strong> <em>Q cosas no</em></div><div class="chat chatmessage-gochan"><strong style="color:hsl(74,78%,31%)"><small>&amp;</small><span class="username" data-name="Gochan">Gochan</span>:</strong> <em>no mames</em></div><div class="chat chatmessage-nomanshax"><strong style="color:hsl(105,82%,35%)"><small>%</small><span class="username" data-name="No man's hax">No man's hax</span>:</strong> <em>hay lmao</em></div><div class="chat chatmessage-divineresonance"><strong style="color:hsl(284,62%,51.97024370003312%)"><small>☆</small><span class="username" data-name="Divine Resonance">Divine Resonance</span>:</strong> <em>pido dq gochan</em></div><div class="chat chatmessage-gochan"><strong style="color:hsl(74,78%,31%)"><small>&amp;</small><span class="username" data-name="Gochan">Gochan</span>:</strong> <em>tanto se hablo para esto </em></div><div class="chat chatmessage-gonzlo"><strong style="color:hsl(301,73%,38%)"><small>+</small><span class="username" data-name="Gonz@lo★_★">Gonz@lo★_★</span>:</strong> <em></em></div><div class="chat chatmessage-beppler"><strong style="color:hsl(118,73%,37.93733867614693%)"><small>@</small><span class="username" data-name="Beppler">Beppler</span>:</strong> <em>ste men</em></div><div class="chat chatmessage-gochan"><strong style="color:hsl(74,78%,31%)"><small>&amp;</small><span class="username" data-name="Gochan">Gochan</span>:</strong> <em>y si repiten con distintos teams? xd</em></div><div class="chat chatmessage-gochan"><strong style="color:hsl(74,78%,31%)"><small>&amp;</small><span class="username" data-name="Gochan">Gochan</span>:</strong> <em>digo solo era lele muerto no?</em></div><div class="chat chatmessage-gochan"><strong style="color:hsl(74,78%,31%)"><small>&amp;</small><span class="username" data-name="Gochan">Gochan</span>:</strong> <em>no paso mas turnos?</em></div><div class="chat chatmessage-divineresonance"><strong style="color:hsl(284,62%,51.97024370003312%)"><small>☆</small><span class="username" data-name="Divine Resonance">Divine Resonance</span>:</strong> <em>pero</em></div><div class="chat chatmessage-divineresonance"><strong style="color:hsl(284,62%,51.97024370003312%)"><small>☆</small><span class="username" data-name="Divine Resonance">Divine Resonance</span>:</strong> <em>lele muerto en turno 1</em></div><div class="chat chatmessage-divineresonance"><strong style="color:hsl(284,62%,51.97024370003312%)"><small>☆</small><span class="username" data-name="Divine Resonance">Divine Resonance</span>:</strong> <em>el men no sabía que esto era sash</em></div><div class="chat chatmessage-emporia"><strong style="color:hsl(246,66%,65.1767954016282%)"><small>☆</small><span class="username" data-name="Emporia">Emporia</span>:</strong> <em>lo dije</em></div><div class="chat chatmessage-gochan"><strong style="color:hsl(74,78%,31%)"><small>&amp;</small><span class="username" data-name="Gochan">Gochan</span>:</strong> <em>ghost</em></div><div class="chat chatmessage-divineresonance"><strong style="color:hsl(284,62%,51.97024370003312%)"><small>☆</small><span class="username" data-name="Divine Resonance">Divine Resonance</span>:</strong> <em>importó y mucho xd</em></div><div class="chat chatmessage-gochan"><strong style="color:hsl(74,78%,31%)"><small>&amp;</small><span class="username" data-name="Gochan">Gochan</span>:</strong> <em></em></div><div class="chat chatmessage-emporia"><strong style="color:hsl(246,66%,65.1767954016282%)"><small>☆</small><span class="username" data-name="Emporia">Emporia</span>:</strong> <em>desde el inicio</em></div><div class="chat chatmessage-emporia"><strong style="color:hsl(246,66%,65.1767954016282%)"><small>☆</small><span class="username" data-name="Emporia">Emporia</span>:</strong> <em>ese team ya lo has sacado xd</em></div><div class="chat chatmessage-mipersonamurio"><strong style="color:hsl(316,53%,47.29341622733849%)"><small> </small><span class="username" data-name="mi persona murio">mi persona murio</span>:</strong> <em>entonces que pedo?</em></div><div class="chat message-error">Reloj de batalla ENCENDIDO. El jugador inactivo será descalificado (solicitado por Emporia).</div><div class="chat message-error">Divine Resonance tiene 285 segundos restantes.</div><div class="chat chatmessage-emporia"><strong style="color:hsl(246,66%,65.1767954016282%)"><small>☆</small><span class="username" data-name="Emporia">Emporia</span>:</strong> <em>quieres jugarla o q</em></div><div class="chat message-error">Divine Resonance tiene 270 segundos restantes.</div><div class="chat message-error">Divine Resonance tiene 255 segundos restantes.</div><div class="chat message-error">Divine Resonance tiene 240 segundos restantes.</div><div class="chat message-error">Divine Resonance tiene 225 segundos restantes.</div><div class="chat message-error">Divine Resonance tiene 225 segundos restantes.</div><div class="chat message-error">Divine Resonance tiene 210 segundos restantes.</div><div class="chat message-error">Divine Resonance tiene 195 segundos restantes.</div><div class="chat message-error">Divine Resonance tiene 180 segundos restantes.</div><div class="chat message-error">Divine Resonance tiene 165 segundos restantes.</div><div class="spacer battle-history"><br></div><div class="battle-history"><small>Emporia se rindió.</small><br></div><div class="spacer battle-history"><br></div><div class="battle-history"><strong>Divine Resonance</strong> won the battle!<br></div></div><div class="inner-preempt"></div></div></div>
</div>
<script>
let daily = Math.floor(Date.now()/1000/60/60/24);document.write('<script src="https://play.pokemonshowdown.com/js/replay-embed.js?version'+daily+'"></'+'script>');
</script>
