<!DOCTYPE html>
<meta charset="utf-8" />
<!-- version 1 -->
<title>OU replay: ❤Miia × Striken❤ vs. DesconocidoTTT</title>
<style>
html,body {font-family:Verdana, sans-serif;font-size:10pt;margin:0;padding:0;}body{padding:12px 0;} .battle-log {font-family:Verdana, sans-serif;font-size:10pt;} .battle-log-inline {border:1px solid #AAAAAA;background:#EEF2F5;color:black;max-width:640px;margin:0 auto 80px;padding-bottom:5px;} .battle-log .inner {padding:4px 8px 0px 8px;} .battle-log .inner-preempt {padding:0 8px 4px 8px;} .battle-log .inner-after {margin-top:0.5em;} .battle-log h2 {margin:0.5em -8px;padding:4px 8px;border:1px solid #AAAAAA;background:#E0E7EA;border-left:0;border-right:0;font-family:Verdana, sans-serif;font-size:13pt;} .battle-log .chat {vertical-align:middle;padding:3px 0 3px 0;font-size:8pt;} .battle-log .chat strong {color:#40576A;} .battle-log .chat em {padding:1px 4px 1px 3px;color:#000000;font-style:normal;} .chat.mine {background:rgba(0,0,0,0.05);margin-left:-8px;margin-right:-8px;padding-left:8px;padding-right:8px;} .spoiler {color:#BBBBBB;background:#BBBBBB;padding:0px 3px;} .spoiler:hover, .spoiler:active, .spoiler-shown {color:#000000;background:#E2E2E2;padding:0px 3px;} .spoiler a {color:#BBBBBB;} .spoiler:hover a, .spoiler:active a, .spoiler-shown a {color:#2288CC;} .chat code, .chat .spoiler:hover code, .chat .spoiler:active code, .chat .spoiler-shown code {border:1px solid #C0C0C0;background:#EEEEEE;color:black;padding:0 2px;} .chat .spoiler code {border:1px solid #CCCCCC;background:#CCCCCC;color:#CCCCCC;} .battle-log .rated {padding:3px 4px;} .battle-log .rated strong {color:white;background:#89A;padding:1px 4px;border-radius:4px;} .spacer {margin-top:0.5em;} .message-announce {background:#6688AA;color:white;padding:1px 4px 2px;} .message-announce a, .broadcast-green a, .broadcast-blue a, .broadcast-red a {color:#DDEEFF;} .broadcast-green {background-color:#559955;color:white;padding:2px 4px;} .broadcast-blue {background-color:#6688AA;color:white;padding:2px 4px;} .infobox {border:1px solid #6688AA;padding:2px 4px;} .infobox-limited {max-height:200px;overflow:auto;overflow-x:hidden;} .broadcast-red {background-color:#AA5544;color:white;padding:2px 4px;} .message-learn-canlearn {font-weight:bold;color:#228822;text-decoration:underline;} .message-learn-cannotlearn {font-weight:bold;color:#CC2222;text-decoration:underline;} .message-effect-weak {font-weight:bold;color:#CC2222;} .message-effect-resist {font-weight:bold;color:#6688AA;} .message-effect-immune {font-weight:bold;color:#666666;} .message-learn-list {margin-top:0;margin-bottom:0;} .message-throttle-notice, .message-error {color:#992222;} .message-overflow, .chat small.message-overflow {font-size:0pt;} .message-overflow::before {font-size:9pt;content:'...';} .subtle {color:#3A4A66;}
</style>
<div class="wrapper replay-wrapper" style="max-width:1180px;margin:0 auto">
<input type="hidden" name="replayid" value="destiny-ou-508972" />
<div class="battle"></div><div class="battle-log"></div><div class="replay-controls"></div><div class="replay-controls-2"></div>
<h1 style="font-weight:normal;text-align:center"><strong>OU</strong><br /><a href="http://pokemonshowdown.com/users/miiastriken" class="subtle" target="_blank">❤Miia × Striken❤</a> vs. <a href="http://pokemonshowdown.com/users/desconocidottt" class="subtle" target="_blank">DesconocidoTTT</a></h1>
<script type="text/plain" class="battle-log-data">|player|p1|❤Miia × Striken❤|miiastriken-2.gif?a52147f7
|teamsize|p1|6
|player|p2|DesconocidoTTT|7
|teamsize|p2|6
|teamsize|p1|6
|teamsize|p2|6
|gametype|singles
|gen|7
|tier|OU
|rated
|seed|54484,59100,35899,20777
|rule|Cláusula-Mod de Dormir: solo puedes dormir a uno de tus oponentes a la vez.
|rule|Cláusula de Especie: Hasta un Pokémon de cada especie
|rule|Cláusula de Golpe Fulminante: los movimientos fulminantes (OHKO) estan prohibidos
|rule|Cláusula de Veleta: la habilidad Veleta está prohibida
|rule|Cláusula de Movimientos Evasivos: los movimientos de Evasión están prohibidos.
|rule|Cláusula de Batallas Eternas: forzar batallas eternas está prohibido
|clearpoke
|poke|p1|Salamence, F|item
|poke|p1|Heatran, F|item
|poke|p1|Ferrothorn, M|item
|poke|p1|Clefable, F|item
|poke|p1|Landorus-Therian, M|item
|poke|p1|Tapu Koko|item
|poke|p2|Alomomola, F|item
|poke|p2|Muk-Alola, F|item
|poke|p2|Zapdos|item
|poke|p2|Chansey, F|item
|poke|p2|Zygarde|item
|poke|p2|Buzzwole|item
|teampreview|undefined
|choice|*team 321456|*
|c|☆DesconocidoTTT|Hola, soy un desconocido
|c|☆❤Miia × Striken❤|hola copper
|c|☆DesconocidoTTT|mucha suerte  rival
|choice|*|*team 423156
|choice|team 3, 2, 1, 4, 5, 6|team 4, 2, 3, 1, 5, 6
|
|start
|switch|p1a: Ferrothorn|Ferrothorn, M|352\/352
|switch|p2a: Chansey|Chansey, F|702\/702
|turn|1
|choice|*move 1|*
|c|☆DesconocidoTTT|Copper?
|c|☆❤Miia × Striken❤|Copper05
|c|☆DesconocidoTTT|eso es Cobre05
|c|☆DesconocidoTTT|yo no soy cobre
|c|☆❤Miia × Striken❤|kk
|c|☆DesconocidoTTT|soy un desconocido
|choice|*|*switch 3
|choice|move stealthrock|switch 3
|
|switch|p2a: Zapdos|Zapdos|383\/383
|-ability|p2a: Zapdos|Pressure
|move|p1a: Ferrothorn|Stealth Rock|p2a: Zapdos
|-sidestart|p2: DesconocidoTTT|move: Stealth Rock
|
|upkeep
|turn|2
|choice|*move 2|*
|choice|*|*move 4
|choice|move leechseed|move defog
|
|move|p2a: Zapdos|Defog|p1a: Ferrothorn
|-unboost|p1a: Ferrothorn|evasion|1
|-sideend|p2: DesconocidoTTT|Stealth Rock|[from] move: Defog|[of] p2a: Zapdos
|move|p1a: Ferrothorn|Leech Seed|p2a: Zapdos
|-start|p2a: Zapdos|move: Leech Seed
|
|-damage|p2a: Zapdos|336\/383|[from] Leech Seed|[of] p1a: Ferrothorn
|upkeep
|turn|3
|choice|*move 4|*
|choice|*switch 2|*
|choice|*|*move 1
|choice|switch 2|move discharge
|
|switch|p1a: Heatran|Heatran, F|324\/324
|move|p2a: Zapdos|Discharge|p1a: Heatran
|-damage|p1a: Heatran|212\/324
|
|-heal|p1a: Heatran|232\/324|[from] item: Leftovers
|-heal|p2a: Zapdos|359\/383|[from] item: Leftovers
|-damage|p2a: Zapdos|312\/383|[from] Leech Seed|[of] p1a: Heatran
|-heal|p1a: Heatran|279\/324|[silent]
|upkeep
|turn|4
|choice|*|*switch 5
|choice|*move 1|*
|choice|move magmastorm|switch 5
|
|switch|p2a: Zygarde|Zygarde|358\/358
|-ability|p2a: Zygarde|Aura Break
|move|p1a: Heatran|Magma Storm|p2a: Zygarde
|-resisted|p2a: Zygarde
|-damage|p2a: Zygarde|265\/358
|-activate|p2a: Zygarde|move: Magma Storm|[of] p1a: Heatran
|
|-heal|p1a: Heatran|299\/324|[from] item: Leftovers
|-damage|p2a: Zygarde|221\/358|[from] move: Magma Storm|[partiallytrapped]
|upkeep
|turn|5
|choice|*switch 4|*
|choice|*|*move 1
|choice|switch 4|move dragondance
|
|switch|p1a: Clefable|Clefable, F|394\/394
|move|p2a: Zygarde|Dragon Dance|p2a: Zygarde
|-boost|p2a: Zygarde|atk|1
|-boost|p2a: Zygarde|spe|1
|
|upkeep
|turn|6
|choice|*move 3|*
|choice|*|*switch 2
|choice|move cosmicpower|switch 2
|
|switch|p2a: Muk|Muk-Alola, F|413\/413
|move|p1a: Clefable|Cosmic Power|p1a: Clefable
|-boost|p1a: Clefable|def|1
|-boost|p1a: Clefable|spd|1
|
|upkeep
|turn|7
|choice|*move 3|*
|c|☆DesconocidoTTT|vaya
|choice|*switch 5|*
|choice|*|*move 3
|choice|switch 5|move poisonjab
|
|switch|p1a: Landorus|Landorus-Therian, M|319\/319
|-ability|p1a: Landorus|Intimidate|boost
|-unboost|p2a: Muk|atk|1
|move|p2a: Muk|Poison Jab|p1a: Landorus
|-resisted|p1a: Landorus
|-damage|p1a: Landorus|273\/319
|
|upkeep
|turn|8
|choice|*|*switch 6
|choice|*move 4|*
|choice|move uturn|switch 6
|
|switch|p2a: Buzzwole|Buzzwole|418\/418
|move|p1a: Landorus|U-turn|p2a: Buzzwole
|-resisted|p2a: Buzzwole
|-damage|p2a: Buzzwole|392\/418
|-damage|p1a: Landorus|220\/319|[from] item: Rocky Helmet|[of] p2a: Buzzwole
|choice|*switch 6|*
|choice|switch 6|
|
|switch|p1a: Tapu Koko|Tapu Koko|281\/281|[from]move: U-turn
|-fieldstart|move: Electric Terrain|[from] ability: Electric Surge|[of] p1a: Tapu Koko
|
|upkeep
|turn|9
|choice|*move 1|*
|choice|*|*switch 3
|choice|move thunderbolt|switch 3
|
|switch|p2a: Chansey|Chansey, F|702\/702
|move|p1a: Tapu Koko|Thunderbolt|p2a: Chansey
|-damage|p2a: Chansey|548\/702
|
|upkeep
|turn|10
|choice|*|*move 3
|choice|*move 2|*
|choice|move uturn|move stealthrock
|
|move|p1a: Tapu Koko|U-turn|p2a: Chansey
|-damage|p2a: Chansey|480\/702
|choice|*switch 2|*
|choice|switch 2|
|
|switch|p1a: Ferrothorn|Ferrothorn, M|352\/352|[from]move: U-turn
|move|p2a: Chansey|Stealth Rock|p1a: Ferrothorn
|-sidestart|p1: ❤Miia × Striken❤|move: Stealth Rock
|
|upkeep
|turn|11
|choice|*move 1|*
|choice|*|*switch 5
|choice|move stealthrock|switch 5
|
|switch|p2a: Zapdos|Zapdos|312\/383
|-ability|p2a: Zapdos|Pressure
|move|p1a: Ferrothorn|Stealth Rock|p2a: Zapdos
|-sidestart|p2: DesconocidoTTT|move: Stealth Rock
|
|-heal|p2a: Zapdos|335\/383|[from] item: Leftovers
|upkeep
|turn|12
|choice|*move 2|*
|choice|*|*move 1
|choice|move leechseed|move discharge
|
|move|p2a: Zapdos|Discharge|p1a: Ferrothorn
|-resisted|p1a: Ferrothorn
|-damage|p1a: Ferrothorn|310\/352
|move|p1a: Ferrothorn|Leech Seed|p2a: Zapdos
|-start|p2a: Zapdos|move: Leech Seed
|
|-heal|p2a: Zapdos|358\/383|[from] item: Leftovers
|-heal|p1a: Ferrothorn|332\/352|[from] item: Leftovers
|-damage|p2a: Zapdos|311\/383|[from] Leech Seed|[of] p1a: Ferrothorn
|-heal|p1a: Ferrothorn|352\/352|[silent]
|-fieldend|move: Electric Terrain
|upkeep
|turn|13
|choice|*switch 5|*
|choice|*|*move 4
|choice|switch 5|move defog
|
|switch|p1a: Clefable|Clefable, F|394\/394
|move|p2a: Zapdos|Defog|p1a: Clefable
|-unboost|p1a: Clefable|evasion|1
|-sideend|p1: ❤Miia × Striken❤|Stealth Rock|[from] move: Defog|[of] p1a: Clefable
|-sideend|p2: DesconocidoTTT|Stealth Rock|[from] move: Defog|[of] p2a: Zapdos
|
|-heal|p2a: Zapdos|334\/383|[from] item: Leftovers
|-damage|p2a: Zapdos|287\/383|[from] Leech Seed|[of] p1a: Clefable
|upkeep
|turn|14
|choice|*|*switch 6
|choice|*switch 3|*
|choice|switch 3|switch 6
|
|switch|p2a: Muk|Muk-Alola, F|413\/413
|switch|p1a: Salamence|Salamence, F|331\/331
|
|upkeep
|turn|15
|choice|*move 1|*
|choice|*|*switch 4
|choice|move dragondance|switch 4
|
|switch|p2a: Alomomola|Alomomola, F|481\/481
|move|p1a: Salamence|Dragon Dance|p1a: Salamence
|-boost|p1a: Salamence|atk|1
|-boost|p1a: Salamence|spe|1
|
|upkeep
|turn|16
|choice|*move 1|*
|choice|*|*move 4
|choice|move dragondance|move scald
|
|move|p1a: Salamence|Dragon Dance|p1a: Salamence
|-boost|p1a: Salamence|atk|1
|-boost|p1a: Salamence|spe|1
|move|p2a: Alomomola|Scald|p1a: Salamence
|-resisted|p1a: Salamence
|-damage|p1a: Salamence|305\/331
|
|upkeep
|turn|17
|choice|*move 2 zmove|*
|choice|*|*move 4
|choice|move fly zmove|move scald
|
|-zpower|p1a: Salamence
|move|p1a: Salamence|Supersonic Skystrike|p2a: Alomomola|[zeffect]
|-damage|p2a: Alomomola|0 fnt
|faint|p2a: Alomomola
|-ability|p1a: Salamence|Moxie|boost
|-boost|p1a: Salamence|atk|1
|
|upkeep
|c|☆DesconocidoTTT|mmm
|c|☆DesconocidoTTT|mmmmmmmmmmmmmmmmmmmmmmmmmmmmmmmmmmmm
|c|☆DesconocidoTTT|gg
|-message|DesconocidoTTT se rindió.
|
|win|❤Miia × Striken❤
❤︎Miia × Striken❤︎ ha ganado 8 PokeDolares.
|raw|Puntaje de ❤Miia × Striken❤: 1273 &rarr; <strong>1282<\/strong><br \/>(+9 por ganar)
|raw|Puntaje de DesconocidoTTT: 1000 &rarr; <strong>1000<\/strong><br \/>(+0 por perder)
</script>
</div>
<div class="battle-log battle-log-inline"><div class="inner"><div class="battle-options"></div><div class="inner"><div class=""><small>Format:</small> <br><strong>OU</strong></div><div class="rated"><strong>Rated battle</strong></div><div class=""><small><em>Cláusula-Mod de Dormir:</em> solo puedes dormir a uno de tus oponentes a la vez.</small></div><div class=""><small><em>Cláusula de Especie:</em> Hasta un Pokémon de cada especie</small></div><div class=""><small><em>Cláusula de Golpe Fulminante:</em> los movimientos fulminantes (OHKO) estan prohibidos</small></div><div class=""><small><em>Cláusula de Veleta:</em> la habilidad Veleta está prohibida</small></div><div class=""><small><em>Cláusula de Movimientos Evasivos:</em> los movimientos de Evasión están prohibidos.</small></div><div class=""><small><em>Cláusula de Batallas Eternas:</em> forzar batallas eternas está prohibido</small></div><div class="chat battle-history"><strong>❤Miia × Striken❤'s team:</strong> <em style="color:#445566;display:block;">Salamence / Heatran / Ferrothorn / Clefable / Landorus-Therian / Tapu Koko</em></div><div class="chat battle-history"><strong>DesconocidoTTT's team:</strong> <em style="color:#445566;display:block;">Alomomola / Muk-Alola / Zapdos / Chansey / Zygarde / Buzzwole</em></div><div class="chat chatmessage-desconocidottt"><strong style="color:hsl(89,45%,34%)"><small>☆</small><span class="username" data-name="DesconocidoTTT">DesconocidoTTT</span>:</strong> <em>Hola, soy un desconocido</em></div><div class="chat chatmessage-miiastriken"><strong style="color:hsl(166,81%,35.037864793390845%)"><small>☆</small><span class="username" data-name="❤Miia × Striken❤">❤Miia × Striken❤</span>:</strong> <em>hola copper</em></div><div class="chat chatmessage-desconocidottt"><strong style="color:hsl(89,45%,34%)"><small>☆</small><span class="username" data-name="DesconocidoTTT">DesconocidoTTT</span>:</strong> <em>mucha suerte  rival</em></div><div class="spacer battle-history"><br></div><div class="battle-history">Battle started between ❤Miia × Striken❤ and DesconocidoTTT!<br></div><div class="spacer battle-history"><br></div><div class="battle-history">Go! <strong>Ferrothorn</strong>!<br></div><div class="spacer battle-history"><br></div><div class="battle-history">DesconocidoTTT sent out <strong>Chansey</strong>!<br></div><div class="spacer battle-history"><br></div><h2 class="battle-history">Turn 1</h2><div class="chat chatmessage-desconocidottt"><strong style="color:hsl(89,45%,34%)"><small>☆</small><span class="username" data-name="DesconocidoTTT">DesconocidoTTT</span>:</strong> <em>Copper?</em></div><div class="chat chatmessage-miiastriken"><strong style="color:hsl(166,81%,35.037864793390845%)"><small>☆</small><span class="username" data-name="❤Miia × Striken❤">❤Miia × Striken❤</span>:</strong> <em>Copper05</em></div><div class="chat chatmessage-desconocidottt"><strong style="color:hsl(89,45%,34%)"><small>☆</small><span class="username" data-name="DesconocidoTTT">DesconocidoTTT</span>:</strong> <em>eso es Cobre05</em></div><div class="chat chatmessage-desconocidottt"><strong style="color:hsl(89,45%,34%)"><small>☆</small><span class="username" data-name="DesconocidoTTT">DesconocidoTTT</span>:</strong> <em>yo no soy cobre</em></div><div class="chat chatmessage-miiastriken"><strong style="color:hsl(166,81%,35.037864793390845%)"><small>☆</small><span class="username" data-name="❤Miia × Striken❤">❤Miia × Striken❤</span>:</strong> <em>kk</em></div><div class="chat chatmessage-desconocidottt"><strong style="color:hsl(89,45%,34%)"><small>☆</small><span class="username" data-name="DesconocidoTTT">DesconocidoTTT</span>:</strong> <em>soy un desconocido</em></div><div class="spacer battle-history"><br></div><div class="battle-history">DesconocidoTTT withdrew Chansey!<br></div><div class="battle-history">DesconocidoTTT sent out <strong>Zapdos</strong>!<br></div><div class="battle-history"><small>[The opposing Zapdos's Pressure]</small><br><small>The opposing Zapdos is exerting its pressure!</small><br></div><div class="spacer battle-history"><br></div><div class="battle-history">Ferrothorn used <strong>Stealth Rock</strong>!<br></div><div class="battle-history"><small>Pointed stones float in the air around the opposing team!</small><br></div><div class="spacer battle-history"><br></div><h2 class="battle-history">Turn 2</h2><div class="spacer battle-history"><br></div><div class="battle-history">The opposing Zapdos used <strong>Defog</strong>!<br></div><div class="battle-history"><small>Ferrothorn's evasiveness fell!</small><br></div><div class="battle-history"><small>The pointed stones disappeared from around the opposing team!</small><br></div><div class="spacer battle-history"><br></div><div class="battle-history">Ferrothorn used <strong>Leech Seed</strong>!<br></div><div class="battle-history"><small>The opposing Zapdos was seeded!</small><br></div><div class="spacer battle-history"><br></div><div class="battle-history"><small>The opposing Zapdos's health is sapped by Leech Seed!</small><br></div><div class="spacer battle-history"><br></div><h2 class="battle-history">Turn 3</h2><div class="spacer battle-history"><br></div><div class="battle-history">Ferrothorn, come back!<br></div><div class="battle-history">Go! <strong>Heatran</strong>!<br></div><div class="spacer battle-history"><br></div><div class="battle-history">The opposing Zapdos used <strong>Discharge</strong>!<br></div><div class="battle-history"><small>(Heatran lost <abbr title="−112/324">34.6%</abbr> of its health!)</small><br></div><div class="spacer battle-history"><br></div><div class="battle-history"><small>Heatran restored a little HP using its Leftovers!</small><br></div><div class="battle-history"><small>The opposing Zapdos restored a little HP using its Leftovers!</small><br></div><div class="battle-history"><small>The opposing Zapdos's health is sapped by Leech Seed!</small><br></div><div class="spacer battle-history"><br></div><h2 class="battle-history">Turn 4</h2><div class="spacer battle-history"><br></div><div class="battle-history">DesconocidoTTT withdrew Zapdos!<br></div><div class="battle-history">DesconocidoTTT sent out <strong>Zygarde</strong>!<br></div><div class="battle-history"><small>[The opposing Zygarde's Aura Break]</small><br><small>The opposing Zygarde reversed all other Pokémon's auras!</small><br></div><div class="spacer battle-history"><br></div><div class="battle-history">Heatran used <strong>Magma Storm</strong>!<br></div><div class="battle-history"><small>It's not very effective...</small><br></div><div class="battle-history"><small>(The opposing Zygarde lost <abbr title="−93/358">26.0%</abbr> of its health!)</small><br></div><div class="battle-history"><small>The opposing Zygarde became trapped by swirling magma!</small><br></div><div class="spacer battle-history"><br></div><div class="battle-history"><small>Heatran restored a little HP using its Leftovers!</small><br></div><div class="battle-history"><small>The opposing Zygarde is hurt by Magma Storm!</small><br></div><div class="spacer battle-history"><br></div><h2 class="battle-history">Turn 5</h2><div class="spacer battle-history"><br></div><div class="battle-history">Heatran, come back!<br></div><div class="battle-history">Go! <strong>Clefable</strong>!<br></div><div class="spacer battle-history"><br></div><div class="battle-history">The opposing Zygarde used <strong>Dragon Dance</strong>!<br></div><div class="battle-history"><small>The opposing Zygarde's Attack rose!</small><br></div><div class="battle-history"><small>The opposing Zygarde's Speed rose!</small><br></div><div class="spacer battle-history"><br></div><h2 class="battle-history">Turn 6</h2><div class="spacer battle-history"><br></div><div class="battle-history">DesconocidoTTT withdrew Zygarde!<br></div><div class="battle-history">DesconocidoTTT sent out Muk (<strong>Muk-Alola</strong>)!<br></div><div class="spacer battle-history"><br></div><div class="battle-history">Clefable used <strong>Cosmic Power</strong>!<br></div><div class="battle-history"><small>Clefable's Defense rose!</small><br></div><div class="battle-history"><small>Clefable's Special Defense rose!</small><br></div><div class="spacer battle-history"><br></div><h2 class="battle-history">Turn 7</h2><div class="chat chatmessage-desconocidottt"><strong style="color:hsl(89,45%,34%)"><small>☆</small><span class="username" data-name="DesconocidoTTT">DesconocidoTTT</span>:</strong> <em>vaya</em></div><div class="spacer battle-history"><br></div><div class="battle-history">Clefable, come back!<br></div><div class="battle-history">Go! Landorus (<strong>Landorus-Therian</strong>)!<br></div><div class="battle-history"><small>[Landorus's Intimidate]</small><br></div><div class="battle-history"><small>The opposing Muk's Attack fell!</small><br></div><div class="spacer battle-history"><br></div><div class="battle-history">The opposing Muk used <strong>Poison Jab</strong>!<br></div><div class="battle-history"><small>It's not very effective...</small><br></div><div class="battle-history"><small>(Landorus lost <abbr title="−46/319">14.4%</abbr> of its health!)</small><br></div><div class="spacer battle-history"><br></div><h2 class="battle-history">Turn 8</h2><div class="spacer battle-history"><br></div><div class="battle-history">DesconocidoTTT withdrew Muk!<br></div><div class="battle-history">DesconocidoTTT sent out <strong>Buzzwole</strong>!<br></div><div class="spacer battle-history"><br></div><div class="battle-history">Landorus used <strong>U-turn</strong>!<br></div><div class="battle-history"><small>It's not very effective...</small><br></div><div class="battle-history"><small>(The opposing Buzzwole lost <abbr title="−26/418">6.2%</abbr> of its health!)</small><br></div><div class="battle-history"><small>Landorus was hurt by the Rocky Helmet!</small><br></div><div class="spacer battle-history"><br></div><div class="battle-history">Landorus went back to ❤Miia × Striken❤!<br></div><div class="battle-history">Go! <strong>Tapu Koko</strong>!<br></div><div class="battle-history"><small>[Tapu Koko's Electric Surge]</small><br><small>An electric current runs across the battlefield!</small><br></div><div class="spacer battle-history"><br></div><h2 class="battle-history">Turn 9</h2><div class="spacer battle-history"><br></div><div class="battle-history">DesconocidoTTT withdrew Buzzwole!<br></div><div class="battle-history">DesconocidoTTT sent out <strong>Chansey</strong>!<br></div><div class="spacer battle-history"><br></div><div class="battle-history">Tapu Koko used <strong>Thunderbolt</strong>!<br></div><div class="battle-history"><small>(The opposing Chansey lost <abbr title="−154/702">21.9%</abbr> of its health!)</small><br></div><div class="spacer battle-history"><br></div><h2 class="battle-history">Turn 10</h2><div class="spacer battle-history"><br></div><div class="battle-history">Tapu Koko used <strong>U-turn</strong>!<br></div><div class="battle-history"><small>(The opposing Chansey lost <abbr title="−68/702">9.7%</abbr> of its health!)</small><br></div><div class="spacer battle-history"><br></div><div class="battle-history">Tapu Koko went back to ❤Miia × Striken❤!<br></div><div class="battle-history">Go! <strong>Ferrothorn</strong>!<br></div><div class="spacer battle-history"><br></div><div class="battle-history">The opposing Chansey used <strong>Stealth Rock</strong>!<br></div><div class="battle-history"><small>Pointed stones float in the air around your team!</small><br></div><div class="spacer battle-history"><br></div><h2 class="battle-history">Turn 11</h2><div class="spacer battle-history"><br></div><div class="battle-history">DesconocidoTTT withdrew Chansey!<br></div><div class="battle-history">DesconocidoTTT sent out <strong>Zapdos</strong>!<br></div><div class="battle-history"><small>[The opposing Zapdos's Pressure]</small><br><small>The opposing Zapdos is exerting its pressure!</small><br></div><div class="spacer battle-history"><br></div><div class="battle-history">Ferrothorn used <strong>Stealth Rock</strong>!<br></div><div class="battle-history"><small>Pointed stones float in the air around the opposing team!</small><br></div><div class="spacer battle-history"><br></div><div class="battle-history"><small>The opposing Zapdos restored a little HP using its Leftovers!</small><br></div><div class="spacer battle-history"><br></div><h2 class="battle-history">Turn 12</h2><div class="spacer battle-history"><br></div><div class="battle-history">The opposing Zapdos used <strong>Discharge</strong>!<br></div><div class="battle-history"><small>It's not very effective...</small><br></div><div class="battle-history"><small>(Ferrothorn lost <abbr title="−42/352">11.9%</abbr> of its health!)</small><br></div><div class="spacer battle-history"><br></div><div class="battle-history">Ferrothorn used <strong>Leech Seed</strong>!<br></div><div class="battle-history"><small>The opposing Zapdos was seeded!</small><br></div><div class="spacer battle-history"><br></div><div class="battle-history"><small>The opposing Zapdos restored a little HP using its Leftovers!</small><br></div><div class="battle-history"><small>Ferrothorn restored a little HP using its Leftovers!</small><br></div><div class="battle-history"><small>The opposing Zapdos's health is sapped by Leech Seed!</small><br></div><div class="battle-history"><small>The electricity disappeared from the battlefield.</small><br></div><div class="spacer battle-history"><br></div><h2 class="battle-history">Turn 13</h2><div class="spacer battle-history"><br></div><div class="battle-history">Ferrothorn, come back!<br></div><div class="battle-history">Go! <strong>Clefable</strong>!<br></div><div class="spacer battle-history"><br></div><div class="battle-history">The opposing Zapdos used <strong>Defog</strong>!<br></div><div class="battle-history"><small>Clefable's evasiveness fell!</small><br></div><div class="battle-history"><small>The pointed stones disappeared from around your team!</small><br></div><div class="battle-history"><small>The pointed stones disappeared from around the opposing team!</small><br></div><div class="spacer battle-history"><br></div><div class="battle-history"><small>The opposing Zapdos restored a little HP using its Leftovers!</small><br></div><div class="battle-history"><small>The opposing Zapdos's health is sapped by Leech Seed!</small><br></div><div class="spacer battle-history"><br></div><h2 class="battle-history">Turn 14</h2><div class="spacer battle-history"><br></div><div class="battle-history">DesconocidoTTT withdrew Zapdos!<br></div><div class="battle-history">DesconocidoTTT sent out Muk (<strong>Muk-Alola</strong>)!<br></div><div class="spacer battle-history"><br></div><div class="battle-history">Clefable, come back!<br></div><div class="battle-history">Go! <strong>Salamence</strong>!<br></div><div class="spacer battle-history"><br></div><h2 class="battle-history">Turn 15</h2><div class="spacer battle-history"><br></div><div class="battle-history">DesconocidoTTT withdrew Muk!<br></div><div class="battle-history">DesconocidoTTT sent out <strong>Alomomola</strong>!<br></div><div class="spacer battle-history"><br></div><div class="battle-history">Salamence used <strong>Dragon Dance</strong>!<br></div><div class="battle-history"><small>Salamence's Attack rose!</small><br></div><div class="battle-history"><small>Salamence's Speed rose!</small><br></div><div class="spacer battle-history"><br></div><h2 class="battle-history">Turn 16</h2><div class="spacer battle-history"><br></div><div class="battle-history">Salamence used <strong>Dragon Dance</strong>!<br></div><div class="battle-history"><small>Salamence's Attack rose!</small><br></div><div class="battle-history"><small>Salamence's Speed rose!</small><br></div><div class="spacer battle-history"><br></div><div class="battle-history">The opposing Alomomola used <strong>Scald</strong>!<br></div><div class="battle-history"><small>It's not very effective...</small><br></div><div class="battle-history"><small>(Salamence lost <abbr title="−26/331">7.9%</abbr> of its health!)</small><br></div><div class="spacer battle-history"><br></div><h2 class="battle-history">Turn 17</h2><div class="spacer battle-history"><br></div><div class="battle-history"><small>Salamence surrounded itself with its Z-Power!</small><br></div><div class="spacer battle-history"><br></div><div class="battle-history">Salamence used <strong>Supersonic Skystrike</strong>!<br></div><div class="battle-history"><small>(The opposing Alomomola lost <abbr title="−481/481">100%</abbr> of its health!)</small><br></div><div class="spacer battle-history"><br></div><div class="battle-history">The opposing Alomomola fainted!<br></div><div class="battle-history"><small>[Salamence's Moxie]</small><br></div><div class="battle-history"><small>Salamence's Attack rose!</small><br></div><div class="chat chatmessage-desconocidottt"><strong style="color:hsl(89,45%,34%)"><small>☆</small><span class="username" data-name="DesconocidoTTT">DesconocidoTTT</span>:</strong> <em>mmm</em></div><div class="chat chatmessage-desconocidottt"><strong style="color:hsl(89,45%,34%)"><small>☆</small><span class="username" data-name="DesconocidoTTT">DesconocidoTTT</span>:</strong> <em>mmmmmmmmmmmmmmmmmmmmmmmmmmmmmmmmmmmm</em></div><div class="chat chatmessage-desconocidottt"><strong style="color:hsl(89,45%,34%)"><small>☆</small><span class="username" data-name="DesconocidoTTT">DesconocidoTTT</span>:</strong> <em>gg</em></div><div class="spacer battle-history"><br></div><div class="battle-history"><small>DesconocidoTTT se rindió.</small><br></div><div class="spacer battle-history"><br></div><div class="battle-history"><strong>❤Miia × Striken❤</strong> won the battle!<br></div><div class="chat">❤︎Miia × Striken❤︎ ha ganado 8 PokeDolares.</div><div class="chat">Puntaje de ❤Miia × Striken❤: 1273 → <strong>1282</strong><br>(+9 por ganar)</div><div class="chat">Puntaje de DesconocidoTTT: 1000 → <strong>1000</strong><br>(+0 por perder)</div></div><div class="inner-preempt"></div></div></div>
</div>
<script>
let daily = Math.floor(Date.now()/1000/60/60/24);document.write('<script src="https://play.pokemonshowdown.com/js/replay-embed.js?version'+daily+'"></'+'script>');
</script>
