<!DOCTYPE html>
<meta charset="utf-8" />
<!-- version 1 -->
<title>OU replay: Seiko leich vs. Jaydenproxdxd</title>
<style>
html,body {font-family:Verdana, sans-serif;font-size:10pt;margin:0;padding:0;}body{padding:12px 0;} .battle-log {font-family:Verdana, sans-serif;font-size:10pt;} .battle-log-inline {border:1px solid #AAAAAA;background:#EEF2F5;color:black;max-width:640px;margin:0 auto 80px;padding-bottom:5px;} .battle-log .inner {padding:4px 8px 0px 8px;} .battle-log .inner-preempt {padding:0 8px 4px 8px;} .battle-log .inner-after {margin-top:0.5em;} .battle-log h2 {margin:0.5em -8px;padding:4px 8px;border:1px solid #AAAAAA;background:#E0E7EA;border-left:0;border-right:0;font-family:Verdana, sans-serif;font-size:13pt;} .battle-log .chat {vertical-align:middle;padding:3px 0 3px 0;font-size:8pt;} .battle-log .chat strong {color:#40576A;} .battle-log .chat em {padding:1px 4px 1px 3px;color:#000000;font-style:normal;} .chat.mine {background:rgba(0,0,0,0.05);margin-left:-8px;margin-right:-8px;padding-left:8px;padding-right:8px;} .spoiler {color:#BBBBBB;background:#BBBBBB;padding:0px 3px;} .spoiler:hover, .spoiler:active, .spoiler-shown {color:#000000;background:#E2E2E2;padding:0px 3px;} .spoiler a {color:#BBBBBB;} .spoiler:hover a, .spoiler:active a, .spoiler-shown a {color:#2288CC;} .chat code, .chat .spoiler:hover code, .chat .spoiler:active code, .chat .spoiler-shown code {border:1px solid #C0C0C0;background:#EEEEEE;color:black;padding:0 2px;} .chat .spoiler code {border:1px solid #CCCCCC;background:#CCCCCC;color:#CCCCCC;} .battle-log .rated {padding:3px 4px;} .battle-log .rated strong {color:white;background:#89A;padding:1px 4px;border-radius:4px;} .spacer {margin-top:0.5em;} .message-announce {background:#6688AA;color:white;padding:1px 4px 2px;} .message-announce a, .broadcast-green a, .broadcast-blue a, .broadcast-red a {color:#DDEEFF;} .broadcast-green {background-color:#559955;color:white;padding:2px 4px;} .broadcast-blue {background-color:#6688AA;color:white;padding:2px 4px;} .infobox {border:1px solid #6688AA;padding:2px 4px;} .infobox-limited {max-height:200px;overflow:auto;overflow-x:hidden;} .broadcast-red {background-color:#AA5544;color:white;padding:2px 4px;} .message-learn-canlearn {font-weight:bold;color:#228822;text-decoration:underline;} .message-learn-cannotlearn {font-weight:bold;color:#CC2222;text-decoration:underline;} .message-effect-weak {font-weight:bold;color:#CC2222;} .message-effect-resist {font-weight:bold;color:#6688AA;} .message-effect-immune {font-weight:bold;color:#666666;} .message-learn-list {margin-top:0;margin-bottom:0;} .message-throttle-notice, .message-error {color:#992222;} .message-overflow, .chat small.message-overflow {font-size:0pt;} .message-overflow::before {font-size:9pt;content:'...';} .subtle {color:#3A4A66;}
</style>
<div class="wrapper replay-wrapper" style="max-width:1180px;margin:0 auto">
<input type="hidden" name="replayid" value="destiny-ou-551443" />
<div class="battle"></div><div class="battle-log"></div><div class="replay-controls"></div><div class="replay-controls-2"></div>
<h1 style="font-weight:normal;text-align:center"><strong>OU</strong><br /><a href="http://pokemonshowdown.com/users/seikoleich" class="subtle" target="_blank">Seiko leich</a> vs. <a href="http://pokemonshowdown.com/users/jaydenproxdxd" class="subtle" target="_blank">Jaydenproxdxd</a></h1>
<script type="text/plain" class="battle-log-data">|unlink|||tour
|player|p1|Seiko leich|169
|teamsize|p1|6
|player|p2|Jaydenproxdxd|290
|teamsize|p2|6
|teamsize|p1|6
|teamsize|p2|6
|gametype|singles
|gen|7
|tier|OU
|seed|42240,55101,21482,52452
|rule|Cláusula-Mod de Dormir: solo puedes dormir a uno de tus oponentes a la vez.
|rule|Cláusula de Especie: Hasta un Pokémon de cada especie
|rule|Cláusula de Golpe Fulminante: los movimientos fulminantes (OHKO) estan prohibidos
|rule|Cláusula de Veleta: la habilidad Veleta está prohibida
|rule|Cláusula de Movimientos Evasivos: los movimientos de Evasión están prohibidos.
|rule|Cláusula de Batallas Eternas: forzar batallas eternas está prohibido
|clearpoke
|poke|p1|Tyranitar, M|item
|poke|p1|Excadrill, M|item
|poke|p1|Skarmory, F|item
|poke|p1|Greninja, M|item
|poke|p1|Infernape, M|item
|poke|p1|Mimikyu, M, shiny|item
|poke|p2|Metagross|item
|poke|p2|Chandelure, F|item
|poke|p2|Alakazam, F|item
|poke|p2|Volcarona, F|item
|poke|p2|Tyranitar, F|item
|poke|p2|Garchomp, F|item
|teampreview|undefined
|choice|*|*team 623451
|choice|*team 523416|*
|choice|team 5, 2, 3, 4, 1, 6|team 6, 2, 3, 4, 5, 1
|
|start
|switch|p1a: Infernape|Infernape, M|294\/294
|switch|p2a: Garchomp|Garchomp, F|357\/357
|turn|1
|choice|*|*move 3
|choice|*switch 3|*
|choice|switch 3|move earthquake
|
|switch|p1a: Skarmory|Skarmory, F|334\/334
|move|p2a: Garchomp|Earthquake|p1a: Skarmory
|-immune|p1a: Skarmory|[msg]
|
|upkeep
|turn|2
|choice|*|*switch 2
|choice|*move 3|*
|choice|move stealthrock|switch 2
|
|switch|p2a: Chandelure|Chandelure, F|324\/324
|move|p1a: Skarmory|Stealth Rock|p2a: Chandelure
|-sidestart|p2: Jaydenproxdxd|move: Stealth Rock
|
|upkeep
|turn|3
|choice|*|*move 3
|choice|*switch 5|*
|choice|switch 5|move flamethrower
|
|switch|p1a: Tyranitar|Tyranitar, M|341\/341
|-weather|Sandstorm|[from] ability: Sand Stream|[of] p1a: Tyranitar
|move|p2a: Chandelure|Flamethrower|p1a: Tyranitar
|-resisted|p1a: Tyranitar
|-damage|p1a: Tyranitar|315\/341
|
|-weather|Sandstorm|[upkeep]
|-damage|p2a: Chandelure|304\/324|[from] sandstorm
|-heal|p2a: Chandelure|324\/324|[from] item: Leftovers
|upkeep
|turn|4
|choice|*|*switch 2
|choice|*move 3|*
|choice|move darkpulse|switch 2
|
|switch|p2a: Garchomp|Garchomp, F|357\/357
|-damage|p2a: Garchomp|335\/357|[from] Stealth Rock
|move|p1a: Tyranitar|Dark Pulse|p2a: Garchomp
|-damage|p2a: Garchomp|197\/357
|
|-weather|Sandstorm|[upkeep]
|-heal|p2a: Garchomp|219\/357|[from] item: Leftovers
|upkeep
|turn|5
|choice|*|*move 3
|choice|*switch 5|*
|choice|switch 5|move earthquake
|
|switch|p1a: Skarmory|Skarmory, F|334\/334
|move|p2a: Garchomp|Earthquake|p1a: Skarmory
|-immune|p1a: Skarmory|[msg]
|
|-weather|Sandstorm|[upkeep]
|-heal|p2a: Garchomp|241\/357|[from] item: Leftovers
|upkeep
|turn|6
|choice|*|*move 1
|choice|*move 2|*
|choice|move roar|move dragonclaw
|
|move|p2a: Garchomp|Dragon Claw|p1a: Skarmory
|-resisted|p1a: Skarmory
|-damage|p1a: Skarmory|290\/334
|-damage|p2a: Garchomp|182\/357|[from] item: Rocky Helmet|[of] p1a: Skarmory
|move|p1a: Skarmory|Roar|p2a: Garchomp
|drag|p2a: Alakazam|Alakazam, F|251\/251
|-damage|p2a: Alakazam|220\/251|[from] Stealth Rock
|
|-weather|Sandstorm|[upkeep]
|-damage|p2a: Alakazam|205\/251|[from] sandstorm
|upkeep
|turn|7
|choice|*|*move 2 mega
|choice|*move 2|*
|choice|*|*move 2
|choice|move roar|move psyshock
|
|move|p2a: Alakazam|Psyshock|p1a: Skarmory
|-resisted|p1a: Skarmory
|-damage|p1a: Skarmory|258\/334
|move|p1a: Skarmory|Roar|p2a: Alakazam
|drag|p2a: Chandelure|Chandelure, F|324\/324
|-damage|p2a: Chandelure|243\/324|[from] Stealth Rock
|
|-weather|none
|-heal|p2a: Chandelure|263\/324|[from] item: Leftovers
|upkeep
|turn|8
|choice|*|*move 3
|choice|*switch 5|*
|choice|switch 5|move flamethrower
|
|switch|p1a: Tyranitar|Tyranitar, M|315\/341
|-weather|Sandstorm|[from] ability: Sand Stream|[of] p1a: Tyranitar
|move|p2a: Chandelure|Flamethrower|p1a: Tyranitar
|-resisted|p1a: Tyranitar
|-damage|p1a: Tyranitar|289\/341
|
|-weather|Sandstorm|[upkeep]
|-damage|p2a: Chandelure|243\/324|[from] sandstorm
|-heal|p2a: Chandelure|263\/324|[from] item: Leftovers
|upkeep
|turn|9
|choice|*|*switch 3
|choice|*move 3|*
|choice|move darkpulse|switch 3
|
|switch|p2a: Garchomp|Garchomp, F|182\/357
|-damage|p2a: Garchomp|160\/357|[from] Stealth Rock
|move|p1a: Tyranitar|Dark Pulse|p2a: Garchomp
|-damage|p2a: Garchomp|31\/357
|
|-weather|Sandstorm|[upkeep]
|-heal|p2a: Garchomp|53\/357|[from] item: Leftovers
|upkeep
|turn|10
|choice|*|*move 3
|choice|*switch 5|*
|choice|switch 5|move earthquake
|
|switch|p1a: Skarmory|Skarmory, F|258\/334
|move|p2a: Garchomp|Earthquake|p1a: Skarmory
|-immune|p1a: Skarmory|[msg]
|
|-weather|Sandstorm|[upkeep]
|-heal|p2a: Garchomp|75\/357|[from] item: Leftovers
|upkeep
|turn|11
|choice|*|*move 4
|choice|*move 2|*
|choice|move roar|move crunch
|
|move|p2a: Garchomp|Crunch|p1a: Skarmory
|-damage|p1a: Skarmory|201\/334
|-damage|p2a: Garchomp|16\/357|[from] item: Rocky Helmet|[of] p1a: Skarmory
|-unboost|p1a: Skarmory|def|1
|move|p1a: Skarmory|Roar|p2a: Garchomp
|drag|p2a: Volcarona|Volcarona, F|311\/311
|-damage|p2a: Volcarona|156\/311|[from] Stealth Rock
|
|-weather|Sandstorm|[upkeep]
|-damage|p2a: Volcarona|137\/311|[from] sandstorm
|upkeep
|turn|12
|choice|*|*move 2
|choice|*switch 3|*
|choice|switch 3|move fierydance
|
|switch|p1a: Infernape|Infernape, M|294\/294
|move|p2a: Volcarona|Fiery Dance|p1a: Infernape
|-resisted|p1a: Infernape
|-damage|p1a: Infernape|200\/294
|
|-weather|none
|upkeep
|turn|13
|choice|*|*switch 5
|choice|*move 1|*
|choice|move firepunch|switch 5
|
|switch|p2a: Tyranitar|Tyranitar, F|341\/341
|-damage|p2a: Tyranitar|299\/341|[from] Stealth Rock
|-weather|Sandstorm|[from] ability: Sand Stream|[of] p2a: Tyranitar
|move|p1a: Infernape|Fire Punch|p2a: Tyranitar
|-resisted|p2a: Tyranitar
|-damage|p2a: Tyranitar|236\/341
|
|-weather|Sandstorm|[upkeep]
|-damage|p1a: Infernape|182\/294|[from] sandstorm
|upkeep
|turn|14
|choice|*switch 3|*
|choice|*|*move 3
|choice|switch 3|move rockslide
|
|switch|p1a: Skarmory|Skarmory, F|201\/334
|move|p2a: Tyranitar|Rock Slide|p1a: Skarmory
|-damage|p1a: Skarmory|126\/334
|
|-weather|Sandstorm|[upkeep]
|upkeep
|turn|15
|choice|*|*move 1
|choice|*move 1|*
|choice|move roost|move thunderpunch
|
|move|p1a: Skarmory|Roost|p1a: Skarmory
|-heal|p1a: Skarmory|293\/334
|move|p2a: Tyranitar|Thunder Punch|p1a: Skarmory
|-damage|p1a: Skarmory|238\/334
|-damage|p2a: Tyranitar|180\/341|[from] item: Rocky Helmet|[of] p1a: Skarmory
|
|-weather|Sandstorm|[upkeep]
|upkeep
|turn|16
|choice|*|*move 1
|choice|*move 1|*
|choice|move roost|move thunderpunch
|
|move|p1a: Skarmory|Roost|p1a: Skarmory
|-heal|p1a: Skarmory|334\/334
|move|p2a: Tyranitar|Thunder Punch|p1a: Skarmory
|-damage|p1a: Skarmory|280\/334
|-damage|p2a: Tyranitar|124\/341|[from] item: Rocky Helmet|[of] p1a: Skarmory
|
|-weather|Sandstorm|[upkeep]
|upkeep
|turn|17
|choice|*move 1|*
|choice|*|*move 3
|choice|move roost|move rockslide
|
|move|p1a: Skarmory|Roost|p1a: Skarmory
|-heal|p1a: Skarmory|334\/334
|move|p2a: Tyranitar|Rock Slide|p1a: Skarmory|[miss]
|-miss|p2a: Tyranitar|p1a: Skarmory
|
|-weather|none
|upkeep
|turn|18
|choice|*|*move 3
|choice|*move 2|*
|choice|move roar|move rockslide
|
|move|p2a: Tyranitar|Rock Slide|p1a: Skarmory
|-damage|p1a: Skarmory|252\/334
|move|p1a: Skarmory|Roar|p2a: Tyranitar
|drag|p2a: Chandelure|Chandelure, F|263\/324
|-damage|p2a: Chandelure|182\/324|[from] Stealth Rock
|
|-heal|p2a: Chandelure|202\/324|[from] item: Leftovers
|upkeep
|turn|19
|choice|*switch 5|*
|choice|*|*move 3
|choice|switch 5|move flamethrower
|
|switch|p1a: Tyranitar|Tyranitar, M|289\/341
|-weather|Sandstorm|[from] ability: Sand Stream|[of] p1a: Tyranitar
|move|p2a: Chandelure|Flamethrower|p1a: Tyranitar
|-resisted|p1a: Tyranitar
|-damage|p1a: Tyranitar|265\/341
|
|-weather|Sandstorm|[upkeep]
|-damage|p2a: Chandelure|182\/324|[from] sandstorm
|-heal|p2a: Chandelure|202\/324|[from] item: Leftovers
|upkeep
|turn|20
|choice|*|*move 1
|c|☆Jaydenproxdxd|ya me aburri de cambiar de pokemon u:
|choice|*move 3|*
|choice|move darkpulse|move shadowball
|
|move|p2a: Chandelure|Shadow Ball|p1a: Tyranitar
|-resisted|p1a: Tyranitar
|-damage|p1a: Tyranitar|244\/341
|-unboost|p1a: Tyranitar|spd|1
|move|p1a: Tyranitar|Dark Pulse|p2a: Chandelure
|-supereffective|p2a: Chandelure
|-damage|p2a: Chandelure|0 fnt
|faint|p2a: Chandelure
|
|-weather|Sandstorm|[upkeep]
|upkeep
|c|☆Seiko leich|no cambies
|choice|*|*switch 5
|choice||switch 5
|
|switch|p2a: Volcarona|Volcarona, F|137\/311
|-damage|p2a: Volcarona|0 fnt|[from] Stealth Rock
|faint|p2a: Volcarona
|choice|*|*switch 4
|choice||switch 4
|
|switch|p2a: Garchomp|Garchomp, F|16\/357
|-damage|p2a: Garchomp|0 fnt|[from] Stealth Rock
|faint|p2a: Garchomp
|choice|*|*switch 2
|choice||switch 2
|
|switch|p2a: Alakazam|Alakazam, F|205\/251
|-damage|p2a: Alakazam|174\/251|[from] Stealth Rock
|turn|21
|choice|*|*move 3 mega
|choice|*move 3|*
|choice|move darkpulse|move signalbeam mega
|
|-mega|p2a: Alakazam|Alakazam|Alakazite
|detailschange|p2a: Alakazam|Alakazam-Mega, F
|-ability|p2a: Alakazam|Sand Stream|[from] ability: Trace|[of] p1a: Tyranitar
|move|p2a: Alakazam|Signal Beam|p1a: Tyranitar
|-supereffective|p1a: Tyranitar
|-damage|p1a: Tyranitar|150\/341
|move|p1a: Tyranitar|Dark Pulse|p2a: Alakazam
|-supereffective|p2a: Alakazam
|-damage|p2a: Alakazam|0 fnt
|faint|p2a: Alakazam
|
|-weather|Sandstorm|[upkeep]
|upkeep
|choice|*|*switch 3
|choice||switch 3
|
|switch|p2a: Tyranitar|Tyranitar, F|124\/341
|-damage|p2a: Tyranitar|82\/341|[from] Stealth Rock
|turn|22
|choice|*|*move 4
|choice|*switch 5|*
|choice|switch 5|move earthquake
|
|switch|p1a: Skarmory|Skarmory, F|252\/334
|move|p2a: Tyranitar|Earthquake|p1a: Skarmory
|-immune|p1a: Skarmory|[msg]
|
|-weather|Sandstorm|[upkeep]
|upkeep
|turn|23
|choice|*|*move 3
|choice|*move 2|*
|choice|move roar|move rockslide
|
|move|p2a: Tyranitar|Rock Slide|p1a: Skarmory
|-damage|p1a: Skarmory|177\/334
|move|p1a: Skarmory|Roar|p2a: Tyranitar
|drag|p2a: Metagross|Metagross|301\/301
|-damage|p2a: Metagross|283\/301|[from] Stealth Rock
|
|-weather|none
|upkeep
|turn|24
|choice|*move 1|*
|choice|*|*move 3
|choice|move roost|move icepunch
|
|move|p1a: Skarmory|Roost|p1a: Skarmory
|-heal|p1a: Skarmory|334\/334
|move|p2a: Metagross|Ice Punch|p1a: Skarmory
|-resisted|p1a: Skarmory
|-damage|p1a: Skarmory|307\/334
|-damage|p2a: Metagross|233\/301|[from] item: Rocky Helmet|[of] p1a: Skarmory
|
|upkeep
|turn|25
|choice|*|*move 3
|choice|*move 2|*
|choice|move roar|move icepunch
|
|move|p2a: Metagross|Ice Punch|p1a: Skarmory
|-damage|p1a: Skarmory|252\/334
|-damage|p2a: Metagross|183\/301|[from] item: Rocky Helmet|[of] p1a: Skarmory
|-status|p1a: Skarmory|frz
|cant|p1a: Skarmory|frz
|
|upkeep
|turn|26
|choice|*move 2|*
|choice|*|*move 2
|choice|move roar|move zenheadbutt
|
|move|p2a: Metagross|Zen Headbutt|p1a: Skarmory
|-resisted|p1a: Skarmory
|-damage|p1a: Skarmory|208\/334 frz
|-damage|p2a: Metagross|133\/301|[from] item: Rocky Helmet|[of] p1a: Skarmory
|cant|p1a: Skarmory|frz
|
|upkeep
|turn|27
|choice|*|*move 1
|choice|*move 2|*
|choice|move roar|move bulletpunch
|
|move|p2a: Metagross|Bullet Punch|p1a: Skarmory
|-resisted|p1a: Skarmory
|-damage|p1a: Skarmory|186\/334 frz
|-damage|p2a: Metagross|83\/301|[from] item: Rocky Helmet|[of] p1a: Skarmory
|-curestatus|p1a: Skarmory|frz|[msg]
|move|p1a: Skarmory|Roar|p2a: Metagross
|drag|p2a: Tyranitar|Tyranitar, F|82\/341
|-damage|p2a: Tyranitar|40\/341|[from] Stealth Rock
|-weather|Sandstorm|[from] ability: Sand Stream|[of] p2a: Tyranitar
|
|-weather|Sandstorm|[upkeep]
|upkeep
|turn|28
|choice|*|*move 3
|choice|*move 2|*
|choice|move roar|move rockslide
|
|move|p2a: Tyranitar|Rock Slide|p1a: Skarmory
|-damage|p1a: Skarmory|105\/334
|move|p1a: Skarmory|Roar|p2a: Tyranitar
|drag|p2a: Metagross|Metagross|83\/301
|-damage|p2a: Metagross|65\/301|[from] Stealth Rock
|
|-weather|Sandstorm|[upkeep]
|upkeep
|turn|29
|choice|*move 2|*
|choice|*|*move 3
|choice|move roar|move icepunch
|
|move|p2a: Metagross|Ice Punch|p1a: Skarmory
|-damage|p1a: Skarmory|55\/334
|-damage|p2a: Metagross|15\/301|[from] item: Rocky Helmet|[of] p1a: Skarmory
|move|p1a: Skarmory|Roar|p2a: Metagross
|drag|p2a: Tyranitar|Tyranitar, F|40\/341
|-damage|p2a: Tyranitar|0 fnt|[from] Stealth Rock
|faint|p2a: Tyranitar
|
|-weather|Sandstorm|[upkeep]
|upkeep
|choice|*|*switch 6
|choice||switch 6
|
|switch|p2a: Metagross|Metagross|15\/301
|-damage|p2a: Metagross|0 fnt|[from] Stealth Rock
|faint|p2a: Metagross
|
|win|Seiko leich
</script>
</div>
<div class="battle-log battle-log-inline"><div class="inner"><div class="battle-options"></div><div class="inner"><div class=""><small>Format:</small> <br><strong>OU</strong></div><div class=""><small><em>Cláusula-Mod de Dormir:</em> solo puedes dormir a uno de tus oponentes a la vez.</small></div><div class=""><small><em>Cláusula de Especie:</em> Hasta un Pokémon de cada especie</small></div><div class=""><small><em>Cláusula de Golpe Fulminante:</em> los movimientos fulminantes (OHKO) estan prohibidos</small></div><div class=""><small><em>Cláusula de Veleta:</em> la habilidad Veleta está prohibida</small></div><div class=""><small><em>Cláusula de Movimientos Evasivos:</em> los movimientos de Evasión están prohibidos.</small></div><div class=""><small><em>Cláusula de Batallas Eternas:</em> forzar batallas eternas está prohibido</small></div><div class="chat battle-history"><strong>Seiko leich's team:</strong> <em style="color:#445566;display:block;">Tyranitar / Excadrill / Skarmory / Greninja / Infernape / Mimikyu</em></div><div class="chat battle-history"><strong>Jaydenproxdxd's team:</strong> <em style="color:#445566;display:block;">Metagross / Chandelure / Alakazam / Volcarona / Tyranitar / Garchomp</em></div><div class="spacer battle-history"><br></div><div class="battle-history">Battle started between Seiko leich and Jaydenproxdxd!<br></div><div class="spacer battle-history"><br></div><div class="battle-history">Go! <strong>Infernape</strong>!<br></div><div class="spacer battle-history"><br></div><div class="battle-history">Jaydenproxdxd sent out <strong>Garchomp</strong>!<br></div><div class="spacer battle-history"><br></div><h2 class="battle-history">Turn 1</h2><div class="spacer battle-history"><br></div><div class="battle-history">Infernape, come back!<br></div><div class="battle-history">Go! <strong>Skarmory</strong>!<br></div><div class="spacer battle-history"><br></div><div class="battle-history">The opposing Garchomp used <strong>Earthquake</strong>!<br></div><div class="battle-history"><small>It doesn't affect Skarmory...</small><br></div><div class="spacer battle-history"><br></div><h2 class="battle-history">Turn 2</h2><div class="spacer battle-history"><br></div><div class="battle-history">Jaydenproxdxd withdrew Garchomp!<br></div><div class="battle-history">Jaydenproxdxd sent out <strong>Chandelure</strong>!<br></div><div class="spacer battle-history"><br></div><div class="battle-history">Skarmory used <strong>Stealth Rock</strong>!<br></div><div class="battle-history"><small>Pointed stones float in the air around the opposing team!</small><br></div><div class="spacer battle-history"><br></div><h2 class="battle-history">Turn 3</h2><div class="spacer battle-history"><br></div><div class="battle-history">Skarmory, come back!<br></div><div class="battle-history">Go! <strong>Tyranitar</strong>!<br></div><div class="battle-history"><small>[Tyranitar's Sand Stream]</small><br><small>A sandstorm kicked up!</small><br></div><div class="spacer battle-history"><br></div><div class="battle-history">The opposing Chandelure used <strong>Flamethrower</strong>!<br></div><div class="battle-history"><small>It's not very effective...</small><br></div><div class="battle-history"><small>(Tyranitar lost <abbr title="−26/341">7.6%</abbr> of its health!)</small><br></div><div class="spacer battle-history"><br></div><div class="battle-history"><small>The sandstorm is raging.</small><br></div><div class="battle-history"><small>The opposing Chandelure is buffeted by the sandstorm!</small><br></div><div class="battle-history"><small>The opposing Chandelure restored a little HP using its Leftovers!</small><br></div><div class="spacer battle-history"><br></div><h2 class="battle-history">Turn 4</h2><div class="spacer battle-history"><br></div><div class="battle-history">Jaydenproxdxd withdrew Chandelure!<br></div><div class="battle-history">Jaydenproxdxd sent out <strong>Garchomp</strong>!<br></div><div class="battle-history"><small>Pointed stones dug into the opposing Garchomp!</small><br></div><div class="spacer battle-history"><br></div><div class="battle-history">Tyranitar used <strong>Dark Pulse</strong>!<br></div><div class="battle-history"><small>(The opposing Garchomp lost <abbr title="−138/357">38.7%</abbr> of its health!)</small><br></div><div class="spacer battle-history"><br></div><div class="battle-history"><small>The sandstorm is raging.</small><br></div><div class="battle-history"><small>The opposing Garchomp restored a little HP using its Leftovers!</small><br></div><div class="spacer battle-history"><br></div><h2 class="battle-history">Turn 5</h2><div class="spacer battle-history"><br></div><div class="battle-history">Tyranitar, come back!<br></div><div class="battle-history">Go! <strong>Skarmory</strong>!<br></div><div class="spacer battle-history"><br></div><div class="battle-history">The opposing Garchomp used <strong>Earthquake</strong>!<br></div><div class="battle-history"><small>It doesn't affect Skarmory...</small><br></div><div class="spacer battle-history"><br></div><div class="battle-history"><small>The sandstorm is raging.</small><br></div><div class="battle-history"><small>The opposing Garchomp restored a little HP using its Leftovers!</small><br></div><div class="spacer battle-history"><br></div><h2 class="battle-history">Turn 6</h2><div class="spacer battle-history"><br></div><div class="battle-history">The opposing Garchomp used <strong>Dragon Claw</strong>!<br></div><div class="battle-history"><small>It's not very effective...</small><br></div><div class="battle-history"><small>(Skarmory lost <abbr title="−44/334">13.2%</abbr> of its health!)</small><br></div><div class="battle-history"><small>The opposing Garchomp was hurt by the Rocky Helmet!</small><br></div><div class="spacer battle-history"><br></div><div class="battle-history">Skarmory used <strong>Roar</strong>!<br></div><div class="spacer battle-history"><br></div><div class="battle-history"><strong>Alakazam</strong> was dragged out!<br></div><div class="battle-history"><small>Pointed stones dug into the opposing Alakazam!</small><br></div><div class="spacer battle-history"><br></div><div class="battle-history"><small>The sandstorm is raging.</small><br></div><div class="battle-history"><small>The opposing Alakazam is buffeted by the sandstorm!</small><br></div><div class="spacer battle-history"><br></div><h2 class="battle-history">Turn 7</h2><div class="spacer battle-history"><br></div><div class="battle-history">The opposing Alakazam used <strong>Psyshock</strong>!<br></div><div class="battle-history"><small>It's not very effective...</small><br></div><div class="battle-history"><small>(Skarmory lost <abbr title="−32/334">9.6%</abbr> of its health!)</small><br></div><div class="spacer battle-history"><br></div><div class="battle-history">Skarmory used <strong>Roar</strong>!<br></div><div class="spacer battle-history"><br></div><div class="battle-history"><strong>Chandelure</strong> was dragged out!<br></div><div class="battle-history"><small>Pointed stones dug into the opposing Chandelure!</small><br></div><div class="spacer battle-history"><br></div><div class="battle-history"><small>The sandstorm subsided.</small><br></div><div class="battle-history"><small>The opposing Chandelure restored a little HP using its Leftovers!</small><br></div><div class="spacer battle-history"><br></div><h2 class="battle-history">Turn 8</h2><div class="spacer battle-history"><br></div><div class="battle-history">Skarmory, come back!<br></div><div class="battle-history">Go! <strong>Tyranitar</strong>!<br></div><div class="battle-history"><small>[Tyranitar's Sand Stream]</small><br><small>A sandstorm kicked up!</small><br></div><div class="spacer battle-history"><br></div><div class="battle-history">The opposing Chandelure used <strong>Flamethrower</strong>!<br></div><div class="battle-history"><small>It's not very effective...</small><br></div><div class="battle-history"><small>(Tyranitar lost <abbr title="−26/341">7.6%</abbr> of its health!)</small><br></div><div class="spacer battle-history"><br></div><div class="battle-history"><small>The sandstorm is raging.</small><br></div><div class="battle-history"><small>The opposing Chandelure is buffeted by the sandstorm!</small><br></div><div class="battle-history"><small>The opposing Chandelure restored a little HP using its Leftovers!</small><br></div><div class="spacer battle-history"><br></div><h2 class="battle-history">Turn 9</h2><div class="spacer battle-history"><br></div><div class="battle-history">Jaydenproxdxd withdrew Chandelure!<br></div><div class="battle-history">Jaydenproxdxd sent out <strong>Garchomp</strong>!<br></div><div class="battle-history"><small>Pointed stones dug into the opposing Garchomp!</small><br></div><div class="spacer battle-history"><br></div><div class="battle-history">Tyranitar used <strong>Dark Pulse</strong>!<br></div><div class="battle-history"><small>(The opposing Garchomp lost <abbr title="−129/357">36.1%</abbr> of its health!)</small><br></div><div class="spacer battle-history"><br></div><div class="battle-history"><small>The sandstorm is raging.</small><br></div><div class="battle-history"><small>The opposing Garchomp restored a little HP using its Leftovers!</small><br></div><div class="spacer battle-history"><br></div><h2 class="battle-history">Turn 10</h2><div class="spacer battle-history"><br></div><div class="battle-history">Tyranitar, come back!<br></div><div class="battle-history">Go! <strong>Skarmory</strong>!<br></div><div class="spacer battle-history"><br></div><div class="battle-history">The opposing Garchomp used <strong>Earthquake</strong>!<br></div><div class="battle-history"><small>It doesn't affect Skarmory...</small><br></div><div class="spacer battle-history"><br></div><div class="battle-history"><small>The sandstorm is raging.</small><br></div><div class="battle-history"><small>The opposing Garchomp restored a little HP using its Leftovers!</small><br></div><div class="spacer battle-history"><br></div><h2 class="battle-history">Turn 11</h2><div class="spacer battle-history"><br></div><div class="battle-history">The opposing Garchomp used <strong>Crunch</strong>!<br></div><div class="battle-history"><small>(Skarmory lost <abbr title="−57/334">17.1%</abbr> of its health!)</small><br></div><div class="battle-history"><small>The opposing Garchomp was hurt by the Rocky Helmet!</small><br></div><div class="battle-history"><small>Skarmory's Defense fell!</small><br></div><div class="spacer battle-history"><br></div><div class="battle-history">Skarmory used <strong>Roar</strong>!<br></div><div class="spacer battle-history"><br></div><div class="battle-history"><strong>Volcarona</strong> was dragged out!<br></div><div class="battle-history"><small>Pointed stones dug into the opposing Volcarona!</small><br></div><div class="spacer battle-history"><br></div><div class="battle-history"><small>The sandstorm is raging.</small><br></div><div class="battle-history"><small>The opposing Volcarona is buffeted by the sandstorm!</small><br></div><div class="spacer battle-history"><br></div><h2 class="battle-history">Turn 12</h2><div class="spacer battle-history"><br></div><div class="battle-history">Skarmory, come back!<br></div><div class="battle-history">Go! <strong>Infernape</strong>!<br></div><div class="spacer battle-history"><br></div><div class="battle-history">The opposing Volcarona used <strong>Fiery Dance</strong>!<br></div><div class="battle-history"><small>It's not very effective...</small><br></div><div class="battle-history"><small>(Infernape lost <abbr title="−94/294">32.0%</abbr> of its health!)</small><br></div><div class="spacer battle-history"><br></div><div class="battle-history"><small>The sandstorm subsided.</small><br></div><div class="spacer battle-history"><br></div><h2 class="battle-history">Turn 13</h2><div class="spacer battle-history"><br></div><div class="battle-history">Jaydenproxdxd withdrew Volcarona!<br></div><div class="battle-history">Jaydenproxdxd sent out <strong>Tyranitar</strong>!<br></div><div class="battle-history"><small>Pointed stones dug into the opposing Tyranitar!</small><br></div><div class="battle-history"><small>[The opposing Tyranitar's Sand Stream]</small><br><small>A sandstorm kicked up!</small><br></div><div class="spacer battle-history"><br></div><div class="battle-history">Infernape used <strong>Fire Punch</strong>!<br></div><div class="battle-history"><small>It's not very effective...</small><br></div><div class="battle-history"><small>(The opposing Tyranitar lost <abbr title="−63/341">18.5%</abbr> of its health!)</small><br></div><div class="spacer battle-history"><br></div><div class="battle-history"><small>The sandstorm is raging.</small><br></div><div class="battle-history"><small>Infernape is buffeted by the sandstorm!</small><br></div><div class="spacer battle-history"><br></div><h2 class="battle-history">Turn 14</h2><div class="spacer battle-history"><br></div><div class="battle-history">Infernape, come back!<br></div><div class="battle-history">Go! <strong>Skarmory</strong>!<br></div><div class="spacer battle-history"><br></div><div class="battle-history">The opposing Tyranitar used <strong>Rock Slide</strong>!<br></div><div class="battle-history"><small>(Skarmory lost <abbr title="−75/334">22.5%</abbr> of its health!)</small><br></div><div class="spacer battle-history"><br></div><div class="battle-history"><small>The sandstorm is raging.</small><br></div><div class="spacer battle-history"><br></div><h2 class="battle-history">Turn 15</h2><div class="spacer battle-history"><br></div><div class="battle-history">Skarmory used <strong>Roost</strong>!<br></div><div class="battle-history"><small>Skarmory restored its HP.</small><br></div><div class="spacer battle-history"><br></div><div class="battle-history">The opposing Tyranitar used <strong>Thunder Punch</strong>!<br></div><div class="battle-history"><small>(Skarmory lost <abbr title="−55/334">16.5%</abbr> of its health!)</small><br></div><div class="battle-history"><small>The opposing Tyranitar was hurt by the Rocky Helmet!</small><br></div><div class="spacer battle-history"><br></div><div class="battle-history"><small>The sandstorm is raging.</small><br></div><div class="spacer battle-history"><br></div><h2 class="battle-history">Turn 16</h2><div class="spacer battle-history"><br></div><div class="battle-history">Skarmory used <strong>Roost</strong>!<br></div><div class="battle-history"><small>Skarmory restored its HP.</small><br></div><div class="spacer battle-history"><br></div><div class="battle-history">The opposing Tyranitar used <strong>Thunder Punch</strong>!<br></div><div class="battle-history"><small>(Skarmory lost <abbr title="−54/334">16.2%</abbr> of its health!)</small><br></div><div class="battle-history"><small>The opposing Tyranitar was hurt by the Rocky Helmet!</small><br></div><div class="spacer battle-history"><br></div><div class="battle-history"><small>The sandstorm is raging.</small><br></div><div class="spacer battle-history"><br></div><h2 class="battle-history">Turn 17</h2><div class="spacer battle-history"><br></div><div class="battle-history">Skarmory used <strong>Roost</strong>!<br></div><div class="battle-history"><small>Skarmory restored its HP.</small><br></div><div class="spacer battle-history"><br></div><div class="battle-history">The opposing Tyranitar used <strong>Rock Slide</strong>!<br></div><div class="battle-history"><small>Skarmory avoided the attack!</small><br></div><div class="spacer battle-history"><br></div><div class="battle-history"><small>The sandstorm subsided.</small><br></div><div class="spacer battle-history"><br></div><h2 class="battle-history">Turn 18</h2><div class="spacer battle-history"><br></div><div class="battle-history">The opposing Tyranitar used <strong>Rock Slide</strong>!<br></div><div class="battle-history"><small>(Skarmory lost <abbr title="−82/334">24.6%</abbr> of its health!)</small><br></div><div class="spacer battle-history"><br></div><div class="battle-history">Skarmory used <strong>Roar</strong>!<br></div><div class="spacer battle-history"><br></div><div class="battle-history"><strong>Chandelure</strong> was dragged out!<br></div><div class="battle-history"><small>Pointed stones dug into the opposing Chandelure!</small><br></div><div class="spacer battle-history"><br></div><div class="battle-history"><small>The opposing Chandelure restored a little HP using its Leftovers!</small><br></div><div class="spacer battle-history"><br></div><h2 class="battle-history">Turn 19</h2><div class="spacer battle-history"><br></div><div class="battle-history">Skarmory, come back!<br></div><div class="battle-history">Go! <strong>Tyranitar</strong>!<br></div><div class="battle-history"><small>[Tyranitar's Sand Stream]</small><br><small>A sandstorm kicked up!</small><br></div><div class="spacer battle-history"><br></div><div class="battle-history">The opposing Chandelure used <strong>Flamethrower</strong>!<br></div><div class="battle-history"><small>It's not very effective...</small><br></div><div class="battle-history"><small>(Tyranitar lost <abbr title="−24/341">7.0%</abbr> of its health!)</small><br></div><div class="spacer battle-history"><br></div><div class="battle-history"><small>The sandstorm is raging.</small><br></div><div class="battle-history"><small>The opposing Chandelure is buffeted by the sandstorm!</small><br></div><div class="battle-history"><small>The opposing Chandelure restored a little HP using its Leftovers!</small><br></div><div class="spacer battle-history"><br></div><h2 class="battle-history">Turn 20</h2><div class="chat chatmessage-jaydenproxdxd"><strong style="color:hsl(236,59%,62.423032588968994%)"><small>☆</small><span class="username" data-name="Jaydenproxdxd">Jaydenproxdxd</span>:</strong> <em>ya me aburri de cambiar de pokemon u:</em></div><div class="spacer battle-history"><br></div><div class="battle-history">The opposing Chandelure used <strong>Shadow Ball</strong>!<br></div><div class="battle-history"><small>It's not very effective...</small><br></div><div class="battle-history"><small>(Tyranitar lost <abbr title="−21/341">6.2%</abbr> of its health!)</small><br></div><div class="battle-history"><small>Tyranitar's Special Defense fell!</small><br></div><div class="spacer battle-history"><br></div><div class="battle-history">Tyranitar used <strong>Dark Pulse</strong>!<br></div><div class="battle-history"><small>It's super effective!</small><br></div><div class="battle-history"><small>(The opposing Chandelure lost <abbr title="−202/324">62.3%</abbr> of its health!)</small><br></div><div class="spacer battle-history"><br></div><div class="battle-history">The opposing Chandelure fainted!<br></div><div class="spacer battle-history"><br></div><div class="battle-history"><small>The sandstorm is raging.</small><br></div><div class="chat chatmessage-seikoleich"><strong style="color:hsl(241,83%,63.70924950423548%)"><small>☆</small><span class="username" data-name="Seiko leich">Seiko leich</span>:</strong> <em>no cambies</em></div><div class="spacer battle-history"><br></div><div class="battle-history">Jaydenproxdxd sent out <strong>Volcarona</strong>!<br></div><div class="battle-history"><small>Pointed stones dug into the opposing Volcarona!</small><br></div><div class="spacer battle-history"><br></div><div class="battle-history">The opposing Volcarona fainted!<br></div><div class="spacer battle-history"><br></div><div class="battle-history">Jaydenproxdxd sent out <strong>Garchomp</strong>!<br></div><div class="battle-history"><small>Pointed stones dug into the opposing Garchomp!</small><br></div><div class="spacer battle-history"><br></div><div class="battle-history">The opposing Garchomp fainted!<br></div><div class="spacer battle-history"><br></div><div class="battle-history">Jaydenproxdxd sent out <strong>Alakazam</strong>!<br></div><div class="battle-history"><small>Pointed stones dug into the opposing Alakazam!</small><br></div><div class="spacer battle-history"><br></div><h2 class="battle-history">Turn 21</h2><div class="spacer battle-history"><br></div><div class="battle-history"><small>The opposing Alakazam's Alakazite is reacting to the Key Stone!</small><br>The opposing Alakazam has Mega Evolved into Mega Alakazam!<br></div><div class="battle-history"><small>[The opposing Alakazam's Trace]</small><br><small>[The opposing Alakazam's Sand Stream]</small><br><small>The opposing Alakazam traced Tyranitar's Sand Stream!</small><br></div><div class="spacer battle-history"><br></div><div class="battle-history">The opposing Alakazam used <strong>Signal Beam</strong>!<br></div><div class="battle-history"><small>It's super effective!</small><br></div><div class="battle-history"><small>(Tyranitar lost <abbr title="−94/341">27.6%</abbr> of its health!)</small><br></div><div class="spacer battle-history"><br></div><div class="battle-history">Tyranitar used <strong>Dark Pulse</strong>!<br></div><div class="battle-history"><small>It's super effective!</small><br></div><div class="battle-history"><small>(The opposing Alakazam lost <abbr title="−174/251">69.3%</abbr> of its health!)</small><br></div><div class="spacer battle-history"><br></div><div class="battle-history">The opposing Alakazam fainted!<br></div><div class="spacer battle-history"><br></div><div class="battle-history"><small>The sandstorm is raging.</small><br></div><div class="spacer battle-history"><br></div><div class="battle-history">Jaydenproxdxd sent out <strong>Tyranitar</strong>!<br></div><div class="battle-history"><small>Pointed stones dug into the opposing Tyranitar!</small><br></div><div class="spacer battle-history"><br></div><h2 class="battle-history">Turn 22</h2><div class="spacer battle-history"><br></div><div class="battle-history">Tyranitar, come back!<br></div><div class="battle-history">Go! <strong>Skarmory</strong>!<br></div><div class="spacer battle-history"><br></div><div class="battle-history">The opposing Tyranitar used <strong>Earthquake</strong>!<br></div><div class="battle-history"><small>It doesn't affect Skarmory...</small><br></div><div class="spacer battle-history"><br></div><div class="battle-history"><small>The sandstorm is raging.</small><br></div><div class="spacer battle-history"><br></div><h2 class="battle-history">Turn 23</h2><div class="spacer battle-history"><br></div><div class="battle-history">The opposing Tyranitar used <strong>Rock Slide</strong>!<br></div><div class="battle-history"><small>(Skarmory lost <abbr title="−75/334">22.5%</abbr> of its health!)</small><br></div><div class="spacer battle-history"><br></div><div class="battle-history">Skarmory used <strong>Roar</strong>!<br></div><div class="spacer battle-history"><br></div><div class="battle-history"><strong>Metagross</strong> was dragged out!<br></div><div class="battle-history"><small>Pointed stones dug into the opposing Metagross!</small><br></div><div class="spacer battle-history"><br></div><div class="battle-history"><small>The sandstorm subsided.</small><br></div><div class="spacer battle-history"><br></div><h2 class="battle-history">Turn 24</h2><div class="spacer battle-history"><br></div><div class="battle-history">Skarmory used <strong>Roost</strong>!<br></div><div class="battle-history"><small>Skarmory restored its HP.</small><br></div><div class="spacer battle-history"><br></div><div class="battle-history">The opposing Metagross used <strong>Ice Punch</strong>!<br></div><div class="battle-history"><small>It's not very effective...</small><br></div><div class="battle-history"><small>(Skarmory lost <abbr title="−27/334">8.1%</abbr> of its health!)</small><br></div><div class="battle-history"><small>The opposing Metagross was hurt by the Rocky Helmet!</small><br></div><div class="spacer battle-history"><br></div><h2 class="battle-history">Turn 25</h2><div class="spacer battle-history"><br></div><div class="battle-history">The opposing Metagross used <strong>Ice Punch</strong>!<br></div><div class="battle-history"><small>(Skarmory lost <abbr title="−55/334">16.5%</abbr> of its health!)</small><br></div><div class="battle-history"><small>The opposing Metagross was hurt by the Rocky Helmet!</small><br></div><div class="battle-history"><small>Skarmory was frozen solid!</small><br></div><div class="spacer battle-history"><br></div><div class="battle-history">Skarmory is frozen solid!<br></div><div class="spacer battle-history"><br></div><h2 class="battle-history">Turn 26</h2><div class="spacer battle-history"><br></div><div class="battle-history">The opposing Metagross used <strong>Zen Headbutt</strong>!<br></div><div class="battle-history"><small>It's not very effective...</small><br></div><div class="battle-history"><small>(Skarmory lost <abbr title="−44/334">13.2%</abbr> of its health!)</small><br></div><div class="battle-history"><small>The opposing Metagross was hurt by the Rocky Helmet!</small><br></div><div class="spacer battle-history"><br></div><div class="battle-history">Skarmory is frozen solid!<br></div><div class="spacer battle-history"><br></div><h2 class="battle-history">Turn 27</h2><div class="spacer battle-history"><br></div><div class="battle-history">The opposing Metagross used <strong>Bullet Punch</strong>!<br></div><div class="battle-history"><small>It's not very effective...</small><br></div><div class="battle-history"><small>(Skarmory lost <abbr title="−22/334">6.6%</abbr> of its health!)</small><br></div><div class="battle-history"><small>The opposing Metagross was hurt by the Rocky Helmet!</small><br></div><div class="battle-history"><small>Skarmory thawed out!</small><br></div><div class="spacer battle-history"><br></div><div class="battle-history">Skarmory used <strong>Roar</strong>!<br></div><div class="spacer battle-history"><br></div><div class="battle-history"><strong>Tyranitar</strong> was dragged out!<br></div><div class="battle-history"><small>Pointed stones dug into the opposing Tyranitar!</small><br></div><div class="battle-history"><small>[The opposing Tyranitar's Sand Stream]</small><br><small>A sandstorm kicked up!</small><br></div><div class="spacer battle-history"><br></div><div class="battle-history"><small>The sandstorm is raging.</small><br></div><div class="spacer battle-history"><br></div><h2 class="battle-history">Turn 28</h2><div class="spacer battle-history"><br></div><div class="battle-history">The opposing Tyranitar used <strong>Rock Slide</strong>!<br></div><div class="battle-history"><small>(Skarmory lost <abbr title="−81/334">24.3%</abbr> of its health!)</small><br></div><div class="spacer battle-history"><br></div><div class="battle-history">Skarmory used <strong>Roar</strong>!<br></div><div class="spacer battle-history"><br></div><div class="battle-history"><strong>Metagross</strong> was dragged out!<br></div><div class="battle-history"><small>Pointed stones dug into the opposing Metagross!</small><br></div><div class="spacer battle-history"><br></div><div class="battle-history"><small>The sandstorm is raging.</small><br></div><div class="spacer battle-history"><br></div><h2 class="battle-history">Turn 29</h2><div class="spacer battle-history"><br></div><div class="battle-history">The opposing Metagross used <strong>Ice Punch</strong>!<br></div><div class="battle-history"><small>(Skarmory lost <abbr title="−50/334">15.0%</abbr> of its health!)</small><br></div><div class="battle-history"><small>The opposing Metagross was hurt by the Rocky Helmet!</small><br></div><div class="spacer battle-history"><br></div><div class="battle-history">Skarmory used <strong>Roar</strong>!<br></div><div class="spacer battle-history"><br></div><div class="battle-history"><strong>Tyranitar</strong> was dragged out!<br></div><div class="battle-history"><small>Pointed stones dug into the opposing Tyranitar!</small><br></div><div class="spacer battle-history"><br></div><div class="battle-history">The opposing Tyranitar fainted!<br></div><div class="spacer battle-history"><br></div><div class="battle-history"><small>The sandstorm is raging.</small><br></div><div class="spacer battle-history"><br></div><div class="battle-history">Jaydenproxdxd sent out <strong>Metagross</strong>!<br></div><div class="battle-history"><small>Pointed stones dug into the opposing Metagross!</small><br></div><div class="spacer battle-history"><br></div><div class="battle-history">The opposing Metagross fainted!<br></div><div class="spacer battle-history"><br></div><div class="battle-history"><strong>Seiko leich</strong> won the battle!<br></div></div><div class="inner-preempt"></div></div></div>
</div>
<script>
let daily = Math.floor(Date.now()/1000/60/60/24);document.write('<script src="https://play.pokemonshowdown.com/js/replay-embed.js?version'+daily+'"></'+'script>');
</script>
