<!DOCTYPE html>
<meta charset="utf-8" />
<!-- version 1 -->
<title>OU replay: cacoluis2005 vs. DaRKViRuZ - ΑℱΚ</title>
<style>
html,body {font-family:Verdana, sans-serif;font-size:10pt;margin:0;padding:0;}body{padding:12px 0;} .battle-log {font-family:Verdana, sans-serif;font-size:10pt;} .battle-log-inline {border:1px solid #AAAAAA;background:#EEF2F5;color:black;max-width:640px;margin:0 auto 80px;padding-bottom:5px;} .battle-log .inner {padding:4px 8px 0px 8px;} .battle-log .inner-preempt {padding:0 8px 4px 8px;} .battle-log .inner-after {margin-top:0.5em;} .battle-log h2 {margin:0.5em -8px;padding:4px 8px;border:1px solid #AAAAAA;background:#E0E7EA;border-left:0;border-right:0;font-family:Verdana, sans-serif;font-size:13pt;} .battle-log .chat {vertical-align:middle;padding:3px 0 3px 0;font-size:8pt;} .battle-log .chat strong {color:#40576A;} .battle-log .chat em {padding:1px 4px 1px 3px;color:#000000;font-style:normal;} .chat.mine {background:rgba(0,0,0,0.05);margin-left:-8px;margin-right:-8px;padding-left:8px;padding-right:8px;} .spoiler {color:#BBBBBB;background:#BBBBBB;padding:0px 3px;} .spoiler:hover, .spoiler:active, .spoiler-shown {color:#000000;background:#E2E2E2;padding:0px 3px;} .spoiler a {color:#BBBBBB;} .spoiler:hover a, .spoiler:active a, .spoiler-shown a {color:#2288CC;} .chat code, .chat .spoiler:hover code, .chat .spoiler:active code, .chat .spoiler-shown code {border:1px solid #C0C0C0;background:#EEEEEE;color:black;padding:0 2px;} .chat .spoiler code {border:1px solid #CCCCCC;background:#CCCCCC;color:#CCCCCC;} .battle-log .rated {padding:3px 4px;} .battle-log .rated strong {color:white;background:#89A;padding:1px 4px;border-radius:4px;} .spacer {margin-top:0.5em;} .message-announce {background:#6688AA;color:white;padding:1px 4px 2px;} .message-announce a, .broadcast-green a, .broadcast-blue a, .broadcast-red a {color:#DDEEFF;} .broadcast-green {background-color:#559955;color:white;padding:2px 4px;} .broadcast-blue {background-color:#6688AA;color:white;padding:2px 4px;} .infobox {border:1px solid #6688AA;padding:2px 4px;} .infobox-limited {max-height:200px;overflow:auto;overflow-x:hidden;} .broadcast-red {background-color:#AA5544;color:white;padding:2px 4px;} .message-learn-canlearn {font-weight:bold;color:#228822;text-decoration:underline;} .message-learn-cannotlearn {font-weight:bold;color:#CC2222;text-decoration:underline;} .message-effect-weak {font-weight:bold;color:#CC2222;} .message-effect-resist {font-weight:bold;color:#6688AA;} .message-effect-immune {font-weight:bold;color:#666666;} .message-learn-list {margin-top:0;margin-bottom:0;} .message-throttle-notice, .message-error {color:#992222;} .message-overflow, .chat small.message-overflow {font-size:0pt;} .message-overflow::before {font-size:9pt;content:'...';} .subtle {color:#3A4A66;}
</style>
<div class="wrapper replay-wrapper" style="max-width:1180px;margin:0 auto">
<input type="hidden" name="replayid" value="destiny-ou-487827" />
<div class="battle"></div><div class="battle-log"></div><div class="replay-controls"></div><div class="replay-controls-2"></div>
<h1 style="font-weight:normal;text-align:center"><strong>OU</strong><br /><a href="http://pokemonshowdown.com/users/cacoluis2005" class="subtle" target="_blank">cacoluis2005</a> vs. <a href="http://pokemonshowdown.com/users/darkviruz" class="subtle" target="_blank">DaRKViRuZ - ΑℱΚ</a></h1>
<script type="text/plain" class="battle-log-data">|player|p1|cacoluis2005|2095
|teamsize|p1|6
|player|p2|DaRKViRuZ - ΑℱΚ|darkviruz-8.gif?e01fcc4e
|teamsize|p2|6
|teamsize|p1|6
|teamsize|p2|6
|gametype|singles
|gen|7
|tier|OU
|rated
|seed|39314,17209,30934,27706
|rule|Cláusula-Mod de Dormir: solo puedes dormir a uno de tus oponentes a la vez.
|rule|Cláusula de Especie: Hasta un Pokémon de cada especie
|rule|Cláusula de Golpe Fulminante: los movimientos fulminantes (OHKO) estan prohibidos
|rule|Cláusula de Veleta: la habilidad Veleta está prohibida
|rule|Cláusula de Movimientos Evasivos: los movimientos de Evasión están prohibidos.
|rule|Cláusula de Batallas Eternas: forzar batallas eternas está prohibido
|clearpoke
|poke|p1|Persian-Alola, M|item
|poke|p1|Muk-Alola, M|item
|poke|p1|Zapdos, shiny|item
|poke|p1|Gardevoir, F, shiny|item
|poke|p1|Zygarde, shiny|item
|poke|p1|Conkeldurr, M, shiny|item
|poke|p2|Tapu Lele|item
|poke|p2|Pelipper, M|item
|poke|p2|Hawlucha, M|item
|poke|p2|Swampert, M|item
|poke|p2|Greninja, M|item
|poke|p2|Ferrothorn, M|item
|teampreview|undefined
|choice|*|*team 213456
|inactive|Reloj de batalla ENCENDIDO. El jugador inactivo será descalificado (solicitado por cacoluis2005).
|choice|*team 123456|*
|choice|team 1, 2, 3, 4, 5, 6|team 2, 1, 3, 4, 5, 6
|
|start
|switch|p1a: Persian|Persian-Alola, M|334\/334
|switch|p2a: Pelipper|Pelipper, M|261\/261
|-weather|RainDance|[from] ability: Drizzle|[of] p2a: Pelipper
|turn|1
|choice|*move 1|*
|choice|*|*move 1
|choice|move fakeout|move hydropump
|
|move|p1a: Persian|Fake Out|p2a: Pelipper
|-damage|p2a: Pelipper|239\/261
|cant|p2a: Pelipper|flinch
|
|-weather|RainDance|[upkeep]
|upkeep
|turn|2
|choice|*|*move 1
|choice|*move 2|*
|choice|move partingshot|move hydropump
|
|move|p1a: Persian|Parting Shot|p2a: Pelipper
|-unboost|p2a: Pelipper|atk|1
|-unboost|p2a: Pelipper|spa|1
|choice|*switch 3|*
|choice|switch 3|
|
|switch|p1a: Zapdos|Zapdos, shiny|384\/384|[from]move: Parting Shot
|move|p2a: Pelipper|Hydro Pump|p1a: Zapdos
|-damage|p1a: Zapdos|113\/384
|
|-weather|RainDance|[upkeep]
|upkeep
|turn|3
|choice|*move 3|*
|choice|*|*switch 4
|choice|move roost|switch 4
|
|switch|p2a: Swampert|Swampert, M|341\/341
|move|p1a: Zapdos|Roost|p1a: Zapdos
|-heal|p1a: Zapdos|305\/384
|
|-weather|RainDance|[upkeep]
|upkeep
|turn|4
|choice|*|*move 1 mega
|choice|*move 3|*
|choice|move roost|move stealthrock mega
|
|-mega|p2a: Swampert|Swampert|Swampertite
|detailschange|p2a: Swampert|Swampert-Mega, M
|move|p2a: Swampert|Stealth Rock|p1a: Zapdos
|-sidestart|p1: cacoluis2005|move: Stealth Rock
|move|p1a: Zapdos|Roost|p1a: Zapdos
|-heal|p1a: Zapdos|384\/384
|
|-weather|RainDance|[upkeep]
|upkeep
|turn|5
|choice|*move 4|*
|inactive|DaRKViRuZ - ΑℱΚ tiene 135 segundos restantes.
|choice|*|*switch 2
|choice|move defog|switch 2
|
|switch|p2a: Tapu Lele|Tapu Lele|281\/281
|-fieldstart|move: Psychic Terrain|[from] ability: Psychic Surge|[of] p2a: Tapu Lele
|move|p1a: Zapdos|Defog|p2a: Tapu Lele
|-unboost|p2a: Tapu Lele|evasion|1
|-sideend|p1: cacoluis2005|Stealth Rock|[from] move: Defog|[of] p1a: Zapdos
|
|-weather|none
|upkeep
|turn|6
|choice|*|*move 2
|choice|*move 1|*
|choice|move discharge|move psyshock
|
|move|p2a: Tapu Lele|Psyshock|p1a: Zapdos
|-damage|p1a: Zapdos|219\/384
|move|p1a: Zapdos|Discharge|p2a: Tapu Lele
|-damage|p2a: Tapu Lele|175\/281
|
|upkeep
|turn|7
|choice|*move 3|*
|choice|*|*switch 6
|choice|move roost|switch 6
|
|switch|p2a: Ferrothorn|Ferrothorn, M|351\/351
|move|p1a: Zapdos|Roost|p1a: Zapdos
|-heal|p1a: Zapdos|384\/384
|
|upkeep
|turn|8
|choice|*|*move 1
|choice|*move 2|*
|choice|move heatwave|move leechseed
|
|move|p1a: Zapdos|Heat Wave|p2a: Ferrothorn
|-supereffective|p2a: Ferrothorn
|-damage|p2a: Ferrothorn|99\/351
|-status|p2a: Ferrothorn|brn
|move|p2a: Ferrothorn|Leech Seed|p1a: Zapdos
|-start|p1a: Zapdos|move: Leech Seed
|
|-damage|p1a: Zapdos|336\/384|[from] Leech Seed|[of] p2a: Ferrothorn
|-heal|p2a: Ferrothorn|147\/351 brn|[silent]
|-damage|p2a: Ferrothorn|126\/351 brn|[from] brn
|upkeep
|turn|9
|choice|*|*switch 4
|choice|*move 4|*
|choice|move defog|switch 4
|
|switch|p2a: Pelipper|Pelipper, M|239\/261
|-weather|RainDance|[from] ability: Drizzle|[of] p2a: Pelipper
|move|p1a: Zapdos|Defog|p2a: Pelipper
|-unboost|p2a: Pelipper|evasion|1
|-fail|p1a: Zapdos
|
|-weather|RainDance|[upkeep]
|-damage|p1a: Zapdos|288\/384|[from] Leech Seed|[of] p2a: Pelipper
|-heal|p2a: Pelipper|261\/261|[silent]
|-fieldend|move: Psychic Terrain
|upkeep
|turn|10
|choice|*move 1|*
|choice|*|*switch 2
|choice|move discharge|switch 2
|
|switch|p2a: Swampert|Swampert-Mega, M|341\/341
|move|p1a: Zapdos|Discharge|p2a: Swampert
|-immune|p2a: Swampert|[msg]
|
|-weather|RainDance|[upkeep]
|-damage|p1a: Zapdos|240\/384|[from] Leech Seed|[of] p2a: Swampert
|upkeep
|turn|11
|choice|*|*move 4
|choice|*switch 3|*
|choice|switch 3|move icepunch
|
|switch|p1a: Persian|Persian-Alola, M|334\/334
|move|p2a: Swampert|Ice Punch|p1a: Persian
|-damage|p1a: Persian|252\/334
|
|-weather|RainDance|[upkeep]
|upkeep
|turn|12
|choice|*move 1|*
|choice|*|*move 1
|choice|move fakeout|move stealthrock
|
|move|p1a: Persian|Fake Out|p2a: Swampert
|-damage|p2a: Swampert|321\/341
|cant|p2a: Swampert|flinch
|
|-weather|RainDance|[upkeep]
|upkeep
|turn|13
|choice|*|*move 1
|choice|*move 2|*
|choice|move partingshot|move stealthrock
|
|move|p2a: Swampert|Stealth Rock|p1a: Persian
|-sidestart|p1: cacoluis2005|move: Stealth Rock
|move|p1a: Persian|Parting Shot|p2a: Swampert
|-unboost|p2a: Swampert|atk|1
|-unboost|p2a: Swampert|spa|1
|choice|*switch 3|*
|choice|switch 3|
|
|switch|p1a: Zapdos|Zapdos, shiny|240\/384|[from]move: Parting Shot
|-damage|p1a: Zapdos|144\/384|[from] Stealth Rock
|
|-weather|none
|upkeep
|turn|14
|choice|*move 4|*
|choice|*|*move 4
|choice|move defog|move icepunch
|
|move|p2a: Swampert|Ice Punch|p1a: Zapdos
|-supereffective|p1a: Zapdos
|-damage|p1a: Zapdos|24\/384
|-damage|p2a: Swampert|265\/341|[from] item: Rocky Helmet|[of] p1a: Zapdos
|move|p1a: Zapdos|Defog|p2a: Swampert
|-unboost|p2a: Swampert|evasion|1
|-sideend|p1: cacoluis2005|Stealth Rock|[from] move: Defog|[of] p1a: Zapdos
|
|upkeep
|turn|15
|choice|*|*move 4
|inactive|cacoluis2005 tiene 135 segundos restantes.
|choice|*switch 3|*
|choice|switch 3|move icepunch
|
|switch|p1a: Persian|Persian-Alola, M|252\/334
|move|p2a: Swampert|Ice Punch|p1a: Persian
|-damage|p1a: Persian|192\/334
|
|upkeep
|turn|16
|choice|*move 2 zmove|*
|choice|*|*move 1
|choice|move partingshot zmove|move stealthrock
|
|-zpower|p1a: Persian
|move|p1a: Persian|Z-Parting Shot|p2a: Swampert|[anim]Parting Shot
|-unboost|p2a: Swampert|atk|1
|-unboost|p2a: Swampert|spa|1
|-activate|p1a: Persian|healreplacement
|choice|*switch 3|*
|choice|switch 3|
|
|switch|p1a: Zapdos|Zapdos, shiny|24\/384|[from]move: Parting Shot
|-heal|p1a: Zapdos|384\/384|[from] move: Parting Shot|[zeffect]
|move|p2a: Swampert|Stealth Rock|p1a: Zapdos
|-sidestart|p1: cacoluis2005|move: Stealth Rock
|
|upkeep
|turn|17
|choice|*move 4|*
|choice|*|*switch 2
|choice|move defog|switch 2
|
|switch|p2a: Pelipper|Pelipper, M|261\/261
|-weather|RainDance|[from] ability: Drizzle|[of] p2a: Pelipper
|move|p1a: Zapdos|Defog|p2a: Pelipper
|-unboost|p2a: Pelipper|evasion|1
|-sideend|p1: cacoluis2005|Stealth Rock|[from] move: Defog|[of] p1a: Zapdos
|
|-weather|RainDance|[upkeep]
|upkeep
|turn|18
|choice|*move 1|*
|choice|*|*switch 2
|choice|move discharge|switch 2
|
|switch|p2a: Swampert|Swampert-Mega, M|265\/341
|move|p1a: Zapdos|Discharge|p2a: Swampert
|-immune|p2a: Swampert|[msg]
|
|-weather|RainDance|[upkeep]
|upkeep
|turn|19
|choice|*|*move 1
|choice|*switch 3|*
|choice|switch 3|move stealthrock
|
|switch|p1a: Persian|Persian-Alola, M|192\/334
|move|p2a: Swampert|Stealth Rock|p1a: Persian
|-sidestart|p1: cacoluis2005|move: Stealth Rock
|
|-weather|RainDance|[upkeep]
|upkeep
|turn|20
|choice|*move 1|*
|choice|*|*move 2
|choice|move fakeout|move waterfall
|
|move|p1a: Persian|Fake Out|p2a: Swampert
|-damage|p2a: Swampert|244\/341
|cant|p2a: Swampert|flinch
|
|-weather|RainDance|[upkeep]
|upkeep
|turn|21
|choice|*|*move 2
|choice|*move 4|*
|choice|move toxic|move waterfall
|
|move|p2a: Swampert|Waterfall|p1a: Persian
|-damage|p1a: Persian|8\/334
|cant|p1a: Persian|flinch
|
|-weather|none
|upkeep
|turn|22
|choice|*move 4|*
|choice|*|*move 2
|choice|move toxic|move waterfall
|
|move|p1a: Persian|Toxic|p2a: Swampert
|-status|p2a: Swampert|tox
|move|p2a: Swampert|Waterfall|p1a: Persian
|-damage|p1a: Persian|0 fnt
|faint|p1a: Persian
|
|-damage|p2a: Swampert|223\/341 tox|[from] psn
|upkeep
|choice|*switch 3|*
|choice|switch 3|
|
|switch|p1a: Zapdos|Zapdos, shiny|384\/384
|-damage|p1a: Zapdos|288\/384|[from] Stealth Rock
|turn|23
|choice|*move 4|*
|choice|*|*switch 2
|choice|move defog|switch 2
|
|switch|p2a: Pelipper|Pelipper, M|261\/261
|-weather|RainDance|[from] ability: Drizzle|[of] p2a: Pelipper
|move|p1a: Zapdos|Defog|p2a: Pelipper
|-unboost|p2a: Pelipper|evasion|1
|-sideend|p1: cacoluis2005|Stealth Rock|[from] move: Defog|[of] p1a: Zapdos
|
|-weather|RainDance|[upkeep]
|upkeep
|turn|24
|choice|*|*switch 2
|choice|*switch 2|*
|choice|switch 2|switch 2
|
|switch|p1a: Muk|Muk-Alola, M|414\/414
|switch|p2a: Swampert|Swampert-Mega, M|223\/341 tox
|
|-weather|RainDance|[upkeep]
|-damage|p2a: Swampert|202\/341 tox|[from] psn
|upkeep
|turn|25
|choice|*switch 2|*
|choice|*|*move 1
|choice|switch 2|move stealthrock
|
|switch|p1a: Zapdos|Zapdos, shiny|288\/384
|move|p2a: Swampert|Stealth Rock|p1a: Zapdos
|-sidestart|p1: cacoluis2005|move: Stealth Rock
|
|-weather|RainDance|[upkeep]
|-damage|p2a: Swampert|160\/341 tox|[from] psn
|upkeep
|turn|26
|choice|*|*move 2
|choice|*move 4|*
|choice|move defog|move waterfall
|
|move|p2a: Swampert|Waterfall|p1a: Zapdos
|-damage|p1a: Zapdos|83\/384
|-damage|p2a: Swampert|104\/341 tox|[from] item: Rocky Helmet|[of] p1a: Zapdos
|move|p1a: Zapdos|Defog|p2a: Swampert
|-unboost|p2a: Swampert|evasion|1
|-sideend|p1: cacoluis2005|Stealth Rock|[from] move: Defog|[of] p1a: Zapdos
|
|-weather|RainDance|[upkeep]
|-damage|p2a: Swampert|41\/341 tox|[from] psn
|upkeep
|turn|27
|choice|*|*move 2
|choice|*move 3|*
|choice|move roost|move waterfall
|
|move|p2a: Swampert|Waterfall|p1a: Zapdos
|-damage|p1a: Zapdos|0 fnt
|-damage|p2a: Swampert|0 fnt|[from] item: Rocky Helmet|[of] p1a: Zapdos
|faint|p1a: Zapdos
|faint|p2a: Swampert
|
|-weather|none
|upkeep
|choice|*|*switch 2
|choice|*switch 4|*
|choice|switch 4|switch 2
|
|switch|p2a: Pelipper|Pelipper, M|261\/261
|switch|p1a: Gardevoir|Gardevoir, F, shiny|277\/277
|-weather|RainDance|[from] ability: Drizzle|[of] p2a: Pelipper
|turn|28
|choice|*move 3 mega|*
|choice|*|*move 1
|choice|move calmmind mega|move hydropump
|
|-mega|p1a: Gardevoir|Gardevoir|Gardevoirite
|detailschange|p1a: Gardevoir|Gardevoir-Mega, F, shiny
|move|p1a: Gardevoir|Calm Mind|p1a: Gardevoir
|-boost|p1a: Gardevoir|spa|1
|-boost|p1a: Gardevoir|spd|1
|move|p2a: Pelipper|Hydro Pump|p1a: Gardevoir|[miss]
|-miss|p2a: Pelipper|p1a: Gardevoir
|
|-weather|RainDance|[upkeep]
|upkeep
|turn|29
|choice|*|*move 1
|choice|*move 1|*
|choice|move hypervoice|move hydropump
|
|move|p1a: Gardevoir|Hyper Voice|p2a: Pelipper
|-damage|p2a: Pelipper|0 fnt
|faint|p2a: Pelipper
|
|-weather|RainDance|[upkeep]
|upkeep
|c|☆DaRKViRuZ - ΑℱΚ|no jodas
|c|☆DaRKViRuZ - ΑℱΚ|...
|choice|*|*switch 4
|choice||switch 4
|
|switch|p2a: Ferrothorn|Ferrothorn, M|126\/351 brn
|turn|30
|choice|*move 1|*
|choice|*|*move 4
|choice|move hypervoice|move gyroball
|
|move|p1a: Gardevoir|Hyper Voice|p2a: Ferrothorn
|-resisted|p2a: Ferrothorn
|-damage|p2a: Ferrothorn|8\/351 brn
|move|p2a: Ferrothorn|Gyro Ball|p1a: Gardevoir
|-supereffective|p1a: Gardevoir
|-damage|p1a: Gardevoir|36\/277
|
|-weather|RainDance|[upkeep]
|-damage|p2a: Ferrothorn|0 fnt|[from] brn
|upkeep
|faint|p2a: Ferrothorn
|choice|*|*switch 5
|choice||switch 5
|
|switch|p2a: Greninja|Greninja, M|285\/285
|turn|31
|choice|*move 1|*
|choice|*|*move 3
|choice|move hypervoice|move watershuriken
|
|move|p2a: Greninja|Water Shuriken|p1a: Gardevoir
|-damage|p1a: Gardevoir|17\/277
|-damage|p1a: Gardevoir|0 fnt
|-hitcount|p1a: Gardevoir|2
|faint|p1a: Gardevoir
|-activate|p2a: Greninja|ability: Battle Bond
|detailschange|p2a: Greninja|Greninja-Ash, M
|
|-weather|RainDance|[upkeep]
|upkeep
|choice|*switch 6|*
|choice|switch 6|
|
|switch|p1a: Conkeldurr|Conkeldurr, M, shiny|414\/414
|turn|32
|choice|*move 3|*
|inactive|DaRKViRuZ - ΑℱΚ tiene 135 segundos restantes.
|choice|*|*switch 6
|choice|move machpunch|switch 6
|
|switch|p2a: Tapu Lele|Tapu Lele|175\/281
|-fieldstart|move: Psychic Terrain|[from] ability: Psychic Surge|[of] p2a: Tapu Lele
|move|p1a: Conkeldurr|Mach Punch|p2a: Tapu Lele
|-activate|p2a: Tapu Lele|move: Psychic Terrain
|
|-weather|none
|upkeep
|turn|33
|choice|*switch 2|*
|choice|*|*move 3
|choice|switch 2|move moonblast
|
|switch|p1a: Muk|Muk-Alola, M|414\/414
|move|p2a: Tapu Lele|Moonblast|p1a: Muk
|-damage|p1a: Muk|273\/414
|-unboost|p1a: Muk|spa|1
|
|upkeep
|turn|34
|choice|*|*move 3
|choice|*move 3|*
|choice|move poisonjab|move moonblast
|
|move|p2a: Tapu Lele|Moonblast|p1a: Muk
|-damage|p1a: Muk|119\/414
|-unboost|p1a: Muk|spa|1
|move|p1a: Muk|Poison Jab|p2a: Tapu Lele
|-supereffective|p2a: Tapu Lele
|-damage|p2a: Tapu Lele|0 fnt
|faint|p2a: Tapu Lele
|
|upkeep
|choice|*|*switch 3
|choice||switch 3
|
|switch|p2a: Hawlucha|Hawlucha, M|336\/336
|-enditem|p2a: Hawlucha|Psychic Seed
|-boost|p2a: Hawlucha|spd|1
|turn|35
|choice|*|*move 2
|choice|*move 3|*
|choice|move poisonjab|move swordsdance
|
|move|p2a: Hawlucha|Swords Dance|p2a: Hawlucha
|-boost|p2a: Hawlucha|atk|2
|move|p1a: Muk|Poison Jab|p2a: Hawlucha
|-damage|p2a: Hawlucha|173\/336
|-status|p2a: Hawlucha|psn|[from] ability: Poison Touch|[of] p1a: Muk
|
|-damage|p2a: Hawlucha|131\/336 psn|[from] psn
|upkeep
|turn|36
|choice|*move 2|*
|c|☆DaRKViRuZ - ΑℱΚ|.-.
|choice|*|*move 4
|choice|move shadowsneak|move acrobatics
|
|move|p1a: Muk|Shadow Sneak|p2a: Hawlucha
|-damage|p2a: Hawlucha|84\/336 psn
|move|p2a: Hawlucha|Acrobatics|p1a: Muk
|-damage|p1a: Muk|0 fnt
|faint|p1a: Muk
|
|-damage|p2a: Hawlucha|42\/336 psn|[from] psn
|-fieldend|move: Psychic Terrain
|upkeep
|choice|*switch 5|*
|choice|switch 5|
|
|switch|p1a: Zygarde|Zygarde, shiny|357\/357
|-ability|p1a: Zygarde|Aura Break
|turn|37
|choice|*move 4|*
|choice|*|*move 4
|choice|move extremespeed|move acrobatics
|
|move|p1a: Zygarde|Extreme Speed|p2a: Hawlucha
|-damage|p2a: Hawlucha|0 fnt
|faint|p2a: Hawlucha
|
|upkeep
|c|☆DaRKViRuZ - ΑℱΚ|dios la hax
|choice|*|*switch 6
|choice||switch 6
|
|switch|p2a: Greninja|Greninja-Ash, M|285\/285
|turn|38
|choice|*|*move 1 zmove
|choice|*move 4|*
|choice|move extremespeed|move hydropump zmove
|
|move|p1a: Zygarde|Extreme Speed|p2a: Greninja
|-damage|p2a: Greninja|168\/285
|-zpower|p2a: Greninja
|move|p2a: Greninja|Hydro Vortex|p1a: Zygarde|[zeffect]
|-damage|p1a: Zygarde|0 fnt
|faint|p1a: Zygarde
|
|upkeep
|choice|*switch 2|*
|choice|switch 2|
|
|switch|p1a: Conkeldurr|Conkeldurr, M, shiny|414\/414
|turn|39
|c|☆cacoluis2005|gg
|choice|*|*move 1
|choice|*move 3|*
|choice|move machpunch|move hydropump
|
|move|p1a: Conkeldurr|Mach Punch|p2a: Greninja
|-supereffective|p2a: Greninja
|-damage|p2a: Greninja|0 fnt
|faint|p2a: Greninja
|
|win|cacoluis2005
cacoluis2005 ha ganado 8 PokeDolares.
|raw|Puntaje de cacoluis2005: 1321 &rarr; <strong>1351<\/strong><br \/>(+30 por ganar)
|raw|Puntaje de DaRKViRuZ - ΑℱΚ: 1387 &rarr; <strong>1363<\/strong><br \/>(-24 por perder)
|c|☆DaRKViRuZ - ΑℱΚ|gg nada
|c|☆DaRKViRuZ - ΑℱΚ|lol
</script>
</div>
<div class="battle-log battle-log-inline"><div class="inner"><div class="battle-options"></div><div class="inner"><div class=""><small>Format:</small> <br><strong>OU</strong></div><div class="rated"><strong>Rated battle</strong></div><div class=""><small><em>Cláusula-Mod de Dormir:</em> solo puedes dormir a uno de tus oponentes a la vez.</small></div><div class=""><small><em>Cláusula de Especie:</em> Hasta un Pokémon de cada especie</small></div><div class=""><small><em>Cláusula de Golpe Fulminante:</em> los movimientos fulminantes (OHKO) estan prohibidos</small></div><div class=""><small><em>Cláusula de Veleta:</em> la habilidad Veleta está prohibida</small></div><div class=""><small><em>Cláusula de Movimientos Evasivos:</em> los movimientos de Evasión están prohibidos.</small></div><div class=""><small><em>Cláusula de Batallas Eternas:</em> forzar batallas eternas está prohibido</small></div><div class="chat battle-history"><strong>cacoluis2005's team:</strong> <em style="color:#445566;display:block;">Persian-Alola / Muk-Alola / Zapdos / Gardevoir / Zygarde / Conkeldurr</em></div><div class="chat battle-history"><strong>DaRKViRuZ - ΑℱΚ's team:</strong> <em style="color:#445566;display:block;">Tapu Lele / Pelipper / Hawlucha / Swampert / Greninja / Ferrothorn</em></div><div class="chat message-error">Reloj de batalla ENCENDIDO. El jugador inactivo será descalificado (solicitado por cacoluis2005).</div><div class="spacer battle-history"><br></div><div class="battle-history">Battle started between cacoluis2005 and DaRKViRuZ - ΑℱΚ!<br></div><div class="spacer battle-history"><br></div><div class="battle-history">Go! Persian (<strong>Persian-Alola</strong>)!<br></div><div class="spacer battle-history"><br></div><div class="battle-history">DaRKViRuZ - ΑℱΚ sent out <strong>Pelipper</strong>!<br></div><div class="battle-history"><small>[The opposing Pelipper's Drizzle]</small><br><small>It started to rain!</small><br></div><div class="spacer battle-history"><br></div><h2 class="battle-history">Turn 1</h2><div class="spacer battle-history"><br></div><div class="battle-history">Persian used <strong>Fake Out</strong>!<br></div><div class="battle-history"><small>(The opposing Pelipper lost <abbr title="−22/261">8.4%</abbr> of its health!)</small><br></div><div class="spacer battle-history"><br></div><div class="battle-history">The opposing Pelipper flinched and couldn't move!<br></div><div class="spacer battle-history"><br></div><div class="battle-history"><small>(Rain continues to fall!)</small><br></div><div class="spacer battle-history"><br></div><h2 class="battle-history">Turn 2</h2><div class="spacer battle-history"><br></div><div class="battle-history">Persian used <strong>Parting Shot</strong>!<br></div><div class="battle-history"><small>The opposing Pelipper's Attack fell!</small><br></div><div class="battle-history"><small>The opposing Pelipper's Special Attack fell!</small><br></div><div class="spacer battle-history"><br></div><div class="battle-history">Persian, come back!<br></div><div class="battle-history">Go! <strong>Zapdos</strong>!<br></div><div class="spacer battle-history"><br></div><div class="battle-history">The opposing Pelipper used <strong>Hydro Pump</strong>!<br></div><div class="battle-history"><small>(Zapdos lost <abbr title="−271/384">70.6%</abbr> of its health!)</small><br></div><div class="spacer battle-history"><br></div><div class="battle-history"><small>(Rain continues to fall!)</small><br></div><div class="spacer battle-history"><br></div><h2 class="battle-history">Turn 3</h2><div class="spacer battle-history"><br></div><div class="battle-history">DaRKViRuZ - ΑℱΚ withdrew Pelipper!<br></div><div class="battle-history">DaRKViRuZ - ΑℱΚ sent out <strong>Swampert</strong>!<br></div><div class="spacer battle-history"><br></div><div class="battle-history">Zapdos used <strong>Roost</strong>!<br></div><div class="battle-history"><small>Zapdos restored its HP.</small><br></div><div class="spacer battle-history"><br></div><div class="battle-history"><small>(Rain continues to fall!)</small><br></div><div class="spacer battle-history"><br></div><h2 class="battle-history">Turn 4</h2><div class="spacer battle-history"><br></div><div class="battle-history"><small>The opposing Swampert's Swampertite is reacting to the Key Stone!</small><br>The opposing Swampert has Mega Evolved into Mega Swampert!<br></div><div class="spacer battle-history"><br></div><div class="battle-history">The opposing Swampert used <strong>Stealth Rock</strong>!<br></div><div class="battle-history"><small>Pointed stones float in the air around your team!</small><br></div><div class="spacer battle-history"><br></div><div class="battle-history">Zapdos used <strong>Roost</strong>!<br></div><div class="battle-history"><small>Zapdos restored its HP.</small><br></div><div class="spacer battle-history"><br></div><div class="battle-history"><small>(Rain continues to fall!)</small><br></div><div class="spacer battle-history"><br></div><h2 class="battle-history">Turn 5</h2><div class="chat message-error">DaRKViRuZ - ΑℱΚ tiene 135 segundos restantes.</div><div class="spacer battle-history"><br></div><div class="battle-history">DaRKViRuZ - ΑℱΚ withdrew Swampert!<br></div><div class="battle-history">DaRKViRuZ - ΑℱΚ sent out <strong>Tapu Lele</strong>!<br></div><div class="battle-history"><small>[The opposing Tapu Lele's Psychic Surge]</small><br><small>The battlefield got weird!</small><br></div><div class="spacer battle-history"><br></div><div class="battle-history">Zapdos used <strong>Defog</strong>!<br></div><div class="battle-history"><small>The opposing Tapu Lele's evasiveness fell!</small><br></div><div class="battle-history"><small>The pointed stones disappeared from around your team!</small><br></div><div class="spacer battle-history"><br></div><div class="battle-history"><small>The rain stopped.</small><br></div><div class="spacer battle-history"><br></div><h2 class="battle-history">Turn 6</h2><div class="spacer battle-history"><br></div><div class="battle-history">The opposing Tapu Lele used <strong>Psyshock</strong>!<br></div><div class="battle-history"><small>(Zapdos lost <abbr title="−165/384">43.0%</abbr> of its health!)</small><br></div><div class="spacer battle-history"><br></div><div class="battle-history">Zapdos used <strong>Discharge</strong>!<br></div><div class="battle-history"><small>(The opposing Tapu Lele lost <abbr title="−106/281">37.7%</abbr> of its health!)</small><br></div><div class="spacer battle-history"><br></div><h2 class="battle-history">Turn 7</h2><div class="spacer battle-history"><br></div><div class="battle-history">DaRKViRuZ - ΑℱΚ withdrew Tapu Lele!<br></div><div class="battle-history">DaRKViRuZ - ΑℱΚ sent out <strong>Ferrothorn</strong>!<br></div><div class="spacer battle-history"><br></div><div class="battle-history">Zapdos used <strong>Roost</strong>!<br></div><div class="battle-history"><small>Zapdos restored its HP.</small><br></div><div class="spacer battle-history"><br></div><h2 class="battle-history">Turn 8</h2><div class="spacer battle-history"><br></div><div class="battle-history">Zapdos used <strong>Heat Wave</strong>!<br></div><div class="battle-history"><small>It's super effective!</small><br></div><div class="battle-history"><small>(The opposing Ferrothorn lost <abbr title="−252/351">71.8%</abbr> of its health!)</small><br></div><div class="battle-history"><small>The opposing Ferrothorn was burned!</small><br></div><div class="spacer battle-history"><br></div><div class="battle-history">The opposing Ferrothorn used <strong>Leech Seed</strong>!<br></div><div class="battle-history"><small>Zapdos was seeded!</small><br></div><div class="spacer battle-history"><br></div><div class="battle-history"><small>Zapdos's health is sapped by Leech Seed!</small><br></div><div class="battle-history"><small>The opposing Ferrothorn was hurt by its burn!</small><br></div><div class="spacer battle-history"><br></div><h2 class="battle-history">Turn 9</h2><div class="spacer battle-history"><br></div><div class="battle-history">DaRKViRuZ - ΑℱΚ withdrew Ferrothorn!<br></div><div class="battle-history">DaRKViRuZ - ΑℱΚ sent out <strong>Pelipper</strong>!<br></div><div class="battle-history"><small>[The opposing Pelipper's Drizzle]</small><br><small>It started to rain!</small><br></div><div class="spacer battle-history"><br></div><div class="battle-history">Zapdos used <strong>Defog</strong>!<br></div><div class="battle-history"><small>The opposing Pelipper's evasiveness fell!</small><br></div><div class="battle-history"><small>But it failed!</small><br></div><div class="spacer battle-history"><br></div><div class="battle-history"><small>(Rain continues to fall!)</small><br></div><div class="battle-history"><small>Zapdos's health is sapped by Leech Seed!</small><br></div><div class="battle-history"><small>The weirdness disappeared from the battlefield!</small><br></div><div class="spacer battle-history"><br></div><h2 class="battle-history">Turn 10</h2><div class="spacer battle-history"><br></div><div class="battle-history">DaRKViRuZ - ΑℱΚ withdrew Pelipper!<br></div><div class="battle-history">DaRKViRuZ - ΑℱΚ sent out Swampert (<strong>Swampert-Mega</strong>)!<br></div><div class="spacer battle-history"><br></div><div class="battle-history">Zapdos used <strong>Discharge</strong>!<br></div><div class="battle-history"><small>It doesn't affect the opposing Swampert...</small><br></div><div class="spacer battle-history"><br></div><div class="battle-history"><small>(Rain continues to fall!)</small><br></div><div class="battle-history"><small>Zapdos's health is sapped by Leech Seed!</small><br></div><div class="spacer battle-history"><br></div><h2 class="battle-history">Turn 11</h2><div class="spacer battle-history"><br></div><div class="battle-history">Zapdos, come back!<br></div><div class="battle-history">Go! Persian (<strong>Persian-Alola</strong>)!<br></div><div class="spacer battle-history"><br></div><div class="battle-history">The opposing Swampert used <strong>Ice Punch</strong>!<br></div><div class="battle-history"><small>(Persian lost <abbr title="−82/334">24.6%</abbr> of its health!)</small><br></div><div class="spacer battle-history"><br></div><div class="battle-history"><small>(Rain continues to fall!)</small><br></div><div class="spacer battle-history"><br></div><h2 class="battle-history">Turn 12</h2><div class="spacer battle-history"><br></div><div class="battle-history">Persian used <strong>Fake Out</strong>!<br></div><div class="battle-history"><small>(The opposing Swampert lost <abbr title="−20/341">5.9%</abbr> of its health!)</small><br></div><div class="spacer battle-history"><br></div><div class="battle-history">The opposing Swampert flinched and couldn't move!<br></div><div class="spacer battle-history"><br></div><div class="battle-history"><small>(Rain continues to fall!)</small><br></div><div class="spacer battle-history"><br></div><h2 class="battle-history">Turn 13</h2><div class="spacer battle-history"><br></div><div class="battle-history">The opposing Swampert used <strong>Stealth Rock</strong>!<br></div><div class="battle-history"><small>Pointed stones float in the air around your team!</small><br></div><div class="spacer battle-history"><br></div><div class="battle-history">Persian used <strong>Parting Shot</strong>!<br></div><div class="battle-history"><small>The opposing Swampert's Attack fell!</small><br></div><div class="battle-history"><small>The opposing Swampert's Special Attack fell!</small><br></div><div class="spacer battle-history"><br></div><div class="battle-history">Persian, come back!<br></div><div class="battle-history">Go! <strong>Zapdos</strong>!<br></div><div class="battle-history"><small>Pointed stones dug into Zapdos!</small><br></div><div class="spacer battle-history"><br></div><div class="battle-history"><small>The rain stopped.</small><br></div><div class="spacer battle-history"><br></div><h2 class="battle-history">Turn 14</h2><div class="spacer battle-history"><br></div><div class="battle-history">The opposing Swampert used <strong>Ice Punch</strong>!<br></div><div class="battle-history"><small>It's super effective!</small><br></div><div class="battle-history"><small>(Zapdos lost <abbr title="−120/384">31.3%</abbr> of its health!)</small><br></div><div class="battle-history"><small>The opposing Swampert was hurt by the Rocky Helmet!</small><br></div><div class="spacer battle-history"><br></div><div class="battle-history">Zapdos used <strong>Defog</strong>!<br></div><div class="battle-history"><small>The opposing Swampert's evasiveness fell!</small><br></div><div class="battle-history"><small>The pointed stones disappeared from around your team!</small><br></div><div class="spacer battle-history"><br></div><h2 class="battle-history">Turn 15</h2><div class="chat message-error">cacoluis2005 tiene 135 segundos restantes.</div><div class="spacer battle-history"><br></div><div class="battle-history">Zapdos, come back!<br></div><div class="battle-history">Go! Persian (<strong>Persian-Alola</strong>)!<br></div><div class="spacer battle-history"><br></div><div class="battle-history">The opposing Swampert used <strong>Ice Punch</strong>!<br></div><div class="battle-history"><small>(Persian lost <abbr title="−60/334">18.0%</abbr> of its health!)</small><br></div><div class="spacer battle-history"><br></div><h2 class="battle-history">Turn 16</h2><div class="spacer battle-history"><br></div><div class="battle-history"><small>Persian surrounded itself with its Z-Power!</small><br></div><div class="spacer battle-history"><br></div><div class="battle-history">Persian used <strong>Z-Parting Shot</strong>!<br></div><div class="battle-history"><small>The opposing Swampert's Attack fell!</small><br></div><div class="battle-history"><small>The opposing Swampert's Special Attack fell!</small><br></div><div class="battle-history"><small>Persian will restore its replacement's HP using its Z-Power!</small><br></div><div class="spacer battle-history"><br></div><div class="battle-history">Persian, come back!<br></div><div class="battle-history">Go! <strong>Zapdos</strong>!<br></div><div class="battle-history"><small>Zapdos's HP was restored by the Z-Power!</small><br></div><div class="spacer battle-history"><br></div><div class="battle-history">The opposing Swampert used <strong>Stealth Rock</strong>!<br></div><div class="battle-history"><small>Pointed stones float in the air around your team!</small><br></div><div class="spacer battle-history"><br></div><h2 class="battle-history">Turn 17</h2><div class="spacer battle-history"><br></div><div class="battle-history">DaRKViRuZ - ΑℱΚ withdrew Swampert!<br></div><div class="battle-history">DaRKViRuZ - ΑℱΚ sent out <strong>Pelipper</strong>!<br></div><div class="battle-history"><small>[The opposing Pelipper's Drizzle]</small><br><small>It started to rain!</small><br></div><div class="spacer battle-history"><br></div><div class="battle-history">Zapdos used <strong>Defog</strong>!<br></div><div class="battle-history"><small>The opposing Pelipper's evasiveness fell!</small><br></div><div class="battle-history"><small>The pointed stones disappeared from around your team!</small><br></div><div class="spacer battle-history"><br></div><div class="battle-history"><small>(Rain continues to fall!)</small><br></div><div class="spacer battle-history"><br></div><h2 class="battle-history">Turn 18</h2><div class="spacer battle-history"><br></div><div class="battle-history">DaRKViRuZ - ΑℱΚ withdrew Pelipper!<br></div><div class="battle-history">DaRKViRuZ - ΑℱΚ sent out Swampert (<strong>Swampert-Mega</strong>)!<br></div><div class="spacer battle-history"><br></div><div class="battle-history">Zapdos used <strong>Discharge</strong>!<br></div><div class="battle-history"><small>It doesn't affect the opposing Swampert...</small><br></div><div class="spacer battle-history"><br></div><div class="battle-history"><small>(Rain continues to fall!)</small><br></div><div class="spacer battle-history"><br></div><h2 class="battle-history">Turn 19</h2><div class="spacer battle-history"><br></div><div class="battle-history">Zapdos, come back!<br></div><div class="battle-history">Go! Persian (<strong>Persian-Alola</strong>)!<br></div><div class="spacer battle-history"><br></div><div class="battle-history">The opposing Swampert used <strong>Stealth Rock</strong>!<br></div><div class="battle-history"><small>Pointed stones float in the air around your team!</small><br></div><div class="spacer battle-history"><br></div><div class="battle-history"><small>(Rain continues to fall!)</small><br></div><div class="spacer battle-history"><br></div><h2 class="battle-history">Turn 20</h2><div class="spacer battle-history"><br></div><div class="battle-history">Persian used <strong>Fake Out</strong>!<br></div><div class="battle-history"><small>(The opposing Swampert lost <abbr title="−21/341">6.2%</abbr> of its health!)</small><br></div><div class="spacer battle-history"><br></div><div class="battle-history">The opposing Swampert flinched and couldn't move!<br></div><div class="spacer battle-history"><br></div><div class="battle-history"><small>(Rain continues to fall!)</small><br></div><div class="spacer battle-history"><br></div><h2 class="battle-history">Turn 21</h2><div class="spacer battle-history"><br></div><div class="battle-history">The opposing Swampert used <strong>Waterfall</strong>!<br></div><div class="battle-history"><small>(Persian lost <abbr title="−184/334">55.1%</abbr> of its health!)</small><br></div><div class="spacer battle-history"><br></div><div class="battle-history">Persian flinched and couldn't move!<br></div><div class="spacer battle-history"><br></div><div class="battle-history"><small>The rain stopped.</small><br></div><div class="spacer battle-history"><br></div><h2 class="battle-history">Turn 22</h2><div class="spacer battle-history"><br></div><div class="battle-history">Persian used <strong>Toxic</strong>!<br></div><div class="battle-history"><small>The opposing Swampert was badly poisoned!</small><br></div><div class="spacer battle-history"><br></div><div class="battle-history">The opposing Swampert used <strong>Waterfall</strong>!<br></div><div class="battle-history"><small>(Persian lost <abbr title="−8/334">2.4%</abbr> of its health!)</small><br></div><div class="spacer battle-history"><br></div><div class="battle-history">Persian fainted!<br></div><div class="spacer battle-history"><br></div><div class="battle-history"><small>The opposing Swampert was hurt by poison!</small><br></div><div class="spacer battle-history"><br></div><div class="battle-history">Go! <strong>Zapdos</strong>!<br></div><div class="battle-history"><small>Pointed stones dug into Zapdos!</small><br></div><div class="spacer battle-history"><br></div><h2 class="battle-history">Turn 23</h2><div class="spacer battle-history"><br></div><div class="battle-history">DaRKViRuZ - ΑℱΚ withdrew Swampert!<br></div><div class="battle-history">DaRKViRuZ - ΑℱΚ sent out <strong>Pelipper</strong>!<br></div><div class="battle-history"><small>[The opposing Pelipper's Drizzle]</small><br><small>It started to rain!</small><br></div><div class="spacer battle-history"><br></div><div class="battle-history">Zapdos used <strong>Defog</strong>!<br></div><div class="battle-history"><small>The opposing Pelipper's evasiveness fell!</small><br></div><div class="battle-history"><small>The pointed stones disappeared from around your team!</small><br></div><div class="spacer battle-history"><br></div><div class="battle-history"><small>(Rain continues to fall!)</small><br></div><div class="spacer battle-history"><br></div><h2 class="battle-history">Turn 24</h2><div class="spacer battle-history"><br></div><div class="battle-history">Zapdos, come back!<br></div><div class="battle-history">Go! Muk (<strong>Muk-Alola</strong>)!<br></div><div class="spacer battle-history"><br></div><div class="battle-history">DaRKViRuZ - ΑℱΚ withdrew Pelipper!<br></div><div class="battle-history">DaRKViRuZ - ΑℱΚ sent out Swampert (<strong>Swampert-Mega</strong>)!<br></div><div class="spacer battle-history"><br></div><div class="battle-history"><small>(Rain continues to fall!)</small><br></div><div class="battle-history"><small>The opposing Swampert was hurt by poison!</small><br></div><div class="spacer battle-history"><br></div><h2 class="battle-history">Turn 25</h2><div class="spacer battle-history"><br></div><div class="battle-history">Muk, come back!<br></div><div class="battle-history">Go! <strong>Zapdos</strong>!<br></div><div class="spacer battle-history"><br></div><div class="battle-history">The opposing Swampert used <strong>Stealth Rock</strong>!<br></div><div class="battle-history"><small>Pointed stones float in the air around your team!</small><br></div><div class="spacer battle-history"><br></div><div class="battle-history"><small>(Rain continues to fall!)</small><br></div><div class="battle-history"><small>The opposing Swampert was hurt by poison!</small><br></div><div class="spacer battle-history"><br></div><h2 class="battle-history">Turn 26</h2><div class="spacer battle-history"><br></div><div class="battle-history">The opposing Swampert used <strong>Waterfall</strong>!<br></div><div class="battle-history"><small>(Zapdos lost <abbr title="−205/384">53.4%</abbr> of its health!)</small><br></div><div class="battle-history"><small>The opposing Swampert was hurt by the Rocky Helmet!</small><br></div><div class="spacer battle-history"><br></div><div class="battle-history">Zapdos used <strong>Defog</strong>!<br></div><div class="battle-history"><small>The opposing Swampert's evasiveness fell!</small><br></div><div class="battle-history"><small>The pointed stones disappeared from around your team!</small><br></div><div class="spacer battle-history"><br></div><div class="battle-history"><small>(Rain continues to fall!)</small><br></div><div class="battle-history"><small>The opposing Swampert was hurt by poison!</small><br></div><div class="spacer battle-history"><br></div><h2 class="battle-history">Turn 27</h2><div class="spacer battle-history"><br></div><div class="battle-history">The opposing Swampert used <strong>Waterfall</strong>!<br></div><div class="battle-history"><small>(Zapdos lost <abbr title="−83/384">21.6%</abbr> of its health!)</small><br></div><div class="battle-history"><small>The opposing Swampert was hurt by the Rocky Helmet!</small><br></div><div class="spacer battle-history"><br></div><div class="battle-history">Zapdos fainted!<br></div><div class="battle-history">The opposing Swampert fainted!<br></div><div class="spacer battle-history"><br></div><div class="battle-history"><small>The rain stopped.</small><br></div><div class="spacer battle-history"><br></div><div class="battle-history">DaRKViRuZ - ΑℱΚ sent out <strong>Pelipper</strong>!<br></div><div class="spacer battle-history"><br></div><div class="battle-history">Go! <strong>Gardevoir</strong>!<br></div><div class="battle-history"><small>[The opposing Pelipper's Drizzle]</small><br><small>It started to rain!</small><br></div><div class="spacer battle-history"><br></div><h2 class="battle-history">Turn 28</h2><div class="spacer battle-history"><br></div><div class="battle-history"><small>Gardevoir's Gardevoirite is reacting to the Key Stone!</small><br>Gardevoir has Mega Evolved into Mega Gardevoir!<br></div><div class="spacer battle-history"><br></div><div class="battle-history">Gardevoir used <strong>Calm Mind</strong>!<br></div><div class="battle-history"><small>Gardevoir's Special Attack rose!</small><br></div><div class="battle-history"><small>Gardevoir's Special Defense rose!</small><br></div><div class="spacer battle-history"><br></div><div class="battle-history">The opposing Pelipper used <strong>Hydro Pump</strong>!<br></div><div class="battle-history"><small>Gardevoir avoided the attack!</small><br></div><div class="spacer battle-history"><br></div><div class="battle-history"><small>(Rain continues to fall!)</small><br></div><div class="spacer battle-history"><br></div><h2 class="battle-history">Turn 29</h2><div class="spacer battle-history"><br></div><div class="battle-history">Gardevoir used <strong>Hyper Voice</strong>!<br></div><div class="battle-history"><small>(The opposing Pelipper lost <abbr title="−261/261">100%</abbr> of its health!)</small><br></div><div class="spacer battle-history"><br></div><div class="battle-history">The opposing Pelipper fainted!<br></div><div class="spacer battle-history"><br></div><div class="battle-history"><small>(Rain continues to fall!)</small><br></div><div class="chat chatmessage-darkviruz"><strong style="color:hsl(216,75%,49.56149533814376%)"><small>☆</small><span class="username" data-name="DaRKViRuZ - ΑℱΚ">DaRKViRuZ - ΑℱΚ</span>:</strong> <em>no jodas</em></div><div class="chat chatmessage-darkviruz"><strong style="color:hsl(216,75%,49.56149533814376%)"><small>☆</small><span class="username" data-name="DaRKViRuZ - ΑℱΚ">DaRKViRuZ - ΑℱΚ</span>:</strong> <em>...</em></div><div class="spacer battle-history"><br></div><div class="battle-history">DaRKViRuZ - ΑℱΚ sent out <strong>Ferrothorn</strong>!<br></div><div class="spacer battle-history"><br></div><h2 class="battle-history">Turn 30</h2><div class="spacer battle-history"><br></div><div class="battle-history">Gardevoir used <strong>Hyper Voice</strong>!<br></div><div class="battle-history"><small>It's not very effective...</small><br></div><div class="battle-history"><small>(The opposing Ferrothorn lost <abbr title="−118/351">33.6%</abbr> of its health!)</small><br></div><div class="spacer battle-history"><br></div><div class="battle-history">The opposing Ferrothorn used <strong>Gyro Ball</strong>!<br></div><div class="battle-history"><small>It's super effective!</small><br></div><div class="battle-history"><small>(Gardevoir lost <abbr title="−241/277">87.0%</abbr> of its health!)</small><br></div><div class="spacer battle-history"><br></div><div class="battle-history"><small>(Rain continues to fall!)</small><br></div><div class="battle-history"><small>The opposing Ferrothorn was hurt by its burn!</small><br></div><div class="spacer battle-history"><br></div><div class="battle-history">The opposing Ferrothorn fainted!<br></div><div class="spacer battle-history"><br></div><div class="battle-history">DaRKViRuZ - ΑℱΚ sent out <strong>Greninja</strong>!<br></div><div class="spacer battle-history"><br></div><h2 class="battle-history">Turn 31</h2><div class="spacer battle-history"><br></div><div class="battle-history">The opposing Greninja used <strong>Water Shuriken</strong>!<br></div><div class="battle-history"><small>(Gardevoir lost <abbr title="−19/277">6.9%</abbr> of its health!)</small><br></div><div class="battle-history"><small>(Gardevoir lost <abbr title="−17/277">6.1%</abbr> of its health!)</small><br></div><div class="battle-history"><small>Hit 2 times!</small><br></div><div class="spacer battle-history"><br></div><div class="battle-history">Gardevoir fainted!<br></div><div class="battle-history"><small>[The opposing Greninja's Battle Bond]</small><br><small>The opposing Greninja became fully charged due to its bond with its Trainer!</small><br></div><div class="battle-history">The opposing Greninja became Ash-Greninja!<br></div><div class="spacer battle-history"><br></div><div class="battle-history"><small>(Rain continues to fall!)</small><br></div><div class="spacer battle-history"><br></div><div class="battle-history">Go! <strong>Conkeldurr</strong>!<br></div><div class="spacer battle-history"><br></div><h2 class="battle-history">Turn 32</h2><div class="chat message-error">DaRKViRuZ - ΑℱΚ tiene 135 segundos restantes.</div><div class="spacer battle-history"><br></div><div class="battle-history">DaRKViRuZ - ΑℱΚ withdrew Greninja!<br></div><div class="battle-history">DaRKViRuZ - ΑℱΚ sent out <strong>Tapu Lele</strong>!<br></div><div class="battle-history"><small>[The opposing Tapu Lele's Psychic Surge]</small><br><small>The battlefield got weird!</small><br></div><div class="spacer battle-history"><br></div><div class="battle-history">Conkeldurr used <strong>Mach Punch</strong>!<br></div><div class="battle-history"><small>The opposing Tapu Lele surrounds itself with psychic terrain!</small><br></div><div class="spacer battle-history"><br></div><div class="battle-history"><small>The rain stopped.</small><br></div><div class="spacer battle-history"><br></div><h2 class="battle-history">Turn 33</h2><div class="spacer battle-history"><br></div><div class="battle-history">Conkeldurr, come back!<br></div><div class="battle-history">Go! Muk (<strong>Muk-Alola</strong>)!<br></div><div class="spacer battle-history"><br></div><div class="battle-history">The opposing Tapu Lele used <strong>Moonblast</strong>!<br></div><div class="battle-history"><small>(Muk lost <abbr title="−141/414">34.1%</abbr> of its health!)</small><br></div><div class="battle-history"><small>Muk's Special Attack fell!</small><br></div><div class="spacer battle-history"><br></div><h2 class="battle-history">Turn 34</h2><div class="spacer battle-history"><br></div><div class="battle-history">The opposing Tapu Lele used <strong>Moonblast</strong>!<br></div><div class="battle-history"><small>(Muk lost <abbr title="−154/414">37.2%</abbr> of its health!)</small><br></div><div class="battle-history"><small>Muk's Special Attack fell!</small><br></div><div class="spacer battle-history"><br></div><div class="battle-history">Muk used <strong>Poison Jab</strong>!<br></div><div class="battle-history"><small>It's super effective!</small><br></div><div class="battle-history"><small>(The opposing Tapu Lele lost <abbr title="−175/281">62.3%</abbr> of its health!)</small><br></div><div class="spacer battle-history"><br></div><div class="battle-history">The opposing Tapu Lele fainted!<br></div><div class="spacer battle-history"><br></div><div class="battle-history">DaRKViRuZ - ΑℱΚ sent out <strong>Hawlucha</strong>!<br></div><div class="battle-history"><small>(The opposing Hawlucha used its Psychic Seed!)</small><br></div><div class="battle-history"><small>The opposing Hawlucha's Special Defense rose!</small><br></div><div class="spacer battle-history"><br></div><h2 class="battle-history">Turn 35</h2><div class="spacer battle-history"><br></div><div class="battle-history">The opposing Hawlucha used <strong>Swords Dance</strong>!<br></div><div class="battle-history"><small>The opposing Hawlucha's Attack rose sharply!</small><br></div><div class="spacer battle-history"><br></div><div class="battle-history">Muk used <strong>Poison Jab</strong>!<br></div><div class="battle-history"><small>(The opposing Hawlucha lost <abbr title="−163/336">48.5%</abbr> of its health!)</small><br></div><div class="battle-history"><small>[Muk's Poison Touch]</small><br><small>The opposing Hawlucha was poisoned!</small><br></div><div class="spacer battle-history"><br></div><div class="battle-history"><small>The opposing Hawlucha was hurt by poison!</small><br></div><div class="spacer battle-history"><br></div><h2 class="battle-history">Turn 36</h2><div class="chat chatmessage-darkviruz"><strong style="color:hsl(216,75%,49.56149533814376%)"><small>☆</small><span class="username" data-name="DaRKViRuZ - ΑℱΚ">DaRKViRuZ - ΑℱΚ</span>:</strong> <em>.-.</em></div><div class="spacer battle-history"><br></div><div class="battle-history">Muk used <strong>Shadow Sneak</strong>!<br></div><div class="battle-history"><small>(The opposing Hawlucha lost <abbr title="−47/336">14.0%</abbr> of its health!)</small><br></div><div class="spacer battle-history"><br></div><div class="battle-history">The opposing Hawlucha used <strong>Acrobatics</strong>!<br></div><div class="battle-history"><small>(Muk lost <abbr title="−119/414">28.7%</abbr> of its health!)</small><br></div><div class="spacer battle-history"><br></div><div class="battle-history">Muk fainted!<br></div><div class="spacer battle-history"><br></div><div class="battle-history"><small>The opposing Hawlucha was hurt by poison!</small><br></div><div class="battle-history"><small>The weirdness disappeared from the battlefield!</small><br></div><div class="spacer battle-history"><br></div><div class="battle-history">Go! <strong>Zygarde</strong>!<br></div><div class="battle-history"><small>[Zygarde's Aura Break]</small><br><small>Zygarde reversed all other Pokémon's auras!</small><br></div><div class="spacer battle-history"><br></div><h2 class="battle-history">Turn 37</h2><div class="spacer battle-history"><br></div><div class="battle-history">Zygarde used <strong>Extreme Speed</strong>!<br></div><div class="battle-history"><small>(The opposing Hawlucha lost <abbr title="−42/336">12.5%</abbr> of its health!)</small><br></div><div class="spacer battle-history"><br></div><div class="battle-history">The opposing Hawlucha fainted!<br></div><div class="chat chatmessage-darkviruz"><strong style="color:hsl(216,75%,49.56149533814376%)"><small>☆</small><span class="username" data-name="DaRKViRuZ - ΑℱΚ">DaRKViRuZ - ΑℱΚ</span>:</strong> <em>dios la hax</em></div><div class="spacer battle-history"><br></div><div class="battle-history">DaRKViRuZ - ΑℱΚ sent out Greninja (<strong>Greninja-Ash</strong>)!<br></div><div class="spacer battle-history"><br></div><h2 class="battle-history">Turn 38</h2><div class="spacer battle-history"><br></div><div class="battle-history">Zygarde used <strong>Extreme Speed</strong>!<br></div><div class="battle-history"><small>(The opposing Greninja lost <abbr title="−117/285">41.1%</abbr> of its health!)</small><br></div><div class="battle-history"><small>The opposing Greninja surrounded itself with its Z-Power!</small><br></div><div class="spacer battle-history"><br></div><div class="battle-history">The opposing Greninja used <strong>Hydro Vortex</strong>!<br></div><div class="battle-history"><small>(Zygarde lost <abbr title="−357/357">100%</abbr> of its health!)</small><br></div><div class="spacer battle-history"><br></div><div class="battle-history">Zygarde fainted!<br></div><div class="spacer battle-history"><br></div><div class="battle-history">Go! <strong>Conkeldurr</strong>!<br></div><div class="spacer battle-history"><br></div><h2 class="battle-history">Turn 39</h2><div class="chat chatmessage-cacoluis2005"><strong style="color:hsl(240,43%,66.10251853369496%)"><small>☆</small><span class="username" data-name="cacoluis2005">cacoluis2005</span>:</strong> <em>gg</em></div><div class="spacer battle-history"><br></div><div class="battle-history">Conkeldurr used <strong>Mach Punch</strong>!<br></div><div class="battle-history"><small>It's super effective!</small><br></div><div class="battle-history"><small>(The opposing Greninja lost <abbr title="−168/285">58.9%</abbr> of its health!)</small><br></div><div class="spacer battle-history"><br></div><div class="battle-history">The opposing Greninja fainted!<br></div><div class="spacer battle-history"><br></div><div class="battle-history"><strong>cacoluis2005</strong> won the battle!<br></div><div class="chat">cacoluis2005 ha ganado 8 PokeDolares.</div><div class="chat">Puntaje de cacoluis2005: 1321 → <strong>1351</strong><br>(+30 por ganar)</div><div class="chat">Puntaje de DaRKViRuZ - ΑℱΚ: 1387 → <strong>1363</strong><br>(-24 por perder)</div><div class="chat chatmessage-darkviruz"><strong style="color:hsl(216,75%,49.56149533814376%)"><small>☆</small><span class="username" data-name="DaRKViRuZ - ΑℱΚ">DaRKViRuZ - ΑℱΚ</span>:</strong> <em>gg nada</em></div><div class="chat chatmessage-darkviruz"><strong style="color:hsl(216,75%,49.56149533814376%)"><small>☆</small><span class="username" data-name="DaRKViRuZ - ΑℱΚ">DaRKViRuZ - ΑℱΚ</span>:</strong> <em>lol</em></div></div><div class="inner-preempt"></div></div></div>
</div>
<script>
let daily = Math.floor(Date.now()/1000/60/60/24);document.write('<script src="https://play.pokemonshowdown.com/js/replay-embed.js?version'+daily+'"></'+'script>');
</script>
