<!DOCTYPE html>
<meta charset="utf-8" />
<!-- version 1 -->
<title>OU replay: James Black Blood vs. Zen0220</title>
<style>
html,body {font-family:Verdana, sans-serif;font-size:10pt;margin:0;padding:0;}body{padding:12px 0;} .battle-log {font-family:Verdana, sans-serif;font-size:10pt;} .battle-log-inline {border:1px solid #AAAAAA;background:#EEF2F5;color:black;max-width:640px;margin:0 auto 80px;padding-bottom:5px;} .battle-log .inner {padding:4px 8px 0px 8px;} .battle-log .inner-preempt {padding:0 8px 4px 8px;} .battle-log .inner-after {margin-top:0.5em;} .battle-log h2 {margin:0.5em -8px;padding:4px 8px;border:1px solid #AAAAAA;background:#E0E7EA;border-left:0;border-right:0;font-family:Verdana, sans-serif;font-size:13pt;} .battle-log .chat {vertical-align:middle;padding:3px 0 3px 0;font-size:8pt;} .battle-log .chat strong {color:#40576A;} .battle-log .chat em {padding:1px 4px 1px 3px;color:#000000;font-style:normal;} .chat.mine {background:rgba(0,0,0,0.05);margin-left:-8px;margin-right:-8px;padding-left:8px;padding-right:8px;} .spoiler {color:#BBBBBB;background:#BBBBBB;padding:0px 3px;} .spoiler:hover, .spoiler:active, .spoiler-shown {color:#000000;background:#E2E2E2;padding:0px 3px;} .spoiler a {color:#BBBBBB;} .spoiler:hover a, .spoiler:active a, .spoiler-shown a {color:#2288CC;} .chat code, .chat .spoiler:hover code, .chat .spoiler:active code, .chat .spoiler-shown code {border:1px solid #C0C0C0;background:#EEEEEE;color:black;padding:0 2px;} .chat .spoiler code {border:1px solid #CCCCCC;background:#CCCCCC;color:#CCCCCC;} .battle-log .rated {padding:3px 4px;} .battle-log .rated strong {color:white;background:#89A;padding:1px 4px;border-radius:4px;} .spacer {margin-top:0.5em;} .message-announce {background:#6688AA;color:white;padding:1px 4px 2px;} .message-announce a, .broadcast-green a, .broadcast-blue a, .broadcast-red a {color:#DDEEFF;} .broadcast-green {background-color:#559955;color:white;padding:2px 4px;} .broadcast-blue {background-color:#6688AA;color:white;padding:2px 4px;} .infobox {border:1px solid #6688AA;padding:2px 4px;} .infobox-limited {max-height:200px;overflow:auto;overflow-x:hidden;} .broadcast-red {background-color:#AA5544;color:white;padding:2px 4px;} .message-learn-canlearn {font-weight:bold;color:#228822;text-decoration:underline;} .message-learn-cannotlearn {font-weight:bold;color:#CC2222;text-decoration:underline;} .message-effect-weak {font-weight:bold;color:#CC2222;} .message-effect-resist {font-weight:bold;color:#6688AA;} .message-effect-immune {font-weight:bold;color:#666666;} .message-learn-list {margin-top:0;margin-bottom:0;} .message-throttle-notice, .message-error {color:#992222;} .message-overflow, .chat small.message-overflow {font-size:0pt;} .message-overflow::before {font-size:9pt;content:'...';} .subtle {color:#3A4A66;}
</style>
<div class="wrapper replay-wrapper" style="max-width:1180px;margin:0 auto">
<input type="hidden" name="replayid" value="destiny-ou-483842" />
<div class="battle"></div><div class="battle-log"></div><div class="replay-controls"></div><div class="replay-controls-2"></div>
<h1 style="font-weight:normal;text-align:center"><strong>OU</strong><br /><a href="http://pokemonshowdown.com/users/jamesblackblood" class="subtle" target="_blank">James Black Blood</a> vs. <a href="http://pokemonshowdown.com/users/zen0220" class="subtle" target="_blank">Zen0220</a></h1>
<script type="text/plain" class="battle-log-data">|player|p1|James Black Blood|99
|teamsize|p1|6
|player|p2|Zen0220|1090
|teamsize|p2|6
|teamsize|p1|6
|teamsize|p2|6
|gametype|singles
|gen|7
|tier|OU
|seed|60368,38555,14662,57724
|rule|Cláusula-Mod de Dormir: solo puedes dormir a uno de tus oponentes a la vez.
|rule|Cláusula de Especie: Hasta un Pokémon de cada especie
|rule|Cláusula de Golpe Fulminante: los movimientos fulminantes (OHKO) estan prohibidos
|rule|Cláusula de Veleta: la habilidad Veleta está prohibida
|rule|Cláusula de Movimientos Evasivos: los movimientos de Evasión están prohibidos.
|rule|Cláusula de Batallas Eternas: forzar batallas eternas está prohibido
|clearpoke
|poke|p1|Araquanid, M, shiny|item
|poke|p1|Galvantula, F|item
|poke|p1|Pinsir, M, shiny|item
|poke|p1|Escavalier, F, shiny|item
|poke|p1|Armaldo, M, shiny|item
|poke|p1|Volcarona, F|item
|poke|p2|Dragalge, F|item
|poke|p2|Druddigon, M|item
|poke|p2|Salamence, M|item
|poke|p2|Hydreigon, M|item
|poke|p2|Charizard, M|item
|poke|p2|Turtonator, M|item
|teampreview|undefined
|choice|*team 523416|*
|choice|*team 213456|*
|choice|*|*team 213456
|choice|team 2, 1, 3, 4, 5, 6|team 2, 1, 3, 4, 5, 6
|
|start
|switch|p1a: Galvantula|Galvantula, F|281\/281
|switch|p2a: Druddigon|Druddigon, M|358\/358
|turn|1
|choice|*|*move 1
|choice|*move 4|*
|choice|move stickyweb|move glare
|
|move|p1a: Galvantula|Sticky Web|p2a: Druddigon
|-sidestart|p2: Zen0220|move: Sticky Web
|move|p2a: Druddigon|Glare|p1a: Galvantula
|-immune|p1a: Galvantula|[msg]
|
|upkeep
|turn|2
|choice|*move 3|*
|choice|*|*move 2
|choice|move voltswitch|move stealthrock
|
|move|p1a: Galvantula|Volt Switch|p2a: Druddigon
|-resisted|p2a: Druddigon
|-damage|p2a: Druddigon|315\/358
|choice|*switch 5|*
|choice|switch 5|
|
|switch|p1a: Armaldo|Armaldo, M, shiny|354\/354|[from]move: Volt Switch
|move|p2a: Druddigon|Stealth Rock|p1a: Armaldo
|-sidestart|p1: James Black Blood|move: Stealth Rock
|
|upkeep
|turn|3
|choice|*|*move 1
|choice|*move 3|*
|choice|move stealthrock|move glare
|
|move|p2a: Druddigon|Glare|p1a: Armaldo
|-status|p1a: Armaldo|par
|move|p1a: Armaldo|Stealth Rock|p2a: Druddigon
|-sidestart|p2: Zen0220|move: Stealth Rock
|
|upkeep
|turn|4
|choice|*move 4|*
|choice|*|*move 4
|choice|move rapidspin|move roar
|
|move|p1a: Armaldo|Rapid Spin|p2a: Druddigon
|-damage|p2a: Druddigon|293\/358
|-damage|p1a: Armaldo|310\/354 par|[from] ability: Rough Skin|[of] p2a: Druddigon
|-damage|p1a: Armaldo|251\/354 par|[from] item: Rocky Helmet|[of] p2a: Druddigon
|-sideend|p1: James Black Blood|Stealth Rock|[from] move: Rapid Spin|[of] p1a: Armaldo
|move|p2a: Druddigon|Roar|p1a: Armaldo
|drag|p1a: Galvantula|Galvantula, F|281\/281
|
|upkeep
|turn|5
|choice|*move 1|*
|choice|*|*move 3
|choice|move thunder|move dragonclaw
|
|move|p1a: Galvantula|Thunder|p2a: Druddigon
|-resisted|p2a: Druddigon
|-damage|p2a: Druddigon|224\/358
|move|p2a: Druddigon|Dragon Claw|p1a: Galvantula
|-damage|p1a: Galvantula|121\/281
|
|upkeep
|turn|6
|choice|*move 3|*
|choice|*|*move 3
|choice|move voltswitch|move dragonclaw
|
|move|p1a: Galvantula|Volt Switch|p2a: Druddigon
|-resisted|p2a: Druddigon
|-damage|p2a: Druddigon|178\/358
|choice|*switch 5|*
|choice|switch 5|
|
|switch|p1a: Armaldo|Armaldo, M, shiny|251\/354 par|[from]move: Volt Switch
|move|p2a: Druddigon|Dragon Claw|p1a: Armaldo
|-damage|p1a: Armaldo|133\/354 par
|-damage|p2a: Druddigon|119\/358|[from] item: Rocky Helmet|[of] p1a: Armaldo
|
|upkeep
|turn|7
|choice|*move 1|*
|choice|*|*move 3
|choice|move stoneedge|move dragonclaw
|
|move|p2a: Druddigon|Dragon Claw|p1a: Armaldo
|-damage|p1a: Armaldo|19\/354 par
|-damage|p2a: Druddigon|60\/358|[from] item: Rocky Helmet|[of] p1a: Armaldo
|move|p1a: Armaldo|Stone Edge|p2a: Druddigon
|-damage|p2a: Druddigon|0 fnt
|faint|p2a: Druddigon
|
|upkeep
|choice|*|*switch 4
|choice||switch 4
|
|switch|p2a: Hydreigon|Hydreigon, M|388\/388
|-damage|p2a: Hydreigon|340\/388|[from] Stealth Rock
|turn|8
|choice|*|*move 3
|choice|*move 2|*
|choice|move xscissor|move triattack
|
|move|p2a: Hydreigon|Tri Attack|p1a: Armaldo
|-resisted|p1a: Armaldo
|-damage|p1a: Armaldo|0 fnt
|faint|p1a: Armaldo
|
|upkeep
|choice|*switch 4|*
|choice|switch 4|
|
|switch|p1a: Escavalier|Escavalier, F, shiny|344\/344
|turn|9
|choice|*|*move 1
|choice|*move 2|*
|choice|move knockoff|move flamethrower
|
|move|p2a: Hydreigon|Flamethrower|p1a: Escavalier
|-supereffective|p1a: Escavalier
|-damage|p1a: Escavalier|0 fnt
|faint|p1a: Escavalier
|
|upkeep
|choice|*switch 2|*
|choice|switch 2|
|
|switch|p1a: Araquanid|Araquanid, M, shiny|340\/340
|turn|10
|choice|*|*move 3
|choice|*move 2|*
|choice|move liquidation|move triattack
|
|move|p2a: Hydreigon|Tri Attack|p1a: Araquanid
|-damage|p1a: Araquanid|287\/340
|move|p1a: Araquanid|Liquidation|p2a: Hydreigon
|-resisted|p2a: Hydreigon
|-damage|p2a: Hydreigon|241\/388
|
|upkeep
|turn|11
|choice|*|*move 3
|choice|*move 1|*
|choice|move leechlife|move triattack
|
|move|p2a: Hydreigon|Tri Attack|p1a: Araquanid
|-damage|p1a: Araquanid|237\/340
|move|p1a: Araquanid|Leech Life|p2a: Hydreigon
|-supereffective|p2a: Hydreigon
|-damage|p2a: Hydreigon|49\/388
|-heal|p1a: Araquanid|333\/340|[from] drain|[of] p2a: Hydreigon
|
|upkeep
|turn|12
|choice|*move 1|*
|choice|*|*move 3
|choice|move leechlife|move triattack
|
|move|p2a: Hydreigon|Tri Attack|p1a: Araquanid
|-damage|p1a: Araquanid|288\/340
|move|p1a: Araquanid|Leech Life|p2a: Hydreigon
|-supereffective|p2a: Hydreigon
|-damage|p2a: Hydreigon|0 fnt
|-heal|p1a: Araquanid|313\/340|[from] drain|[of] p2a: Hydreigon
|faint|p2a: Hydreigon
|
|upkeep
|choice|*|*switch 3
|choice||switch 3
|
|switch|p2a: Salamence|Salamence, M|332\/332
|-damage|p2a: Salamence|249\/332|[from] Stealth Rock
|turn|13
|choice|*|*move 2
|choice|*switch 5|*
|choice|switch 5|move dragondance
|
|switch|p1a: Galvantula|Galvantula, F|121\/281
|move|p2a: Salamence|Dragon Dance|p2a: Salamence
|-boost|p2a: Salamence|atk|1
|-boost|p2a: Salamence|spe|1
|
|upkeep
|turn|14
|choice|*move 1|*
|choice|*|*move 3
|choice|move thunder|move aerialace
|
|move|p2a: Salamence|Aerial Ace|p1a: Galvantula
|-damage|p1a: Galvantula|0 fnt
|faint|p1a: Galvantula
|-ability|p2a: Salamence|Moxie|boost
|-boost|p2a: Salamence|atk|1
|
|upkeep
|choice|*switch 3|*
|choice|switch 3|
|
|switch|p1a: Pinsir|Pinsir, M, shiny|271\/271
|turn|15
|choice|*|*move 3
|choice|*move 4 mega|*
|choice|move return mega|move aerialace
|
|-mega|p1a: Pinsir|Pinsir|Pinsirite
|detailschange|p1a: Pinsir|Pinsir-Mega, M, shiny
|move|p2a: Salamence|Aerial Ace|p1a: Pinsir
|-supereffective|p1a: Pinsir
|-crit|p1a: Pinsir
|-damage|p1a: Pinsir|0 fnt
|faint|p1a: Pinsir
|-ability|p2a: Salamence|Moxie|boost
|-boost|p2a: Salamence|atk|1
|
|upkeep
|choice|*switch 6|*
|choice|switch 6|
|
|switch|p1a: Volcarona|Volcarona, F|311\/311
|turn|16
|choice|*move 1|*
|choice|*|*move 3
|choice|move quiverdance|move aerialace
|
|move|p2a: Salamence|Aerial Ace|p1a: Volcarona
|-supereffective|p1a: Volcarona
|-damage|p1a: Volcarona|0 fnt
|faint|p1a: Volcarona
|-ability|p2a: Salamence|Moxie|boost
|-boost|p2a: Salamence|atk|1
|
|upkeep
|choice|*switch 5|*
|choice|switch 5|
|
|switch|p1a: Araquanid|Araquanid, M, shiny|313\/340
|turn|17
|choice|*move 2|*
|choice|*|*move 3
|choice|move liquidation|move aerialace
|
|move|p2a: Salamence|Aerial Ace|p1a: Araquanid
|-supereffective|p1a: Araquanid
|-damage|p1a: Araquanid|0 fnt
|faint|p1a: Araquanid
|
|win|Zen0220
</script>
</div>
<div class="battle-log battle-log-inline"><div class="inner"><div class="battle-options"></div><div class="inner"><div class=""><small>Format:</small> <br><strong>OU</strong></div><div class=""><small><em>Cláusula-Mod de Dormir:</em> solo puedes dormir a uno de tus oponentes a la vez.</small></div><div class=""><small><em>Cláusula de Especie:</em> Hasta un Pokémon de cada especie</small></div><div class=""><small><em>Cláusula de Golpe Fulminante:</em> los movimientos fulminantes (OHKO) estan prohibidos</small></div><div class=""><small><em>Cláusula de Veleta:</em> la habilidad Veleta está prohibida</small></div><div class=""><small><em>Cláusula de Movimientos Evasivos:</em> los movimientos de Evasión están prohibidos.</small></div><div class=""><small><em>Cláusula de Batallas Eternas:</em> forzar batallas eternas está prohibido</small></div><div class="chat battle-history"><strong>James Black Blood's team:</strong> <em style="color:#445566;display:block;">Araquanid / Galvantula / Pinsir / Escavalier / Armaldo / Volcarona</em></div><div class="chat battle-history"><strong>Zen0220's team:</strong> <em style="color:#445566;display:block;">Dragalge / Druddigon / Salamence / Hydreigon / Charizard / Turtonator</em></div><div class="spacer battle-history"><br></div><div class="battle-history">Battle started between James Black Blood and Zen0220!<br></div><div class="spacer battle-history"><br></div><div class="battle-history">Go! <strong>Galvantula</strong>!<br></div><div class="spacer battle-history"><br></div><div class="battle-history">Zen0220 sent out <strong>Druddigon</strong>!<br></div><div class="spacer battle-history"><br></div><h2 class="battle-history">Turn 1</h2><div class="spacer battle-history"><br></div><div class="battle-history">Galvantula used <strong>Sticky Web</strong>!<br></div><div class="battle-history"><small>A sticky web spreads out on the ground around the opposing team!</small><br></div><div class="spacer battle-history"><br></div><div class="battle-history">The opposing Druddigon used <strong>Glare</strong>!<br></div><div class="battle-history"><small>It doesn't affect Galvantula...</small><br></div><div class="spacer battle-history"><br></div><h2 class="battle-history">Turn 2</h2><div class="spacer battle-history"><br></div><div class="battle-history">Galvantula used <strong>Volt Switch</strong>!<br></div><div class="battle-history"><small>It's not very effective...</small><br></div><div class="battle-history"><small>(The opposing Druddigon lost <abbr title="−43/358">12.0%</abbr> of its health!)</small><br></div><div class="spacer battle-history"><br></div><div class="battle-history">Galvantula went back to James Black Blood!<br></div><div class="battle-history">Go! <strong>Armaldo</strong>!<br></div><div class="spacer battle-history"><br></div><div class="battle-history">The opposing Druddigon used <strong>Stealth Rock</strong>!<br></div><div class="battle-history"><small>Pointed stones float in the air around your team!</small><br></div><div class="spacer battle-history"><br></div><h2 class="battle-history">Turn 3</h2><div class="spacer battle-history"><br></div><div class="battle-history">The opposing Druddigon used <strong>Glare</strong>!<br></div><div class="battle-history"><small>Armaldo is paralyzed! It may be unable to move!</small><br></div><div class="spacer battle-history"><br></div><div class="battle-history">Armaldo used <strong>Stealth Rock</strong>!<br></div><div class="battle-history"><small>Pointed stones float in the air around the opposing team!</small><br></div><div class="spacer battle-history"><br></div><h2 class="battle-history">Turn 4</h2><div class="spacer battle-history"><br></div><div class="battle-history">Armaldo used <strong>Rapid Spin</strong>!<br></div><div class="battle-history"><small>(The opposing Druddigon lost <abbr title="−22/358">6.1%</abbr> of its health!)</small><br></div><div class="battle-history"><small>[The opposing Druddigon's Rough Skin]</small><br><small>Armaldo was hurt!</small><br></div><div class="battle-history"><small>Armaldo was hurt by the Rocky Helmet!</small><br></div><div class="battle-history"><small>The pointed stones disappeared from around your team!</small><br></div><div class="spacer battle-history"><br></div><div class="battle-history">The opposing Druddigon used <strong>Roar</strong>!<br></div><div class="spacer battle-history"><br></div><div class="battle-history"><strong>Galvantula</strong> was dragged out!<br></div><div class="spacer battle-history"><br></div><h2 class="battle-history">Turn 5</h2><div class="spacer battle-history"><br></div><div class="battle-history">Galvantula used <strong>Thunder</strong>!<br></div><div class="battle-history"><small>It's not very effective...</small><br></div><div class="battle-history"><small>(The opposing Druddigon lost <abbr title="−69/358">19.3%</abbr> of its health!)</small><br></div><div class="spacer battle-history"><br></div><div class="battle-history">The opposing Druddigon used <strong>Dragon Claw</strong>!<br></div><div class="battle-history"><small>(Galvantula lost <abbr title="−160/281">56.9%</abbr> of its health!)</small><br></div><div class="spacer battle-history"><br></div><h2 class="battle-history">Turn 6</h2><div class="spacer battle-history"><br></div><div class="battle-history">Galvantula used <strong>Volt Switch</strong>!<br></div><div class="battle-history"><small>It's not very effective...</small><br></div><div class="battle-history"><small>(The opposing Druddigon lost <abbr title="−46/358">12.8%</abbr> of its health!)</small><br></div><div class="spacer battle-history"><br></div><div class="battle-history">Galvantula went back to James Black Blood!<br></div><div class="battle-history">Go! <strong>Armaldo</strong>!<br></div><div class="spacer battle-history"><br></div><div class="battle-history">The opposing Druddigon used <strong>Dragon Claw</strong>!<br></div><div class="battle-history"><small>(Armaldo lost <abbr title="−118/354">33.3%</abbr> of its health!)</small><br></div><div class="battle-history"><small>The opposing Druddigon was hurt by the Rocky Helmet!</small><br></div><div class="spacer battle-history"><br></div><h2 class="battle-history">Turn 7</h2><div class="spacer battle-history"><br></div><div class="battle-history">The opposing Druddigon used <strong>Dragon Claw</strong>!<br></div><div class="battle-history"><small>(Armaldo lost <abbr title="−114/354">32.2%</abbr> of its health!)</small><br></div><div class="battle-history"><small>The opposing Druddigon was hurt by the Rocky Helmet!</small><br></div><div class="spacer battle-history"><br></div><div class="battle-history">Armaldo used <strong>Stone Edge</strong>!<br></div><div class="battle-history"><small>(The opposing Druddigon lost <abbr title="−60/358">16.8%</abbr> of its health!)</small><br></div><div class="spacer battle-history"><br></div><div class="battle-history">The opposing Druddigon fainted!<br></div><div class="spacer battle-history"><br></div><div class="battle-history">Zen0220 sent out <strong>Hydreigon</strong>!<br></div><div class="battle-history"><small>Pointed stones dug into the opposing Hydreigon!</small><br></div><div class="spacer battle-history"><br></div><h2 class="battle-history">Turn 8</h2><div class="spacer battle-history"><br></div><div class="battle-history">The opposing Hydreigon used <strong>Tri Attack</strong>!<br></div><div class="battle-history"><small>It's not very effective...</small><br></div><div class="battle-history"><small>(Armaldo lost <abbr title="−19/354">5.4%</abbr> of its health!)</small><br></div><div class="spacer battle-history"><br></div><div class="battle-history">Armaldo fainted!<br></div><div class="spacer battle-history"><br></div><div class="battle-history">Go! <strong>Escavalier</strong>!<br></div><div class="spacer battle-history"><br></div><h2 class="battle-history">Turn 9</h2><div class="spacer battle-history"><br></div><div class="battle-history">The opposing Hydreigon used <strong>Flamethrower</strong>!<br></div><div class="battle-history"><small>It's super effective!</small><br></div><div class="battle-history"><small>(Escavalier lost <abbr title="−344/344">100%</abbr> of its health!)</small><br></div><div class="spacer battle-history"><br></div><div class="battle-history">Escavalier fainted!<br></div><div class="spacer battle-history"><br></div><div class="battle-history">Go! <strong>Araquanid</strong>!<br></div><div class="spacer battle-history"><br></div><h2 class="battle-history">Turn 10</h2><div class="spacer battle-history"><br></div><div class="battle-history">The opposing Hydreigon used <strong>Tri Attack</strong>!<br></div><div class="battle-history"><small>(Araquanid lost <abbr title="−53/340">15.6%</abbr> of its health!)</small><br></div><div class="spacer battle-history"><br></div><div class="battle-history">Araquanid used <strong>Liquidation</strong>!<br></div><div class="battle-history"><small>It's not very effective...</small><br></div><div class="battle-history"><small>(The opposing Hydreigon lost <abbr title="−99/388">25.5%</abbr> of its health!)</small><br></div><div class="spacer battle-history"><br></div><h2 class="battle-history">Turn 11</h2><div class="spacer battle-history"><br></div><div class="battle-history">The opposing Hydreigon used <strong>Tri Attack</strong>!<br></div><div class="battle-history"><small>(Araquanid lost <abbr title="−50/340">14.7%</abbr> of its health!)</small><br></div><div class="spacer battle-history"><br></div><div class="battle-history">Araquanid used <strong>Leech Life</strong>!<br></div><div class="battle-history"><small>It's super effective!</small><br></div><div class="battle-history"><small>(The opposing Hydreigon lost <abbr title="−192/388">49.5%</abbr> of its health!)</small><br></div><div class="battle-history"><small>The opposing Hydreigon had its energy drained!</small><br></div><div class="spacer battle-history"><br></div><h2 class="battle-history">Turn 12</h2><div class="spacer battle-history"><br></div><div class="battle-history">The opposing Hydreigon used <strong>Tri Attack</strong>!<br></div><div class="battle-history"><small>(Araquanid lost <abbr title="−45/340">13.2%</abbr> of its health!)</small><br></div><div class="spacer battle-history"><br></div><div class="battle-history">Araquanid used <strong>Leech Life</strong>!<br></div><div class="battle-history"><small>It's super effective!</small><br></div><div class="battle-history"><small>(The opposing Hydreigon lost <abbr title="−49/388">12.6%</abbr> of its health!)</small><br></div><div class="battle-history"><small>The opposing Hydreigon had its energy drained!</small><br></div><div class="spacer battle-history"><br></div><div class="battle-history">The opposing Hydreigon fainted!<br></div><div class="spacer battle-history"><br></div><div class="battle-history">Zen0220 sent out <strong>Salamence</strong>!<br></div><div class="battle-history"><small>Pointed stones dug into the opposing Salamence!</small><br></div><div class="spacer battle-history"><br></div><h2 class="battle-history">Turn 13</h2><div class="spacer battle-history"><br></div><div class="battle-history">Araquanid, come back!<br></div><div class="battle-history">Go! <strong>Galvantula</strong>!<br></div><div class="spacer battle-history"><br></div><div class="battle-history">The opposing Salamence used <strong>Dragon Dance</strong>!<br></div><div class="battle-history"><small>The opposing Salamence's Attack rose!</small><br></div><div class="battle-history"><small>The opposing Salamence's Speed rose!</small><br></div><div class="spacer battle-history"><br></div><h2 class="battle-history">Turn 14</h2><div class="spacer battle-history"><br></div><div class="battle-history">The opposing Salamence used <strong>Aerial Ace</strong>!<br></div><div class="battle-history"><small>(Galvantula lost <abbr title="−121/281">43.1%</abbr> of its health!)</small><br></div><div class="spacer battle-history"><br></div><div class="battle-history">Galvantula fainted!<br></div><div class="battle-history"><small>[The opposing Salamence's Moxie]</small><br></div><div class="battle-history"><small>The opposing Salamence's Attack rose!</small><br></div><div class="spacer battle-history"><br></div><div class="battle-history">Go! <strong>Pinsir</strong>!<br></div><div class="spacer battle-history"><br></div><h2 class="battle-history">Turn 15</h2><div class="spacer battle-history"><br></div><div class="battle-history"><small>Pinsir's Pinsirite is reacting to the Key Stone!</small><br>Pinsir has Mega Evolved into Mega Pinsir!<br></div><div class="spacer battle-history"><br></div><div class="battle-history">The opposing Salamence used <strong>Aerial Ace</strong>!<br></div><div class="battle-history"><small>It's super effective!</small><br></div><div class="battle-history"><small>A critical hit!</small><br></div><div class="battle-history"><small>(Pinsir lost <abbr title="−271/271">100%</abbr> of its health!)</small><br></div><div class="spacer battle-history"><br></div><div class="battle-history">Pinsir fainted!<br></div><div class="battle-history"><small>[The opposing Salamence's Moxie]</small><br></div><div class="battle-history"><small>The opposing Salamence's Attack rose!</small><br></div><div class="spacer battle-history"><br></div><div class="battle-history">Go! <strong>Volcarona</strong>!<br></div><div class="spacer battle-history"><br></div><h2 class="battle-history">Turn 16</h2><div class="spacer battle-history"><br></div><div class="battle-history">The opposing Salamence used <strong>Aerial Ace</strong>!<br></div><div class="battle-history"><small>It's super effective!</small><br></div><div class="battle-history"><small>(Volcarona lost <abbr title="−311/311">100%</abbr> of its health!)</small><br></div><div class="spacer battle-history"><br></div><div class="battle-history">Volcarona fainted!<br></div><div class="battle-history"><small>[The opposing Salamence's Moxie]</small><br></div><div class="battle-history"><small>The opposing Salamence's Attack rose!</small><br></div><div class="spacer battle-history"><br></div><div class="battle-history">Go! <strong>Araquanid</strong>!<br></div><div class="spacer battle-history"><br></div><h2 class="battle-history">Turn 17</h2><div class="spacer battle-history"><br></div><div class="battle-history">The opposing Salamence used <strong>Aerial Ace</strong>!<br></div><div class="battle-history"><small>It's super effective!</small><br></div><div class="battle-history"><small>(Araquanid lost <abbr title="−313/340">92.1%</abbr> of its health!)</small><br></div><div class="spacer battle-history"><br></div><div class="battle-history">Araquanid fainted!<br></div><div class="spacer battle-history"><br></div><div class="battle-history"><strong>Zen0220</strong> won the battle!<br></div></div><div class="inner-preempt"></div></div></div>
</div>
<script>
let daily = Math.floor(Date.now()/1000/60/60/24);document.write('<script src="https://play.pokemonshowdown.com/js/replay-embed.js?version'+daily+'"></'+'script>');
</script>
