<!DOCTYPE html>
<meta charset="utf-8" />
<!-- version 1 -->
<title>OU replay: lion gomes vs. AdderJo</title>
<style>
html,body {font-family:Verdana, sans-serif;font-size:10pt;margin:0;padding:0;}body{padding:12px 0;} .battle-log {font-family:Verdana, sans-serif;font-size:10pt;} .battle-log-inline {border:1px solid #AAAAAA;background:#EEF2F5;color:black;max-width:640px;margin:0 auto 80px;padding-bottom:5px;} .battle-log .inner {padding:4px 8px 0px 8px;} .battle-log .inner-preempt {padding:0 8px 4px 8px;} .battle-log .inner-after {margin-top:0.5em;} .battle-log h2 {margin:0.5em -8px;padding:4px 8px;border:1px solid #AAAAAA;background:#E0E7EA;border-left:0;border-right:0;font-family:Verdana, sans-serif;font-size:13pt;} .battle-log .chat {vertical-align:middle;padding:3px 0 3px 0;font-size:8pt;} .battle-log .chat strong {color:#40576A;} .battle-log .chat em {padding:1px 4px 1px 3px;color:#000000;font-style:normal;} .chat.mine {background:rgba(0,0,0,0.05);margin-left:-8px;margin-right:-8px;padding-left:8px;padding-right:8px;} .spoiler {color:#BBBBBB;background:#BBBBBB;padding:0px 3px;} .spoiler:hover, .spoiler:active, .spoiler-shown {color:#000000;background:#E2E2E2;padding:0px 3px;} .spoiler a {color:#BBBBBB;} .spoiler:hover a, .spoiler:active a, .spoiler-shown a {color:#2288CC;} .chat code, .chat .spoiler:hover code, .chat .spoiler:active code, .chat .spoiler-shown code {border:1px solid #C0C0C0;background:#EEEEEE;color:black;padding:0 2px;} .chat .spoiler code {border:1px solid #CCCCCC;background:#CCCCCC;color:#CCCCCC;} .battle-log .rated {padding:3px 4px;} .battle-log .rated strong {color:white;background:#89A;padding:1px 4px;border-radius:4px;} .spacer {margin-top:0.5em;} .message-announce {background:#6688AA;color:white;padding:1px 4px 2px;} .message-announce a, .broadcast-green a, .broadcast-blue a, .broadcast-red a {color:#DDEEFF;} .broadcast-green {background-color:#559955;color:white;padding:2px 4px;} .broadcast-blue {background-color:#6688AA;color:white;padding:2px 4px;} .infobox {border:1px solid #6688AA;padding:2px 4px;} .infobox-limited {max-height:200px;overflow:auto;overflow-x:hidden;} .broadcast-red {background-color:#AA5544;color:white;padding:2px 4px;} .message-learn-canlearn {font-weight:bold;color:#228822;text-decoration:underline;} .message-learn-cannotlearn {font-weight:bold;color:#CC2222;text-decoration:underline;} .message-effect-weak {font-weight:bold;color:#CC2222;} .message-effect-resist {font-weight:bold;color:#6688AA;} .message-effect-immune {font-weight:bold;color:#666666;} .message-learn-list {margin-top:0;margin-bottom:0;} .message-throttle-notice, .message-error {color:#992222;} .message-overflow, .chat small.message-overflow {font-size:0pt;} .message-overflow::before {font-size:9pt;content:'...';} .subtle {color:#3A4A66;}
</style>
<div class="wrapper replay-wrapper" style="max-width:1180px;margin:0 auto">
<input type="hidden" name="replayid" value="destiny-ou-428668" />
<div class="battle"></div><div class="battle-log"></div><div class="replay-controls"></div><div class="replay-controls-2"></div>
<h1 style="font-weight:normal;text-align:center"><strong>OU</strong><br /><a href="http://pokemonshowdown.com/users/liongomes" class="subtle" target="_blank">lion gomes</a> vs. <a href="http://pokemonshowdown.com/users/adderjo" class="subtle" target="_blank">AdderJo</a></h1>
<script type="text/plain" class="battle-log-data">|player|p1|lion gomes|2
|teamsize|p1|6
|player|p2|AdderJo|101
|teamsize|p2|6
|teamsize|p1|6
|teamsize|p2|6
|gametype|singles
|gen|7
|tier|OU
|rated
|seed|59200,2558,17503,6229
|rule|Cláusula-Mod de Dormir: solo puedes dormir a uno de tus oponentes a la vez.
|rule|Cláusula de Especie: Hasta un Pokémon de cada especie
|rule|Cláusula de Golpe Fulminante: los movimientos fulminantes (OHKO) estan prohibidos
|rule|Cláusula de Veleta: la habilidad Veleta está prohibida
|rule|Cláusula de Movimientos Evasivos: los movimientos de Evasión están prohibidos.
|rule|Cláusula de Batallas Eternas: forzar batallas eternas está prohibido
|clearpoke
|poke|p1|Snorlax, M|item
|poke|p1|Haxorus, M, shiny|item
|poke|p1|Manectric, F|item
|poke|p1|Krookodile, M|item
|poke|p1|Swampert, M|item
|poke|p1|Venusaur, M|item
|poke|p2|Chansey, F|item
|poke|p2|Landorus-Therian, M|item
|poke|p2|Beedrill, M|item
|poke|p2|Infernape, M|item
|poke|p2|Greninja, F|item
|poke|p2|Tapu Lele|item
|teampreview|undefined
|choice|*team 523416|*
|choice|*|*team 423156
|choice|team 5, 2, 3, 4, 1, 6|team 4, 2, 3, 1, 5, 6
|
|start
|switch|p1a: Swampert|Swampert, M|393\/393
|switch|p2a: Infernape|Infernape, M|293\/293
|turn|1
|choice|*|*move 1
|choice|*move 2|*
|choice|move earthquake|move closecombat
|
|move|p2a: Infernape|Close Combat|p1a: Swampert
|-damage|p1a: Swampert|150\/393
|-unboost|p2a: Infernape|def|1
|-unboost|p2a: Infernape|spd|1
|-damage|p2a: Infernape|264\/293|[from] item: Life Orb
|move|p1a: Swampert|Earthquake|p2a: Infernape
|-supereffective|p2a: Infernape
|-damage|p2a: Infernape|0 fnt
|faint|p2a: Infernape
|
|upkeep
|choice|*|*switch 3
|choice||switch 3
|
|switch|p2a: Beedrill|Beedrill, M|271\/271
|turn|2
|choice|*|*move 2 mega
|choice|*switch 3|*
|choice|switch 3|move uturn mega
|
|switch|p1a: Manectric|Manectric, F|328\/328
|-mega|p2a: Beedrill|Beedrill|Beedrillite
|detailschange|p2a: Beedrill|Beedrill-Mega, M
|move|p2a: Beedrill|U-turn|p1a: Manectric
|-damage|p1a: Manectric|82\/328
|choice|*|*switch 6
|choice||switch 6
|
|switch|p2a: Tapu Lele|Tapu Lele|281\/281|[from]move: U-turn
|-fieldstart|move: Psychic Terrain|[from] ability: Psychic Surge|[of] p2a: Tapu Lele
|
|upkeep
|turn|3
|choice|*|*move 2
|choice|*switch 5|*
|choice|switch 5|move moonblast
|
|switch|p1a: Snorlax|Snorlax, M|523\/523
|move|p2a: Tapu Lele|Moonblast|p1a: Snorlax
|-damage|p1a: Snorlax|348\/523
|
|-heal|p1a: Snorlax|380\/523|[from] item: Leftovers
|upkeep
|turn|4
|choice|*|*switch 2
|choice|*move 3|*
|choice|move icepunch|switch 2
|
|switch|p2a: Landorus|Landorus-Therian, M|381\/381
|-ability|p2a: Landorus|Intimidate|boost
|-unboost|p1a: Snorlax|atk|1
|move|p1a: Snorlax|Ice Punch|p2a: Landorus
|-supereffective|p2a: Landorus
|-damage|p2a: Landorus|233\/381
|
|-heal|p2a: Landorus|256\/381|[from] item: Leftovers
|-heal|p1a: Snorlax|412\/523|[from] item: Leftovers
|upkeep
|turn|5
|choice|*move 3|*
|choice|*|*move 1
|choice|move icepunch|move uturn
|
|move|p2a: Landorus|U-turn|p1a: Snorlax
|-damage|p1a: Snorlax|338\/523
|choice|*|*switch 4
|choice||switch 4
|
|switch|p2a: Chansey|Chansey, F|703\/703|[from]move: U-turn
|move|p1a: Snorlax|Ice Punch|p2a: Chansey
|-damage|p2a: Chansey|638\/703
|
|-heal|p1a: Snorlax|370\/523|[from] item: Leftovers
|upkeep
|turn|6
|choice|*|*move 3
|choice|*switch 4|*
|choice|switch 4|move toxic
|
|switch|p1a: Krookodile|Krookodile, M|378\/378
|move|p2a: Chansey|Toxic|p1a: Krookodile
|-status|p1a: Krookodile|tox
|
|-damage|p1a: Krookodile|355\/378 tox|[from] psn
|-fieldend|move: Psychic Terrain
|upkeep
|turn|7
|choice|*move 4|*
|choice|*|*switch 4
|choice|move superpower|switch 4
|
|switch|p2a: Landorus|Landorus-Therian, M|256\/381
|-ability|p2a: Landorus|Intimidate|boost
|-unboost|p1a: Krookodile|atk|1
|move|p1a: Krookodile|Superpower|p2a: Landorus
|-resisted|p2a: Landorus
|-damage|p2a: Landorus|224\/381
|-unboost|p1a: Krookodile|atk|1
|-unboost|p1a: Krookodile|def|1
|
|-heal|p2a: Landorus|247\/381|[from] item: Leftovers
|-damage|p1a: Krookodile|309\/378 tox|[from] psn
|upkeep
|turn|8
|choice|*|*move 1
|choice|*switch 4|*
|choice|switch 4|move uturn
|
|switch|p1a: Snorlax|Snorlax, M|370\/523
|move|p2a: Landorus|U-turn|p1a: Snorlax
|-crit|p1a: Snorlax
|-damage|p1a: Snorlax|244\/523
|choice|*|*switch 6
|choice||switch 6
|
|switch|p2a: Beedrill|Beedrill-Mega, M|271\/271|[from]move: U-turn
|
|-heal|p1a: Snorlax|276\/523|[from] item: Leftovers
|upkeep
|turn|9
|choice|*move 2|*
|choice|*|*move 2
|choice|move firepunch|move uturn
|
|move|p2a: Beedrill|U-turn|p1a: Snorlax
|-damage|p1a: Snorlax|96\/523
|choice|*|*switch 6
|choice||switch 6
|
|switch|p2a: Landorus|Landorus-Therian, M|247\/381|[from]move: U-turn
|-ability|p2a: Landorus|Intimidate|boost
|-unboost|p1a: Snorlax|atk|1
|move|p1a: Snorlax|Fire Punch|p2a: Landorus
|-damage|p2a: Landorus|207\/381
|
|-heal|p2a: Landorus|230\/381|[from] item: Leftovers
|-heal|p1a: Snorlax|128\/523|[from] item: Leftovers
|upkeep
|turn|10
|choice|*move 1|*
|choice|*|*move 3
|choice|move rest|move earthquake
|
|move|p2a: Landorus|Earthquake|p1a: Snorlax
|-damage|p1a: Snorlax|0 fnt
|faint|p1a: Snorlax
|
|-heal|p2a: Landorus|253\/381|[from] item: Leftovers
|upkeep
|choice|*switch 3|*
|choice|switch 3|
|
|switch|p1a: Swampert|Swampert, M|150\/393
|turn|11
|inactive|Reloj de batalla ENCENDIDO. El jugador inactivo será descalificado (solicitado por AdderJo).
|choice|*move 3|*
|choice|*|*move 1
|choice|move blizzard|move uturn
|
|move|p2a: Landorus|U-turn|p1a: Swampert
|-damage|p1a: Swampert|82\/393
|choice|*|*switch 5
|choice||switch 5
|
|switch|p2a: Greninja|Greninja, F|285\/285|[from]move: U-turn
|move|p1a: Swampert|Blizzard|p2a: Greninja
|-resisted|p2a: Greninja
|-damage|p2a: Greninja|232\/285
|
|upkeep
|turn|12
|choice|*|*move 2
|choice|*switch 6|*
|choice|switch 6|move icebeam
|
|switch|p1a: Venusaur|Venusaur, M|353\/353
|move|p2a: Greninja|Ice Beam|p1a: Venusaur
|-start|p2a: Greninja|typechange|Ice|[from] Protean
|-supereffective|p1a: Venusaur
|-damage|p1a: Venusaur|57\/353
|
|-heal|p1a: Venusaur|79\/353|[from] item: Leftovers
|upkeep
|turn|13
|choice|*move 3|*
|choice|*|*move 2
|choice|move leafstorm|move icebeam
|
|move|p2a: Greninja|Ice Beam|p1a: Venusaur
|-supereffective|p1a: Venusaur
|-damage|p1a: Venusaur|0 fnt
|faint|p1a: Venusaur
|
|upkeep
|choice|*switch 5|*
|choice|switch 5|
|
|switch|p1a: Manectric|Manectric, F|82\/328
|turn|14
|choice|*move 1 mega|*
|choice|*|*switch 4
|choice|move thunderbolt mega|switch 4
|
|switch|p2a: Chansey|Chansey, F|638\/703
|-mega|p1a: Manectric|Manectric|Manectite
|detailschange|p1a: Manectric|Manectric-Mega, F
|-ability|p1a: Manectric|Intimidate|boost
|-unboost|p2a: Chansey|atk|1
|move|p1a: Manectric|Thunderbolt|p2a: Chansey
|-damage|p2a: Chansey|554\/703
|
|upkeep
|turn|15
|choice|*switch 4|*
|choice|*|*move 1
|choice|switch 4|move stealthrock
|
|switch|p1a: Krookodile|Krookodile, M|309\/378 tox
|move|p2a: Chansey|Stealth Rock|p1a: Krookodile
|-sidestart|p1: lion gomes|move: Stealth Rock
|
|-damage|p1a: Krookodile|286\/378 tox|[from] psn
|upkeep
|turn|16
|choice|*|*switch 5
|choice|*move 4|*
|choice|move superpower|switch 5
|
|switch|p2a: Landorus|Landorus-Therian, M|253\/381
|-ability|p2a: Landorus|Intimidate|boost
|-unboost|p1a: Krookodile|atk|1
|move|p1a: Krookodile|Superpower|p2a: Landorus
|-resisted|p2a: Landorus
|-damage|p2a: Landorus|220\/381
|-unboost|p1a: Krookodile|atk|1
|-unboost|p1a: Krookodile|def|1
|
|-heal|p2a: Landorus|243\/381|[from] item: Leftovers
|-damage|p1a: Krookodile|240\/378 tox|[from] psn
|upkeep
|turn|17
|inactive|lion gomes tiene 135 segundos restantes.
|inactive|AdderJo tiene 135 segundos restantes.
|choice|*|*move 1
|choice|*switch 2|*
|choice|switch 2|move uturn
|
|switch|p1a: Haxorus|Haxorus, M, shiny|355\/355
|-damage|p1a: Haxorus|311\/355|[from] Stealth Rock
|move|p2a: Landorus|U-turn|p1a: Haxorus
|-damage|p1a: Haxorus|239\/355
|choice|*|*switch 4
|choice||switch 4
|
|switch|p2a: Greninja|Greninja, F|232\/285|[from]move: U-turn
|
|upkeep
|turn|18
|choice|*switch 4|*
|choice|*|*move 2
|choice|switch 4|move icebeam
|
|switch|p1a: Manectric|Manectric-Mega, F|82\/328
|-damage|p1a: Manectric|41\/328|[from] Stealth Rock
|-ability|p1a: Manectric|Intimidate|boost
|-unboost|p2a: Greninja|atk|1
|move|p2a: Greninja|Ice Beam|p1a: Manectric
|-start|p2a: Greninja|typechange|Ice|[from] Protean
|-damage|p1a: Manectric|0 fnt
|faint|p1a: Manectric
|
|upkeep
|inactive|lion gomes tiene 135 segundos restantes.
|choice|*switch 4|*
|choice|switch 4|
|
|switch|p1a: Haxorus|Haxorus, M, shiny|239\/355
|-damage|p1a: Haxorus|195\/355|[from] Stealth Rock
|turn|19
|choice|*switch 6|*
|choice|*|*move 2
|choice|switch 6|move icebeam
|
|switch|p1a: Swampert|Swampert, M|82\/393
|-damage|p1a: Swampert|58\/393|[from] Stealth Rock
|move|p2a: Greninja|Ice Beam|p1a: Swampert
|-damage|p1a: Swampert|0 fnt
|faint|p1a: Swampert
|
|upkeep
|choice|*switch 2|*
|choice|switch 2|
|
|switch|p1a: Krookodile|Krookodile, M|240\/378 tox
|-damage|p1a: Krookodile|217\/378 tox|[from] Stealth Rock
|turn|20
|choice|*move 3|*
|choice|*|*switch 4
|choice|move crunch|switch 4
|
|switch|p2a: Landorus|Landorus-Therian, M|243\/381
|-ability|p2a: Landorus|Intimidate|boost
|-unboost|p1a: Krookodile|atk|1
|move|p1a: Krookodile|Crunch|p2a: Landorus
|-damage|p2a: Landorus|177\/381
|
|-heal|p2a: Landorus|200\/381|[from] item: Leftovers
|-damage|p1a: Krookodile|194\/378 tox|[from] psn
|upkeep
|turn|21
|choice|*move 2|*
|choice|*|*move 1
|choice|move earthquake|move uturn
|
|move|p1a: Krookodile|Earthquake|p2a: Landorus
|-immune|p2a: Landorus|[msg]
|move|p2a: Landorus|U-turn|p1a: Krookodile
|-supereffective|p1a: Krookodile
|-damage|p1a: Krookodile|42\/378 tox
|-damage|p2a: Landorus|137\/381|[from] item: Rocky Helmet|[of] p1a: Krookodile
|inactive|AdderJo tiene 135 segundos restantes.
|choice|*|*switch 6
|choice||switch 6
|
|switch|p2a: Beedrill|Beedrill-Mega, M|271\/271|[from]move: U-turn
|
|-damage|p1a: Krookodile|0 fnt|[from] psn
|upkeep
|faint|p1a: Krookodile
|choice|*switch 6|*
|choice|switch 6|
|
|switch|p1a: Haxorus|Haxorus, M, shiny|195\/355
|-damage|p1a: Haxorus|151\/355|[from] Stealth Rock
|turn|22
|choice|*|*move 3
|choice|*move 4|*
|choice|move dragonclaw|move poisonjab
|
|move|p2a: Beedrill|Poison Jab|p1a: Haxorus
|-damage|p1a: Haxorus|0 fnt
|faint|p1a: Haxorus
|
|win|AdderJo
AdderJo ha ganado 8 PokeDolares.
|raw|Puntaje de lion gomes: 1000 &rarr; <strong>1000<\/strong><br \/>(+0 por perder)
|raw|Puntaje de AdderJo: 1080 &rarr; <strong>1109<\/strong><br \/>(+29 por ganar)
|c|☆AdderJo|gg
|c|☆lion gomes|gg
</script>
</div>
<div class="battle-log battle-log-inline"><div class="inner"><div class="battle-options"></div><div class="inner"><div class=""><small>Format:</small> <br><strong>OU</strong></div><div class="rated"><strong>Rated battle</strong></div><div class=""><small><em>Cláusula-Mod de Dormir:</em> solo puedes dormir a uno de tus oponentes a la vez.</small></div><div class=""><small><em>Cláusula de Especie:</em> Hasta un Pokémon de cada especie</small></div><div class=""><small><em>Cláusula de Golpe Fulminante:</em> los movimientos fulminantes (OHKO) estan prohibidos</small></div><div class=""><small><em>Cláusula de Veleta:</em> la habilidad Veleta está prohibida</small></div><div class=""><small><em>Cláusula de Movimientos Evasivos:</em> los movimientos de Evasión están prohibidos.</small></div><div class=""><small><em>Cláusula de Batallas Eternas:</em> forzar batallas eternas está prohibido</small></div><div class="chat battle-history"><strong>lion gomes's team:</strong> <em style="color:#445566;display:block;">Snorlax / Haxorus / Manectric / Krookodile / Swampert / Venusaur</em></div><div class="chat battle-history"><strong>AdderJo's team:</strong> <em style="color:#445566;display:block;">Chansey / Landorus-Therian / Beedrill / Infernape / Greninja / Tapu Lele</em></div><div class="spacer battle-history"><br></div><div class="battle-history">Battle started between lion gomes and AdderJo!<br></div><div class="spacer battle-history"><br></div><div class="battle-history">Go! <strong>Swampert</strong>!<br></div><div class="spacer battle-history"><br></div><div class="battle-history">AdderJo sent out <strong>Infernape</strong>!<br></div><div class="spacer battle-history"><br></div><h2 class="battle-history">Turn 1</h2><div class="spacer battle-history"><br></div><div class="battle-history">The opposing Infernape used <strong>Close Combat</strong>!<br></div><div class="battle-history"><small>(Swampert lost <abbr title="−243/393">61.8%</abbr> of its health!)</small><br></div><div class="battle-history"><small>The opposing Infernape's Defense fell!</small><br></div><div class="battle-history"><small>The opposing Infernape's Special Defense fell!</small><br></div><div class="battle-history"><small>The opposing Infernape lost some of its HP!</small><br></div><div class="spacer battle-history"><br></div><div class="battle-history">Swampert used <strong>Earthquake</strong>!<br></div><div class="battle-history"><small>It's super effective!</small><br></div><div class="battle-history"><small>(The opposing Infernape lost <abbr title="−264/293">90.1%</abbr> of its health!)</small><br></div><div class="spacer battle-history"><br></div><div class="battle-history">The opposing Infernape fainted!<br></div><div class="spacer battle-history"><br></div><div class="battle-history">AdderJo sent out <strong>Beedrill</strong>!<br></div><div class="spacer battle-history"><br></div><h2 class="battle-history">Turn 2</h2><div class="spacer battle-history"><br></div><div class="battle-history">Swampert, come back!<br></div><div class="battle-history">Go! <strong>Manectric</strong>!<br></div><div class="spacer battle-history"><br></div><div class="battle-history"><small>The opposing Beedrill's Beedrillite is reacting to the Key Stone!</small><br>The opposing Beedrill has Mega Evolved into Mega Beedrill!<br></div><div class="spacer battle-history"><br></div><div class="battle-history">The opposing Beedrill used <strong>U-turn</strong>!<br></div><div class="battle-history"><small>(Manectric lost <abbr title="−246/328">75%</abbr> of its health!)</small><br></div><div class="spacer battle-history"><br></div><div class="battle-history">The opposing Beedrill went back to AdderJo!<br></div><div class="battle-history">AdderJo sent out <strong>Tapu Lele</strong>!<br></div><div class="battle-history"><small>[The opposing Tapu Lele's Psychic Surge]</small><br><small>The battlefield got weird!</small><br></div><div class="spacer battle-history"><br></div><h2 class="battle-history">Turn 3</h2><div class="spacer battle-history"><br></div><div class="battle-history">Manectric, come back!<br></div><div class="battle-history">Go! <strong>Snorlax</strong>!<br></div><div class="spacer battle-history"><br></div><div class="battle-history">The opposing Tapu Lele used <strong>Moonblast</strong>!<br></div><div class="battle-history"><small>(Snorlax lost <abbr title="−175/523">33.5%</abbr> of its health!)</small><br></div><div class="spacer battle-history"><br></div><div class="battle-history"><small>Snorlax restored a little HP using its Leftovers!</small><br></div><div class="spacer battle-history"><br></div><h2 class="battle-history">Turn 4</h2><div class="spacer battle-history"><br></div><div class="battle-history">AdderJo withdrew Tapu Lele!<br></div><div class="battle-history">AdderJo sent out Landorus (<strong>Landorus-Therian</strong>)!<br></div><div class="battle-history"><small>[The opposing Landorus's Intimidate]</small><br></div><div class="battle-history"><small>Snorlax's Attack fell!</small><br></div><div class="spacer battle-history"><br></div><div class="battle-history">Snorlax used <strong>Ice Punch</strong>!<br></div><div class="battle-history"><small>It's super effective!</small><br></div><div class="battle-history"><small>(The opposing Landorus lost <abbr title="−148/381">38.8%</abbr> of its health!)</small><br></div><div class="spacer battle-history"><br></div><div class="battle-history"><small>The opposing Landorus restored a little HP using its Leftovers!</small><br></div><div class="battle-history"><small>Snorlax restored a little HP using its Leftovers!</small><br></div><div class="spacer battle-history"><br></div><h2 class="battle-history">Turn 5</h2><div class="spacer battle-history"><br></div><div class="battle-history">The opposing Landorus used <strong>U-turn</strong>!<br></div><div class="battle-history"><small>(Snorlax lost <abbr title="−74/523">14.1%</abbr> of its health!)</small><br></div><div class="spacer battle-history"><br></div><div class="battle-history">The opposing Landorus went back to AdderJo!<br></div><div class="battle-history">AdderJo sent out <strong>Chansey</strong>!<br></div><div class="spacer battle-history"><br></div><div class="battle-history">Snorlax used <strong>Ice Punch</strong>!<br></div><div class="battle-history"><small>(The opposing Chansey lost <abbr title="−65/703">9.2%</abbr> of its health!)</small><br></div><div class="spacer battle-history"><br></div><div class="battle-history"><small>Snorlax restored a little HP using its Leftovers!</small><br></div><div class="spacer battle-history"><br></div><h2 class="battle-history">Turn 6</h2><div class="spacer battle-history"><br></div><div class="battle-history">Snorlax, come back!<br></div><div class="battle-history">Go! <strong>Krookodile</strong>!<br></div><div class="spacer battle-history"><br></div><div class="battle-history">The opposing Chansey used <strong>Toxic</strong>!<br></div><div class="battle-history"><small>Krookodile was badly poisoned!</small><br></div><div class="spacer battle-history"><br></div><div class="battle-history"><small>Krookodile was hurt by poison!</small><br></div><div class="battle-history"><small>The weirdness disappeared from the battlefield!</small><br></div><div class="spacer battle-history"><br></div><h2 class="battle-history">Turn 7</h2><div class="spacer battle-history"><br></div><div class="battle-history">AdderJo withdrew Chansey!<br></div><div class="battle-history">AdderJo sent out Landorus (<strong>Landorus-Therian</strong>)!<br></div><div class="battle-history"><small>[The opposing Landorus's Intimidate]</small><br></div><div class="battle-history"><small>Krookodile's Attack fell!</small><br></div><div class="spacer battle-history"><br></div><div class="battle-history">Krookodile used <strong>Superpower</strong>!<br></div><div class="battle-history"><small>It's not very effective...</small><br></div><div class="battle-history"><small>(The opposing Landorus lost <abbr title="−32/381">8.4%</abbr> of its health!)</small><br></div><div class="battle-history"><small>Krookodile's Attack fell!</small><br></div><div class="battle-history"><small>Krookodile's Defense fell!</small><br></div><div class="spacer battle-history"><br></div><div class="battle-history"><small>The opposing Landorus restored a little HP using its Leftovers!</small><br></div><div class="battle-history"><small>Krookodile was hurt by poison!</small><br></div><div class="spacer battle-history"><br></div><h2 class="battle-history">Turn 8</h2><div class="spacer battle-history"><br></div><div class="battle-history">Krookodile, come back!<br></div><div class="battle-history">Go! <strong>Snorlax</strong>!<br></div><div class="spacer battle-history"><br></div><div class="battle-history">The opposing Landorus used <strong>U-turn</strong>!<br></div><div class="battle-history"><small>A critical hit!</small><br></div><div class="battle-history"><small>(Snorlax lost <abbr title="−126/523">24.1%</abbr> of its health!)</small><br></div><div class="spacer battle-history"><br></div><div class="battle-history">The opposing Landorus went back to AdderJo!<br></div><div class="battle-history">AdderJo sent out Beedrill (<strong>Beedrill-Mega</strong>)!<br></div><div class="spacer battle-history"><br></div><div class="battle-history"><small>Snorlax restored a little HP using its Leftovers!</small><br></div><div class="spacer battle-history"><br></div><h2 class="battle-history">Turn 9</h2><div class="spacer battle-history"><br></div><div class="battle-history">The opposing Beedrill used <strong>U-turn</strong>!<br></div><div class="battle-history"><small>(Snorlax lost <abbr title="−180/523">34.4%</abbr> of its health!)</small><br></div><div class="spacer battle-history"><br></div><div class="battle-history">The opposing Beedrill went back to AdderJo!<br></div><div class="battle-history">AdderJo sent out Landorus (<strong>Landorus-Therian</strong>)!<br></div><div class="battle-history"><small>[The opposing Landorus's Intimidate]</small><br></div><div class="battle-history"><small>Snorlax's Attack fell!</small><br></div><div class="spacer battle-history"><br></div><div class="battle-history">Snorlax used <strong>Fire Punch</strong>!<br></div><div class="battle-history"><small>(The opposing Landorus lost <abbr title="−40/381">10.5%</abbr> of its health!)</small><br></div><div class="spacer battle-history"><br></div><div class="battle-history"><small>The opposing Landorus restored a little HP using its Leftovers!</small><br></div><div class="battle-history"><small>Snorlax restored a little HP using its Leftovers!</small><br></div><div class="spacer battle-history"><br></div><h2 class="battle-history">Turn 10</h2><div class="spacer battle-history"><br></div><div class="battle-history">The opposing Landorus used <strong>Earthquake</strong>!<br></div><div class="battle-history"><small>(Snorlax lost <abbr title="−128/523">24.5%</abbr> of its health!)</small><br></div><div class="spacer battle-history"><br></div><div class="battle-history">Snorlax fainted!<br></div><div class="spacer battle-history"><br></div><div class="battle-history"><small>The opposing Landorus restored a little HP using its Leftovers!</small><br></div><div class="spacer battle-history"><br></div><div class="battle-history">Go! <strong>Swampert</strong>!<br></div><div class="spacer battle-history"><br></div><h2 class="battle-history">Turn 11</h2><div class="chat message-error">Reloj de batalla ENCENDIDO. El jugador inactivo será descalificado (solicitado por AdderJo).</div><div class="spacer battle-history"><br></div><div class="battle-history">The opposing Landorus used <strong>U-turn</strong>!<br></div><div class="battle-history"><small>(Swampert lost <abbr title="−68/393">17.3%</abbr> of its health!)</small><br></div><div class="spacer battle-history"><br></div><div class="battle-history">The opposing Landorus went back to AdderJo!<br></div><div class="battle-history">AdderJo sent out <strong>Greninja</strong>!<br></div><div class="spacer battle-history"><br></div><div class="battle-history">Swampert used <strong>Blizzard</strong>!<br></div><div class="battle-history"><small>It's not very effective...</small><br></div><div class="battle-history"><small>(The opposing Greninja lost <abbr title="−53/285">18.6%</abbr> of its health!)</small><br></div><div class="spacer battle-history"><br></div><h2 class="battle-history">Turn 12</h2><div class="spacer battle-history"><br></div><div class="battle-history">Swampert, come back!<br></div><div class="battle-history">Go! <strong>Venusaur</strong>!<br></div><div class="spacer battle-history"><br></div><div class="battle-history">The opposing Greninja used <strong>Ice Beam</strong>!<br></div><div class="spacer battle-history"><br></div><div class="battle-history"><small>[The opposing Greninja's Protean]</small><br><small>The opposing Greninja transformed into the Ice type!</small><br></div><div class="battle-history"><small>It's super effective!</small><br></div><div class="battle-history"><small>(Venusaur lost <abbr title="−296/353">83.9%</abbr> of its health!)</small><br></div><div class="spacer battle-history"><br></div><div class="battle-history"><small>Venusaur restored a little HP using its Leftovers!</small><br></div><div class="spacer battle-history"><br></div><h2 class="battle-history">Turn 13</h2><div class="spacer battle-history"><br></div><div class="battle-history">The opposing Greninja used <strong>Ice Beam</strong>!<br></div><div class="battle-history"><small>It's super effective!</small><br></div><div class="battle-history"><small>(Venusaur lost <abbr title="−79/353">22.4%</abbr> of its health!)</small><br></div><div class="spacer battle-history"><br></div><div class="battle-history">Venusaur fainted!<br></div><div class="spacer battle-history"><br></div><div class="battle-history">Go! <strong>Manectric</strong>!<br></div><div class="spacer battle-history"><br></div><h2 class="battle-history">Turn 14</h2><div class="spacer battle-history"><br></div><div class="battle-history">AdderJo withdrew Greninja!<br></div><div class="battle-history">AdderJo sent out <strong>Chansey</strong>!<br></div><div class="spacer battle-history"><br></div><div class="battle-history"><small>Manectric's Manectite is reacting to the Key Stone!</small><br>Manectric has Mega Evolved into Mega Manectric!<br></div><div class="battle-history"><small>[Manectric's Intimidate]</small><br></div><div class="battle-history"><small>The opposing Chansey's Attack fell!</small><br></div><div class="spacer battle-history"><br></div><div class="battle-history">Manectric used <strong>Thunderbolt</strong>!<br></div><div class="battle-history"><small>(The opposing Chansey lost <abbr title="−84/703">11.9%</abbr> of its health!)</small><br></div><div class="spacer battle-history"><br></div><h2 class="battle-history">Turn 15</h2><div class="spacer battle-history"><br></div><div class="battle-history">Manectric, come back!<br></div><div class="battle-history">Go! <strong>Krookodile</strong>!<br></div><div class="spacer battle-history"><br></div><div class="battle-history">The opposing Chansey used <strong>Stealth Rock</strong>!<br></div><div class="battle-history"><small>Pointed stones float in the air around your team!</small><br></div><div class="spacer battle-history"><br></div><div class="battle-history"><small>Krookodile was hurt by poison!</small><br></div><div class="spacer battle-history"><br></div><h2 class="battle-history">Turn 16</h2><div class="spacer battle-history"><br></div><div class="battle-history">AdderJo withdrew Chansey!<br></div><div class="battle-history">AdderJo sent out Landorus (<strong>Landorus-Therian</strong>)!<br></div><div class="battle-history"><small>[The opposing Landorus's Intimidate]</small><br></div><div class="battle-history"><small>Krookodile's Attack fell!</small><br></div><div class="spacer battle-history"><br></div><div class="battle-history">Krookodile used <strong>Superpower</strong>!<br></div><div class="battle-history"><small>It's not very effective...</small><br></div><div class="battle-history"><small>(The opposing Landorus lost <abbr title="−33/381">8.7%</abbr> of its health!)</small><br></div><div class="battle-history"><small>Krookodile's Attack fell!</small><br></div><div class="battle-history"><small>Krookodile's Defense fell!</small><br></div><div class="spacer battle-history"><br></div><div class="battle-history"><small>The opposing Landorus restored a little HP using its Leftovers!</small><br></div><div class="battle-history"><small>Krookodile was hurt by poison!</small><br></div><div class="spacer battle-history"><br></div><h2 class="battle-history">Turn 17</h2><div class="chat message-error">lion gomes tiene 135 segundos restantes.</div><div class="chat message-error">AdderJo tiene 135 segundos restantes.</div><div class="spacer battle-history"><br></div><div class="battle-history">Krookodile, come back!<br></div><div class="battle-history">Go! <strong>Haxorus</strong>!<br></div><div class="battle-history"><small>Pointed stones dug into Haxorus!</small><br></div><div class="spacer battle-history"><br></div><div class="battle-history">The opposing Landorus used <strong>U-turn</strong>!<br></div><div class="battle-history"><small>(Haxorus lost <abbr title="−72/355">20.3%</abbr> of its health!)</small><br></div><div class="spacer battle-history"><br></div><div class="battle-history">The opposing Landorus went back to AdderJo!<br></div><div class="battle-history">AdderJo sent out <strong>Greninja</strong>!<br></div><div class="spacer battle-history"><br></div><h2 class="battle-history">Turn 18</h2><div class="spacer battle-history"><br></div><div class="battle-history">Haxorus, come back!<br></div><div class="battle-history">Go! Manectric (<strong>Manectric-Mega</strong>)!<br></div><div class="battle-history"><small>Pointed stones dug into Manectric!</small><br></div><div class="battle-history"><small>[Manectric's Intimidate]</small><br></div><div class="battle-history"><small>The opposing Greninja's Attack fell!</small><br></div><div class="spacer battle-history"><br></div><div class="battle-history">The opposing Greninja used <strong>Ice Beam</strong>!<br></div><div class="spacer battle-history"><br></div><div class="battle-history"><small>[The opposing Greninja's Protean]</small><br><small>The opposing Greninja transformed into the Ice type!</small><br></div><div class="battle-history"><small>(Manectric lost <abbr title="−41/328">12.5%</abbr> of its health!)</small><br></div><div class="spacer battle-history"><br></div><div class="battle-history">Manectric fainted!<br></div><div class="chat message-error">lion gomes tiene 135 segundos restantes.</div><div class="spacer battle-history"><br></div><div class="battle-history">Go! <strong>Haxorus</strong>!<br></div><div class="battle-history"><small>Pointed stones dug into Haxorus!</small><br></div><div class="spacer battle-history"><br></div><h2 class="battle-history">Turn 19</h2><div class="spacer battle-history"><br></div><div class="battle-history">Haxorus, come back!<br></div><div class="battle-history">Go! <strong>Swampert</strong>!<br></div><div class="battle-history"><small>Pointed stones dug into Swampert!</small><br></div><div class="spacer battle-history"><br></div><div class="battle-history">The opposing Greninja used <strong>Ice Beam</strong>!<br></div><div class="battle-history"><small>(Swampert lost <abbr title="−58/393">14.8%</abbr> of its health!)</small><br></div><div class="spacer battle-history"><br></div><div class="battle-history">Swampert fainted!<br></div><div class="spacer battle-history"><br></div><div class="battle-history">Go! <strong>Krookodile</strong>!<br></div><div class="battle-history"><small>Pointed stones dug into Krookodile!</small><br></div><div class="spacer battle-history"><br></div><h2 class="battle-history">Turn 20</h2><div class="spacer battle-history"><br></div><div class="battle-history">AdderJo withdrew Greninja!<br></div><div class="battle-history">AdderJo sent out Landorus (<strong>Landorus-Therian</strong>)!<br></div><div class="battle-history"><small>[The opposing Landorus's Intimidate]</small><br></div><div class="battle-history"><small>Krookodile's Attack fell!</small><br></div><div class="spacer battle-history"><br></div><div class="battle-history">Krookodile used <strong>Crunch</strong>!<br></div><div class="battle-history"><small>(The opposing Landorus lost <abbr title="−66/381">17.3%</abbr> of its health!)</small><br></div><div class="spacer battle-history"><br></div><div class="battle-history"><small>The opposing Landorus restored a little HP using its Leftovers!</small><br></div><div class="battle-history"><small>Krookodile was hurt by poison!</small><br></div><div class="spacer battle-history"><br></div><h2 class="battle-history">Turn 21</h2><div class="spacer battle-history"><br></div><div class="battle-history">Krookodile used <strong>Earthquake</strong>!<br></div><div class="battle-history"><small>It doesn't affect the opposing Landorus...</small><br></div><div class="spacer battle-history"><br></div><div class="battle-history">The opposing Landorus used <strong>U-turn</strong>!<br></div><div class="battle-history"><small>It's super effective!</small><br></div><div class="battle-history"><small>(Krookodile lost <abbr title="−152/378">40.2%</abbr> of its health!)</small><br></div><div class="battle-history"><small>The opposing Landorus was hurt by the Rocky Helmet!</small><br></div><div class="chat message-error">AdderJo tiene 135 segundos restantes.</div><div class="spacer battle-history"><br></div><div class="battle-history">The opposing Landorus went back to AdderJo!<br></div><div class="battle-history">AdderJo sent out Beedrill (<strong>Beedrill-Mega</strong>)!<br></div><div class="spacer battle-history"><br></div><div class="battle-history"><small>Krookodile was hurt by poison!</small><br></div><div class="spacer battle-history"><br></div><div class="battle-history">Krookodile fainted!<br></div><div class="spacer battle-history"><br></div><div class="battle-history">Go! <strong>Haxorus</strong>!<br></div><div class="battle-history"><small>Pointed stones dug into Haxorus!</small><br></div><div class="spacer battle-history"><br></div><h2 class="battle-history">Turn 22</h2><div class="spacer battle-history"><br></div><div class="battle-history">The opposing Beedrill used <strong>Poison Jab</strong>!<br></div><div class="battle-history"><small>(Haxorus lost <abbr title="−151/355">42.5%</abbr> of its health!)</small><br></div><div class="spacer battle-history"><br></div><div class="battle-history">Haxorus fainted!<br></div><div class="spacer battle-history"><br></div><div class="battle-history"><strong>AdderJo</strong> won the battle!<br></div><div class="chat">AdderJo ha ganado 8 PokeDolares.</div><div class="chat">Puntaje de lion gomes: 1000 → <strong>1000</strong><br>(+0 por perder)</div><div class="chat">Puntaje de AdderJo: 1080 → <strong>1109</strong><br>(+29 por ganar)</div><div class="chat chatmessage-adderjo"><strong style="color:hsl(264,75%,56.933847391406246%)"><small>☆</small><span class="username" data-name="AdderJo">AdderJo</span>:</strong> <em>gg</em></div><div class="chat chatmessage-liongomes"><strong style="color:hsl(48,40%,41%)"><small>☆</small><span class="username" data-name="lion gomes">lion gomes</span>:</strong> <em>gg</em></div></div><div class="inner-preempt"></div></div></div>
</div>
<script>
let daily = Math.floor(Date.now()/1000/60/60/24);document.write('<script src="https://play.pokemonshowdown.com/js/replay-embed.js?version'+daily+'"></'+'script>');
</script>
