<!DOCTYPE html>
<meta charset="utf-8" />
<!-- version 1 -->
<title>OU replay: Makesuit vs. GOD❤Senpaii❤</title>
<style>
html,body {font-family:Verdana, sans-serif;font-size:10pt;margin:0;padding:0;}body{padding:12px 0;} .battle-log {font-family:Verdana, sans-serif;font-size:10pt;} .battle-log-inline {border:1px solid #AAAAAA;background:#EEF2F5;color:black;max-width:640px;margin:0 auto 80px;padding-bottom:5px;} .battle-log .inner {padding:4px 8px 0px 8px;} .battle-log .inner-preempt {padding:0 8px 4px 8px;} .battle-log .inner-after {margin-top:0.5em;} .battle-log h2 {margin:0.5em -8px;padding:4px 8px;border:1px solid #AAAAAA;background:#E0E7EA;border-left:0;border-right:0;font-family:Verdana, sans-serif;font-size:13pt;} .battle-log .chat {vertical-align:middle;padding:3px 0 3px 0;font-size:8pt;} .battle-log .chat strong {color:#40576A;} .battle-log .chat em {padding:1px 4px 1px 3px;color:#000000;font-style:normal;} .chat.mine {background:rgba(0,0,0,0.05);margin-left:-8px;margin-right:-8px;padding-left:8px;padding-right:8px;} .spoiler {color:#BBBBBB;background:#BBBBBB;padding:0px 3px;} .spoiler:hover, .spoiler:active, .spoiler-shown {color:#000000;background:#E2E2E2;padding:0px 3px;} .spoiler a {color:#BBBBBB;} .spoiler:hover a, .spoiler:active a, .spoiler-shown a {color:#2288CC;} .chat code, .chat .spoiler:hover code, .chat .spoiler:active code, .chat .spoiler-shown code {border:1px solid #C0C0C0;background:#EEEEEE;color:black;padding:0 2px;} .chat .spoiler code {border:1px solid #CCCCCC;background:#CCCCCC;color:#CCCCCC;} .battle-log .rated {padding:3px 4px;} .battle-log .rated strong {color:white;background:#89A;padding:1px 4px;border-radius:4px;} .spacer {margin-top:0.5em;} .message-announce {background:#6688AA;color:white;padding:1px 4px 2px;} .message-announce a, .broadcast-green a, .broadcast-blue a, .broadcast-red a {color:#DDEEFF;} .broadcast-green {background-color:#559955;color:white;padding:2px 4px;} .broadcast-blue {background-color:#6688AA;color:white;padding:2px 4px;} .infobox {border:1px solid #6688AA;padding:2px 4px;} .infobox-limited {max-height:200px;overflow:auto;overflow-x:hidden;} .broadcast-red {background-color:#AA5544;color:white;padding:2px 4px;} .message-learn-canlearn {font-weight:bold;color:#228822;text-decoration:underline;} .message-learn-cannotlearn {font-weight:bold;color:#CC2222;text-decoration:underline;} .message-effect-weak {font-weight:bold;color:#CC2222;} .message-effect-resist {font-weight:bold;color:#6688AA;} .message-effect-immune {font-weight:bold;color:#666666;} .message-learn-list {margin-top:0;margin-bottom:0;} .message-throttle-notice, .message-error {color:#992222;} .message-overflow, .chat small.message-overflow {font-size:0pt;} .message-overflow::before {font-size:9pt;content:'...';} .subtle {color:#3A4A66;}
</style>
<div class="wrapper replay-wrapper" style="max-width:1180px;margin:0 auto">
<input type="hidden" name="replayid" value="destiny-ou-419795" />
<div class="battle"></div><div class="battle-log"></div><div class="replay-controls"></div><div class="replay-controls-2"></div>
<h1 style="font-weight:normal;text-align:center"><strong>OU</strong><br /><a href="http://pokemonshowdown.com/users/makesuit" class="subtle" target="_blank">Makesuit</a> vs. <a href="http://pokemonshowdown.com/users/godsenpaii" class="subtle" target="_blank">GOD❤Senpaii❤</a></h1>
<script type="text/plain" class="battle-log-data">|player|p1|Makesuit|1048
|teamsize|p1|6
|player|p2|GOD❤Senpaii❤|godsenpaii-16.gif?f887bfb4
|teamsize|p2|6
|teamsize|p1|6
|teamsize|p2|6
|gametype|singles
|gen|7
|tier|OU
|seed|13234,38304,31866,15515
|rule|Cláusula-Mod de Dormir: solo puedes dormir a uno de tus oponentes a la vez.
|rule|Cláusula de Especie: Hasta un Pokémon de cada especie
|rule|Cláusula de Golpe Fulminante: los movimientos fulminantes (OHKO) estan prohibidos
|rule|Cláusula de Veleta: la habilidad Veleta está prohibida
|rule|Cláusula de Movimientos Evasivos: los movimientos de Evasión están prohibidos.
|rule|Cláusula de Batallas Eternas: forzar batallas eternas está prohibido
|clearpoke
|poke|p1|Alakazam, F|item
|poke|p1|Toxapex, F|item
|poke|p1|Greninja, M|item
|poke|p1|Landorus-Therian, M|item
|poke|p1|Tangrowth, F|item
|poke|p1|Tapu Lele|item
|poke|p2|Alakazam, M|item
|poke|p2|Tapu Lele|item
|poke|p2|Tyranitar, F|item
|poke|p2|Toxapex, M|item
|poke|p2|Landorus-Therian, M|item
|poke|p2|Latios, M|item
|teampreview|undefined
|choice|*team 623451|*
|choice|*|*team 523416
|choice|team 6, 2, 3, 4, 5, 1|team 5, 2, 3, 4, 1, 6
|
|start
|switch|p1a: Tapu Lele|Tapu Lele|281\/281
|switch|p2a: Landorus|Landorus-Therian, M|382\/382
|-fieldstart|move: Psychic Terrain|[from] ability: Psychic Surge|[of] p1a: Tapu Lele
|-ability|p2a: Landorus|Intimidate|boost
|-unboost|p1a: Tapu Lele|atk|1
|turn|1
|choice|*move 1|*
|choice|*|*switch 3
|choice|move psychic|switch 3
|
|switch|p2a: Tyranitar|Tyranitar, F|361\/361
|-weather|Sandstorm|[from] ability: Sand Stream|[of] p2a: Tyranitar
|move|p1a: Tapu Lele|Psychic|p2a: Tyranitar
|-immune|p2a: Tyranitar|[msg]
|
|-weather|Sandstorm|[upkeep]
|-damage|p1a: Tapu Lele|264\/281|[from] sandstorm
|upkeep
|turn|2
|choice|*|*move 3
|choice|*switch 4|*
|choice|switch 4|move pursuit
|
|-activate|p1a: Tapu Lele|move: Pursuit
|move|p2a: Tyranitar|Pursuit|p1a: Tapu Lele|[from]Pursuit
|-damage|p1a: Tapu Lele|0 fnt
|faint|p1a: Tapu Lele
|
|-weather|Sandstorm|[upkeep]
|upkeep
|choice|*switch 4|*
|choice|switch 4|
|
|switch|p1a: Landorus|Landorus-Therian, M|351\/351
|-ability|p1a: Landorus|Intimidate|boost
|-unboost|p2a: Tyranitar|atk|1
|turn|3
|player|p1|
|player|p1|Makesuit|1048
|choice|*|*switch 3
|choice|*move 1|*
|choice|move stealthrock|switch 3
|
|switch|p2a: Landorus|Landorus-Therian, M|382\/382
|-ability|p2a: Landorus|Intimidate|boost
|-unboost|p1a: Landorus|atk|1
|move|p1a: Landorus|Stealth Rock|p2a: Landorus
|-sidestart|p2: GOD❤Senpaii❤|move: Stealth Rock
|
|-weather|Sandstorm|[upkeep]
|upkeep
|turn|4
|choice|*switch 3|*
|choice|*|*move 1
|choice|switch 3|move stealthrock
|
|switch|p1a: Greninja|Greninja, M|285\/285
|move|p2a: Landorus|Stealth Rock|p1a: Greninja
|-sidestart|p1: Makesuit|move: Stealth Rock
|
|-weather|Sandstorm|[upkeep]
|-damage|p1a: Greninja|268\/285|[from] sandstorm
|upkeep
|turn|5
|choice|*|*move 4
|choice|*switch 6|*
|choice|switch 6|move uturn
|
|switch|p1a: Alakazam|Alakazam, F|262\/262
|move|p2a: Landorus|U-turn|p1a: Alakazam
|-supereffective|p1a: Alakazam
|-damage|p1a: Alakazam|0 fnt
|faint|p1a: Alakazam
|c|☆Makesuit|k
|c|☆GOD❤Senpaii❤|jaja caistes
|choice|*|*switch 2
|choice||switch 2
|
|switch|p2a: Tapu Lele|Tapu Lele|281\/281|[from]move: U-turn
|-damage|p2a: Tapu Lele|246\/281|[from] Stealth Rock
|
|-weather|none
|-fieldend|move: Psychic Terrain
|upkeep
|choice|*switch 5|*
|choice|switch 5|
|
|switch|p1a: Tangrowth|Tangrowth, F|404\/404
|-damage|p1a: Tangrowth|354\/404|[from] Stealth Rock
|turn|6
|choice|*move 3|*
|choice|*|*switch 2
|choice|move hiddenpower|switch 2
|
|switch|p2a: Landorus|Landorus-Therian, M|382\/382
|-damage|p2a: Landorus|335\/382|[from] Stealth Rock
|-ability|p2a: Landorus|Intimidate|boost
|-unboost|p1a: Tangrowth|atk|1
|move|p1a: Tangrowth|Hidden Power|p2a: Landorus
|-supereffective|p2a: Landorus
|-damage|p2a: Landorus|107\/382
|
|upkeep
|turn|7
|choice|*|*move 4
|choice|*move 1|*
|choice|move gigadrain|move uturn
|
|move|p2a: Landorus|U-turn|p1a: Tangrowth
|-supereffective|p1a: Tangrowth
|-damage|p1a: Tangrowth|226\/404
|choice|*|*switch 5
|choice||switch 5
|
|switch|p2a: Alakazam|Alakazam, M|251\/251|[from]move: U-turn
|move|p1a: Tangrowth|Giga Drain|p2a: Alakazam
|-damage|p2a: Alakazam|155\/251
|-heal|p1a: Tangrowth|274\/404|[from] drain|[of] p2a: Alakazam
|
|upkeep
|turn|8
|choice|*|*move 1 mega
|choice|*|*move 2 mega
|choice|*switch 6|*
|choice|switch 6|move focusblast mega
|
|switch|p1a: Greninja|Greninja, M|268\/285
|-damage|p1a: Greninja|233\/285|[from] Stealth Rock
|-mega|p2a: Alakazam|Alakazam|Alakazite
|detailschange|p2a: Alakazam|Alakazam-Mega, M
|move|p2a: Alakazam|Focus Blast|p1a: Greninja
|-supereffective|p1a: Greninja
|-damage|p1a: Greninja|0 fnt
|faint|p1a: Greninja
|
|upkeep
|choice|*switch 3|*
|choice|switch 3|
|
|switch|p1a: Landorus|Landorus-Therian, M|351\/351
|-ability|p2a: Alakazam|Intimidate|[from] ability: Trace|[of] p1a: Landorus
|-ability|p2a: Alakazam|Intimidate|boost
|-unboost|p1a: Landorus|atk|1
|-damage|p1a: Landorus|308\/351|[from] Stealth Rock
|-ability|p1a: Landorus|Intimidate|boost
|-unboost|p2a: Alakazam|atk|1
|turn|9
|choice|*move 2 zmove|*
|choice|*|*switch 5
|choice|move fly zmove|switch 5
|
|switch|p2a: Landorus|Landorus-Therian, M|107\/382
|-damage|p2a: Landorus|60\/382|[from] Stealth Rock
|-ability|p2a: Landorus|Intimidate|boost
|-unboost|p1a: Landorus|atk|1
|-zpower|p1a: Landorus
|move|p1a: Landorus|Supersonic Skystrike|p2a: Landorus|[zeffect]
|-crit|p2a: Landorus
|-damage|p2a: Landorus|0 fnt
|faint|p2a: Landorus
|
|upkeep
|choice|*|*switch 3
|choice||switch 3
|
|switch|p2a: Tyranitar|Tyranitar, F|361\/361
|-damage|p2a: Tyranitar|316\/361|[from] Stealth Rock
|-weather|Sandstorm|[from] ability: Sand Stream|[of] p2a: Tyranitar
|turn|10
|choice|*|*move 2
|choice|*switch 2|*
|choice|switch 2|move crunch
|
|switch|p1a: Toxapex|Toxapex, F|304\/304
|-damage|p1a: Toxapex|266\/304|[from] Stealth Rock
|move|p2a: Tyranitar|Crunch|p1a: Toxapex
|-damage|p1a: Toxapex|103\/304
|
|-weather|Sandstorm|[upkeep]
|-damage|p1a: Toxapex|84\/304|[from] sandstorm
|upkeep
|turn|11
|choice|*|*move 2
|choice|*move 2|*
|choice|move toxicspikes|move crunch
|
|move|p2a: Tyranitar|Crunch|p1a: Toxapex
|-damage|p1a: Toxapex|0 fnt
|faint|p1a: Toxapex
|
|-weather|Sandstorm|[upkeep]
|upkeep
|choice|*switch 2|*
|choice|switch 2|
|
|switch|p1a: Landorus|Landorus-Therian, M|308\/351
|-damage|p1a: Landorus|265\/351|[from] Stealth Rock
|-ability|p1a: Landorus|Intimidate|boost
|-unboost|p2a: Tyranitar|atk|1
|turn|12
|choice|*|*move 2
|choice|*move 2|*
|choice|move fly|move crunch
|
|move|p1a: Landorus|Fly|p2a: Tyranitar|[still]
|-prepare|p1a: Landorus|Fly|p2a: Tyranitar
|move|p2a: Tyranitar|Crunch|p1a: Landorus|[miss]
|-miss|p2a: Tyranitar|p1a: Landorus
|
|-weather|Sandstorm|[upkeep]
|upkeep
|turn|13
|choice|*move 1|*
|choice|*|*switch 6
|choice|move fly|switch 6
|
|switch|p2a: Latios|Latios, M|301\/301
|-damage|p2a: Latios|264\/301|[from] Stealth Rock
|move|p1a: Landorus|Fly|p2a: Latios|[from]lockedmove
|-damage|p2a: Latios|39\/301
|
|-weather|Sandstorm|[upkeep]
|-damage|p2a: Latios|21\/301|[from] sandstorm
|upkeep
|turn|14
|choice|*|*move 1
|choice|*switch 6|*
|choice|switch 6|move dracometeor
|
|switch|p1a: Tangrowth|Tangrowth, F|404\/404
|-damage|p1a: Tangrowth|354\/404|[from] Stealth Rock
|move|p2a: Latios|Draco Meteor|p1a: Tangrowth|[miss]
|-miss|p2a: Latios|p1a: Tangrowth
|
|-weather|none
|upkeep
|turn|15
|choice|*|*move 1
|choice|*move 1|*
|choice|move gigadrain|move dracometeor
|
|move|p2a: Latios|Draco Meteor|p1a: Tangrowth|[miss]
|-miss|p2a: Latios|p1a: Tangrowth
|move|p1a: Tangrowth|Giga Drain|p2a: Latios
|-resisted|p2a: Latios
|-damage|p2a: Latios|0 fnt
|-heal|p1a: Tangrowth|365\/404|[from] drain|[of] p2a: Latios
|faint|p2a: Latios
|
|upkeep
|choice|*|*switch 2
|choice||switch 2
|
|switch|p2a: Tapu Lele|Tapu Lele|246\/281
|-damage|p2a: Tapu Lele|211\/281|[from] Stealth Rock
|-fieldstart|move: Psychic Terrain|[from] ability: Psychic Surge|[of] p2a: Tapu Lele
|turn|16
|choice|*|*move 3
|choice|*move 1|*
|choice|move gigadrain|move calmmind
|
|move|p2a: Tapu Lele|Calm Mind|p2a: Tapu Lele
|-boost|p2a: Tapu Lele|spa|1
|-boost|p2a: Tapu Lele|spd|1
|move|p1a: Tangrowth|Giga Drain|p2a: Tapu Lele
|-damage|p2a: Tapu Lele|157\/281
|-heal|p1a: Tangrowth|392\/404|[from] drain|[of] p2a: Tapu Lele
|
|upkeep
|turn|17
|choice|*|*move 3
|choice|*switch 6|*
|choice|*|*move 2 zmove
|choice|switch 6|move focusblast zmove
|
|switch|p1a: Landorus|Landorus-Therian, M|265\/351
|-damage|p1a: Landorus|222\/351|[from] Stealth Rock
|-ability|p1a: Landorus|Intimidate|boost
|-unboost|p2a: Tapu Lele|atk|1
|-zpower|p2a: Tapu Lele
|move|p2a: Tapu Lele|All-Out Pummeling|p1a: Landorus|[zeffect]
|-resisted|p1a: Landorus
|-damage|p1a: Landorus|16\/351
|
|upkeep
|turn|18
|choice|*|*move 1
|choice|*move 4|*
|choice|move earthquake|move psyshock
|
|move|p2a: Tapu Lele|Psyshock|p1a: Landorus
|-damage|p1a: Landorus|0 fnt
|faint|p1a: Landorus
|
|upkeep
|choice|*switch 6|*
|choice|switch 6|
|
|switch|p1a: Tangrowth|Tangrowth, F|404\/404
|-damage|p1a: Tangrowth|354\/404|[from] Stealth Rock
|turn|19
|choice|*move 1|*
|choice|*|*move 1
|choice|move gigadrain|move psyshock
|
|move|p2a: Tapu Lele|Psyshock|p1a: Tangrowth
|-damage|p1a: Tangrowth|89\/404
|move|p1a: Tangrowth|Giga Drain|p2a: Tapu Lele
|-damage|p2a: Tapu Lele|103\/281
|-heal|p1a: Tangrowth|116\/404|[from] drain|[of] p2a: Tapu Lele
|
|upkeep
|turn|20
|choice|*|*move 1
|choice|*move 1|*
|choice|move gigadrain|move psyshock
|
|move|p2a: Tapu Lele|Psyshock|p1a: Tangrowth
|-damage|p1a: Tangrowth|0 fnt
|faint|p1a: Tangrowth
|
|win|GOD❤Senpaii❤
|c|☆GOD❤Senpaii❤|que tal?
</script>
</div>
<div class="battle-log battle-log-inline"><div class="inner"><div class="battle-options"></div><div class="inner"><div class=""><small>Format:</small> <br><strong>OU</strong></div><div class=""><small><em>Cláusula-Mod de Dormir:</em> solo puedes dormir a uno de tus oponentes a la vez.</small></div><div class=""><small><em>Cláusula de Especie:</em> Hasta un Pokémon de cada especie</small></div><div class=""><small><em>Cláusula de Golpe Fulminante:</em> los movimientos fulminantes (OHKO) estan prohibidos</small></div><div class=""><small><em>Cláusula de Veleta:</em> la habilidad Veleta está prohibida</small></div><div class=""><small><em>Cláusula de Movimientos Evasivos:</em> los movimientos de Evasión están prohibidos.</small></div><div class=""><small><em>Cláusula de Batallas Eternas:</em> forzar batallas eternas está prohibido</small></div><div class="chat battle-history"><strong>Makesuit's team:</strong> <em style="color:#445566;display:block;">Alakazam / Toxapex / Greninja / Landorus-Therian / Tangrowth / Tapu Lele</em></div><div class="chat battle-history"><strong>GOD❤Senpaii❤'s team:</strong> <em style="color:#445566;display:block;">Alakazam / Tapu Lele / Tyranitar / Toxapex / Landorus-Therian / Latios</em></div><div class="spacer battle-history"><br></div><div class="battle-history">Battle started between Makesuit and GOD❤Senpaii❤!<br></div><div class="spacer battle-history"><br></div><div class="battle-history">Go! <strong>Tapu Lele</strong>!<br></div><div class="spacer battle-history"><br></div><div class="battle-history">GOD❤Senpaii❤ sent out Landorus (<strong>Landorus-Therian</strong>)!<br></div><div class="battle-history"><small>[Tapu Lele's Psychic Surge]</small><br><small>The battlefield got weird!</small><br></div><div class="battle-history"><small>[The opposing Landorus's Intimidate]</small><br></div><div class="battle-history"><small>Tapu Lele's Attack fell!</small><br></div><div class="spacer battle-history"><br></div><h2 class="battle-history">Turn 1</h2><div class="spacer battle-history"><br></div><div class="battle-history">GOD❤Senpaii❤ withdrew Landorus!<br></div><div class="battle-history">GOD❤Senpaii❤ sent out <strong>Tyranitar</strong>!<br></div><div class="battle-history"><small>[The opposing Tyranitar's Sand Stream]</small><br><small>A sandstorm kicked up!</small><br></div><div class="spacer battle-history"><br></div><div class="battle-history">Tapu Lele used <strong>Psychic</strong>!<br></div><div class="battle-history"><small>It doesn't affect the opposing Tyranitar...</small><br></div><div class="spacer battle-history"><br></div><div class="battle-history"><small>The sandstorm is raging.</small><br></div><div class="battle-history"><small>Tapu Lele is buffeted by the sandstorm!</small><br></div><div class="spacer battle-history"><br></div><h2 class="battle-history">Turn 2</h2><div class="spacer battle-history"><br></div><div class="battle-history"><small>(Tapu Lele is being withdrawn...)</small><br></div><div class="spacer battle-history"><br></div><div class="battle-history">The opposing Tyranitar used <strong>Pursuit</strong>!<br></div><div class="battle-history"><small>(Tapu Lele lost <abbr title="−264/281">94.0%</abbr> of its health!)</small><br></div><div class="spacer battle-history"><br></div><div class="battle-history">Tapu Lele fainted!<br></div><div class="spacer battle-history"><br></div><div class="battle-history"><small>The sandstorm is raging.</small><br></div><div class="spacer battle-history"><br></div><div class="battle-history">Go! Landorus (<strong>Landorus-Therian</strong>)!<br></div><div class="battle-history"><small>[Landorus's Intimidate]</small><br></div><div class="battle-history"><small>The opposing Tyranitar's Attack fell!</small><br></div><div class="spacer battle-history"><br></div><h2 class="battle-history">Turn 3</h2><div class="spacer battle-history"><br></div><div class="battle-history">GOD❤Senpaii❤ withdrew Tyranitar!<br></div><div class="battle-history">GOD❤Senpaii❤ sent out Landorus (<strong>Landorus-Therian</strong>)!<br></div><div class="battle-history"><small>[The opposing Landorus's Intimidate]</small><br></div><div class="battle-history"><small>Landorus's Attack fell!</small><br></div><div class="spacer battle-history"><br></div><div class="battle-history">Landorus used <strong>Stealth Rock</strong>!<br></div><div class="battle-history"><small>Pointed stones float in the air around the opposing team!</small><br></div><div class="spacer battle-history"><br></div><div class="battle-history"><small>The sandstorm is raging.</small><br></div><div class="spacer battle-history"><br></div><h2 class="battle-history">Turn 4</h2><div class="spacer battle-history"><br></div><div class="battle-history">Landorus, come back!<br></div><div class="battle-history">Go! <strong>Greninja</strong>!<br></div><div class="spacer battle-history"><br></div><div class="battle-history">The opposing Landorus used <strong>Stealth Rock</strong>!<br></div><div class="battle-history"><small>Pointed stones float in the air around your team!</small><br></div><div class="spacer battle-history"><br></div><div class="battle-history"><small>The sandstorm is raging.</small><br></div><div class="battle-history"><small>Greninja is buffeted by the sandstorm!</small><br></div><div class="spacer battle-history"><br></div><h2 class="battle-history">Turn 5</h2><div class="spacer battle-history"><br></div><div class="battle-history">Greninja, come back!<br></div><div class="battle-history">Go! <strong>Alakazam</strong>!<br></div><div class="spacer battle-history"><br></div><div class="battle-history">The opposing Landorus used <strong>U-turn</strong>!<br></div><div class="battle-history"><small>It's super effective!</small><br></div><div class="battle-history"><small>(Alakazam lost <abbr title="−262/262">100%</abbr> of its health!)</small><br></div><div class="spacer battle-history"><br></div><div class="battle-history">Alakazam fainted!<br></div><div class="chat chatmessage-makesuit"><strong style="color:hsl(57,64%,37%)"><small>☆</small><span class="username" data-name="Makesuit">Makesuit</span>:</strong> <em>k</em></div><div class="chat chatmessage-godsenpaii"><strong style="color:hsl(302,64%,46%)"><small>☆</small><span class="username" data-name="GOD❤Senpaii❤">GOD❤Senpaii❤</span>:</strong> <em>jaja caistes</em></div><div class="spacer battle-history"><br></div><div class="battle-history">The opposing Landorus went back to GOD❤Senpaii❤!<br></div><div class="battle-history">GOD❤Senpaii❤ sent out <strong>Tapu Lele</strong>!<br></div><div class="battle-history"><small>Pointed stones dug into the opposing Tapu Lele!</small><br></div><div class="spacer battle-history"><br></div><div class="battle-history"><small>The sandstorm subsided.</small><br></div><div class="battle-history"><small>The weirdness disappeared from the battlefield!</small><br></div><div class="spacer battle-history"><br></div><div class="battle-history">Go! <strong>Tangrowth</strong>!<br></div><div class="battle-history"><small>Pointed stones dug into Tangrowth!</small><br></div><div class="spacer battle-history"><br></div><h2 class="battle-history">Turn 6</h2><div class="spacer battle-history"><br></div><div class="battle-history">GOD❤Senpaii❤ withdrew Tapu Lele!<br></div><div class="battle-history">GOD❤Senpaii❤ sent out Landorus (<strong>Landorus-Therian</strong>)!<br></div><div class="battle-history"><small>Pointed stones dug into the opposing Landorus!</small><br></div><div class="battle-history"><small>[The opposing Landorus's Intimidate]</small><br></div><div class="battle-history"><small>Tangrowth's Attack fell!</small><br></div><div class="spacer battle-history"><br></div><div class="battle-history">Tangrowth used <strong>Hidden Power</strong>!<br></div><div class="battle-history"><small>It's super effective!</small><br></div><div class="battle-history"><small>(The opposing Landorus lost <abbr title="−228/382">59.7%</abbr> of its health!)</small><br></div><div class="spacer battle-history"><br></div><h2 class="battle-history">Turn 7</h2><div class="spacer battle-history"><br></div><div class="battle-history">The opposing Landorus used <strong>U-turn</strong>!<br></div><div class="battle-history"><small>It's super effective!</small><br></div><div class="battle-history"><small>(Tangrowth lost <abbr title="−128/404">31.7%</abbr> of its health!)</small><br></div><div class="spacer battle-history"><br></div><div class="battle-history">The opposing Landorus went back to GOD❤Senpaii❤!<br></div><div class="battle-history">GOD❤Senpaii❤ sent out <strong>Alakazam</strong>!<br></div><div class="spacer battle-history"><br></div><div class="battle-history">Tangrowth used <strong>Giga Drain</strong>!<br></div><div class="battle-history"><small>(The opposing Alakazam lost <abbr title="−96/251">38.2%</abbr> of its health!)</small><br></div><div class="battle-history"><small>The opposing Alakazam had its energy drained!</small><br></div><div class="spacer battle-history"><br></div><h2 class="battle-history">Turn 8</h2><div class="spacer battle-history"><br></div><div class="battle-history">Tangrowth, come back!<br></div><div class="battle-history">Go! <strong>Greninja</strong>!<br></div><div class="battle-history"><small>Pointed stones dug into Greninja!</small><br></div><div class="spacer battle-history"><br></div><div class="battle-history"><small>The opposing Alakazam's Alakazite is reacting to the Key Stone!</small><br>The opposing Alakazam has Mega Evolved into Mega Alakazam!<br></div><div class="spacer battle-history"><br></div><div class="battle-history">The opposing Alakazam used <strong>Focus Blast</strong>!<br></div><div class="battle-history"><small>It's super effective!</small><br></div><div class="battle-history"><small>(Greninja lost <abbr title="−233/285">81.8%</abbr> of its health!)</small><br></div><div class="spacer battle-history"><br></div><div class="battle-history">Greninja fainted!<br></div><div class="spacer battle-history"><br></div><div class="battle-history">Go! Landorus (<strong>Landorus-Therian</strong>)!<br></div><div class="battle-history"><small>[The opposing Alakazam's Trace]</small><br><small>[The opposing Alakazam's Intimidate]</small><br><small>The opposing Alakazam traced Landorus's Intimidate!</small><br></div><div class="battle-history"><small>[The opposing Alakazam's Intimidate]</small><br></div><div class="battle-history"><small>Landorus's Attack fell!</small><br></div><div class="battle-history"><small>Pointed stones dug into Landorus!</small><br></div><div class="battle-history"><small>[Landorus's Intimidate]</small><br></div><div class="battle-history"><small>The opposing Alakazam's Attack fell!</small><br></div><div class="spacer battle-history"><br></div><h2 class="battle-history">Turn 9</h2><div class="spacer battle-history"><br></div><div class="battle-history">GOD❤Senpaii❤ withdrew Alakazam!<br></div><div class="battle-history">GOD❤Senpaii❤ sent out Landorus (<strong>Landorus-Therian</strong>)!<br></div><div class="battle-history"><small>Pointed stones dug into the opposing Landorus!</small><br></div><div class="battle-history"><small>[The opposing Landorus's Intimidate]</small><br></div><div class="battle-history"><small>Landorus's Attack fell!</small><br></div><div class="battle-history"><small>Landorus surrounded itself with its Z-Power!</small><br></div><div class="spacer battle-history"><br></div><div class="battle-history">Landorus used <strong>Supersonic Skystrike</strong>!<br></div><div class="battle-history"><small>A critical hit!</small><br></div><div class="battle-history"><small>(The opposing Landorus lost <abbr title="−60/382">15.7%</abbr> of its health!)</small><br></div><div class="spacer battle-history"><br></div><div class="battle-history">The opposing Landorus fainted!<br></div><div class="spacer battle-history"><br></div><div class="battle-history">GOD❤Senpaii❤ sent out <strong>Tyranitar</strong>!<br></div><div class="battle-history"><small>Pointed stones dug into the opposing Tyranitar!</small><br></div><div class="battle-history"><small>[The opposing Tyranitar's Sand Stream]</small><br><small>A sandstorm kicked up!</small><br></div><div class="spacer battle-history"><br></div><h2 class="battle-history">Turn 10</h2><div class="spacer battle-history"><br></div><div class="battle-history">Landorus, come back!<br></div><div class="battle-history">Go! <strong>Toxapex</strong>!<br></div><div class="battle-history"><small>Pointed stones dug into Toxapex!</small><br></div><div class="spacer battle-history"><br></div><div class="battle-history">The opposing Tyranitar used <strong>Crunch</strong>!<br></div><div class="battle-history"><small>(Toxapex lost <abbr title="−163/304">53.6%</abbr> of its health!)</small><br></div><div class="spacer battle-history"><br></div><div class="battle-history"><small>The sandstorm is raging.</small><br></div><div class="battle-history"><small>Toxapex is buffeted by the sandstorm!</small><br></div><div class="spacer battle-history"><br></div><h2 class="battle-history">Turn 11</h2><div class="spacer battle-history"><br></div><div class="battle-history">The opposing Tyranitar used <strong>Crunch</strong>!<br></div><div class="battle-history"><small>(Toxapex lost <abbr title="−84/304">27.6%</abbr> of its health!)</small><br></div><div class="spacer battle-history"><br></div><div class="battle-history">Toxapex fainted!<br></div><div class="spacer battle-history"><br></div><div class="battle-history"><small>The sandstorm is raging.</small><br></div><div class="spacer battle-history"><br></div><div class="battle-history">Go! Landorus (<strong>Landorus-Therian</strong>)!<br></div><div class="battle-history"><small>Pointed stones dug into Landorus!</small><br></div><div class="battle-history"><small>[Landorus's Intimidate]</small><br></div><div class="battle-history"><small>The opposing Tyranitar's Attack fell!</small><br></div><div class="spacer battle-history"><br></div><h2 class="battle-history">Turn 12</h2><div class="spacer battle-history"><br></div><div class="battle-history">Landorus used <strong>Fly</strong>!<br></div><div class="battle-history">Landorus flew up high!<br></div><div class="spacer battle-history"><br></div><div class="battle-history">The opposing Tyranitar used <strong>Crunch</strong>!<br></div><div class="battle-history"><small>Landorus avoided the attack!</small><br></div><div class="spacer battle-history"><br></div><div class="battle-history"><small>The sandstorm is raging.</small><br></div><div class="spacer battle-history"><br></div><h2 class="battle-history">Turn 13</h2><div class="spacer battle-history"><br></div><div class="battle-history">GOD❤Senpaii❤ withdrew Tyranitar!<br></div><div class="battle-history">GOD❤Senpaii❤ sent out <strong>Latios</strong>!<br></div><div class="battle-history"><small>Pointed stones dug into the opposing Latios!</small><br></div><div class="spacer battle-history"><br></div><div class="battle-history">Landorus used <strong>Fly</strong>!<br></div><div class="battle-history"><small>(The opposing Latios lost <abbr title="−225/301">74.8%</abbr> of its health!)</small><br></div><div class="spacer battle-history"><br></div><div class="battle-history"><small>The sandstorm is raging.</small><br></div><div class="battle-history"><small>The opposing Latios is buffeted by the sandstorm!</small><br></div><div class="spacer battle-history"><br></div><h2 class="battle-history">Turn 14</h2><div class="spacer battle-history"><br></div><div class="battle-history">Landorus, come back!<br></div><div class="battle-history">Go! <strong>Tangrowth</strong>!<br></div><div class="battle-history"><small>Pointed stones dug into Tangrowth!</small><br></div><div class="spacer battle-history"><br></div><div class="battle-history">The opposing Latios used <strong>Draco Meteor</strong>!<br></div><div class="battle-history"><small>Tangrowth avoided the attack!</small><br></div><div class="spacer battle-history"><br></div><div class="battle-history"><small>The sandstorm subsided.</small><br></div><div class="spacer battle-history"><br></div><h2 class="battle-history">Turn 15</h2><div class="spacer battle-history"><br></div><div class="battle-history">The opposing Latios used <strong>Draco Meteor</strong>!<br></div><div class="battle-history"><small>Tangrowth avoided the attack!</small><br></div><div class="spacer battle-history"><br></div><div class="battle-history">Tangrowth used <strong>Giga Drain</strong>!<br></div><div class="battle-history"><small>It's not very effective...</small><br></div><div class="battle-history"><small>(The opposing Latios lost <abbr title="−21/301">7.0%</abbr> of its health!)</small><br></div><div class="battle-history"><small>The opposing Latios had its energy drained!</small><br></div><div class="spacer battle-history"><br></div><div class="battle-history">The opposing Latios fainted!<br></div><div class="spacer battle-history"><br></div><div class="battle-history">GOD❤Senpaii❤ sent out <strong>Tapu Lele</strong>!<br></div><div class="battle-history"><small>Pointed stones dug into the opposing Tapu Lele!</small><br></div><div class="battle-history"><small>[The opposing Tapu Lele's Psychic Surge]</small><br><small>The battlefield got weird!</small><br></div><div class="spacer battle-history"><br></div><h2 class="battle-history">Turn 16</h2><div class="spacer battle-history"><br></div><div class="battle-history">The opposing Tapu Lele used <strong>Calm Mind</strong>!<br></div><div class="battle-history"><small>The opposing Tapu Lele's Special Attack rose!</small><br></div><div class="battle-history"><small>The opposing Tapu Lele's Special Defense rose!</small><br></div><div class="spacer battle-history"><br></div><div class="battle-history">Tangrowth used <strong>Giga Drain</strong>!<br></div><div class="battle-history"><small>(The opposing Tapu Lele lost <abbr title="−54/281">19.2%</abbr> of its health!)</small><br></div><div class="battle-history"><small>The opposing Tapu Lele had its energy drained!</small><br></div><div class="spacer battle-history"><br></div><h2 class="battle-history">Turn 17</h2><div class="spacer battle-history"><br></div><div class="battle-history">Tangrowth, come back!<br></div><div class="battle-history">Go! Landorus (<strong>Landorus-Therian</strong>)!<br></div><div class="battle-history"><small>Pointed stones dug into Landorus!</small><br></div><div class="battle-history"><small>[Landorus's Intimidate]</small><br></div><div class="battle-history"><small>The opposing Tapu Lele's Attack fell!</small><br></div><div class="battle-history"><small>The opposing Tapu Lele surrounded itself with its Z-Power!</small><br></div><div class="spacer battle-history"><br></div><div class="battle-history">The opposing Tapu Lele used <strong>All-Out Pummeling</strong>!<br></div><div class="battle-history"><small>It's not very effective...</small><br></div><div class="battle-history"><small>(Landorus lost <abbr title="−206/351">58.7%</abbr> of its health!)</small><br></div><div class="spacer battle-history"><br></div><h2 class="battle-history">Turn 18</h2><div class="spacer battle-history"><br></div><div class="battle-history">The opposing Tapu Lele used <strong>Psyshock</strong>!<br></div><div class="battle-history"><small>(Landorus lost <abbr title="−16/351">4.6%</abbr> of its health!)</small><br></div><div class="spacer battle-history"><br></div><div class="battle-history">Landorus fainted!<br></div><div class="spacer battle-history"><br></div><div class="battle-history">Go! <strong>Tangrowth</strong>!<br></div><div class="battle-history"><small>Pointed stones dug into Tangrowth!</small><br></div><div class="spacer battle-history"><br></div><h2 class="battle-history">Turn 19</h2><div class="spacer battle-history"><br></div><div class="battle-history">The opposing Tapu Lele used <strong>Psyshock</strong>!<br></div><div class="battle-history"><small>(Tangrowth lost <abbr title="−265/404">65.6%</abbr> of its health!)</small><br></div><div class="spacer battle-history"><br></div><div class="battle-history">Tangrowth used <strong>Giga Drain</strong>!<br></div><div class="battle-history"><small>(The opposing Tapu Lele lost <abbr title="−54/281">19.2%</abbr> of its health!)</small><br></div><div class="battle-history"><small>The opposing Tapu Lele had its energy drained!</small><br></div><div class="spacer battle-history"><br></div><h2 class="battle-history">Turn 20</h2><div class="spacer battle-history"><br></div><div class="battle-history">The opposing Tapu Lele used <strong>Psyshock</strong>!<br></div><div class="battle-history"><small>(Tangrowth lost <abbr title="−116/404">28.7%</abbr> of its health!)</small><br></div><div class="spacer battle-history"><br></div><div class="battle-history">Tangrowth fainted!<br></div><div class="spacer battle-history"><br></div><div class="battle-history"><strong>GOD❤Senpaii❤</strong> won the battle!<br></div><div class="chat chatmessage-godsenpaii"><strong style="color:hsl(302,64%,46%)"><small>☆</small><span class="username" data-name="GOD❤Senpaii❤">GOD❤Senpaii❤</span>:</strong> <em>que tal?</em></div></div><div class="inner-preempt"></div></div></div>
</div>
<script>
let daily = Math.floor(Date.now()/1000/60/60/24);document.write('<script src="https://play.pokemonshowdown.com/js/replay-embed.js?version'+daily+'"></'+'script>');
</script>
