<!DOCTYPE html>
<meta charset="utf-8" />
<!-- version 1 -->
<title>OU replay: DarkQuiler vs. El wn</title>
<style>
html,body {font-family:Verdana, sans-serif;font-size:10pt;margin:0;padding:0;}body{padding:12px 0;} .battle-log {font-family:Verdana, sans-serif;font-size:10pt;} .battle-log-inline {border:1px solid #AAAAAA;background:#EEF2F5;color:black;max-width:640px;margin:0 auto 80px;padding-bottom:5px;} .battle-log .inner {padding:4px 8px 0px 8px;} .battle-log .inner-preempt {padding:0 8px 4px 8px;} .battle-log .inner-after {margin-top:0.5em;} .battle-log h2 {margin:0.5em -8px;padding:4px 8px;border:1px solid #AAAAAA;background:#E0E7EA;border-left:0;border-right:0;font-family:Verdana, sans-serif;font-size:13pt;} .battle-log .chat {vertical-align:middle;padding:3px 0 3px 0;font-size:8pt;} .battle-log .chat strong {color:#40576A;} .battle-log .chat em {padding:1px 4px 1px 3px;color:#000000;font-style:normal;} .chat.mine {background:rgba(0,0,0,0.05);margin-left:-8px;margin-right:-8px;padding-left:8px;padding-right:8px;} .spoiler {color:#BBBBBB;background:#BBBBBB;padding:0px 3px;} .spoiler:hover, .spoiler:active, .spoiler-shown {color:#000000;background:#E2E2E2;padding:0px 3px;} .spoiler a {color:#BBBBBB;} .spoiler:hover a, .spoiler:active a, .spoiler-shown a {color:#2288CC;} .chat code, .chat .spoiler:hover code, .chat .spoiler:active code, .chat .spoiler-shown code {border:1px solid #C0C0C0;background:#EEEEEE;color:black;padding:0 2px;} .chat .spoiler code {border:1px solid #CCCCCC;background:#CCCCCC;color:#CCCCCC;} .battle-log .rated {padding:3px 4px;} .battle-log .rated strong {color:white;background:#89A;padding:1px 4px;border-radius:4px;} .spacer {margin-top:0.5em;} .message-announce {background:#6688AA;color:white;padding:1px 4px 2px;} .message-announce a, .broadcast-green a, .broadcast-blue a, .broadcast-red a {color:#DDEEFF;} .broadcast-green {background-color:#559955;color:white;padding:2px 4px;} .broadcast-blue {background-color:#6688AA;color:white;padding:2px 4px;} .infobox {border:1px solid #6688AA;padding:2px 4px;} .infobox-limited {max-height:200px;overflow:auto;overflow-x:hidden;} .broadcast-red {background-color:#AA5544;color:white;padding:2px 4px;} .message-learn-canlearn {font-weight:bold;color:#228822;text-decoration:underline;} .message-learn-cannotlearn {font-weight:bold;color:#CC2222;text-decoration:underline;} .message-effect-weak {font-weight:bold;color:#CC2222;} .message-effect-resist {font-weight:bold;color:#6688AA;} .message-effect-immune {font-weight:bold;color:#666666;} .message-learn-list {margin-top:0;margin-bottom:0;} .message-throttle-notice, .message-error {color:#992222;} .message-overflow, .chat small.message-overflow {font-size:0pt;} .message-overflow::before {font-size:9pt;content:'...';} .subtle {color:#3A4A66;}
</style>
<div class="wrapper replay-wrapper" style="max-width:1180px;margin:0 auto">
<input type="hidden" name="replayid" value="destiny-ou-559787" />
<div class="battle"></div><div class="battle-log"></div><div class="replay-controls"></div><div class="replay-controls-2"></div>
<h1 style="font-weight:normal;text-align:center"><strong>OU</strong><br /><a href="http://pokemonshowdown.com/users/darkquiler" class="subtle" target="_blank">DarkQuiler</a> vs. <a href="http://pokemonshowdown.com/users/elwn" class="subtle" target="_blank">El wn</a></h1>
<script type="text/plain" class="battle-log-data">|player|p1|DarkQuiler|darkquiler.gif?1b10ba5a
|teamsize|p1|6
|player|p2|El wn|170
|teamsize|p2|6
|teamsize|p1|6
|teamsize|p2|6
|gametype|singles
|gen|7
|tier|OU
|seed|65404,56191,55831,3427
|rule|Cláusula-Mod de Dormir: solo puedes dormir a uno de tus oponentes a la vez.
|rule|Cláusula de Especie: Hasta un Pokémon de cada especie
|rule|Cláusula de Golpe Fulminante: los movimientos fulminantes (OHKO) estan prohibidos
|rule|Cláusula de Veleta: la habilidad Veleta está prohibida
|rule|Cláusula de Movimientos Evasivos: los movimientos de Evasión están prohibidos.
|rule|Cláusula de Batallas Eternas: forzar batallas eternas está prohibido
|clearpoke
|poke|p1|Alakazam, F|item
|poke|p1|Heatran, M|item
|poke|p1|Greninja, M|item
|poke|p1|Tapu Bulu|item
|poke|p1|Zapdos|item
|poke|p1|Chansey, F|item
|poke|p2|Scizor, M|item
|poke|p2|Greninja, M|item
|poke|p2|Hippowdon, M|item
|poke|p2|Volcarona, M|item
|poke|p2|Landorus-Therian, M|item
|poke|p2|Toxapex, M|item
|teampreview|undefined
|c|☆El wn|Ese chansey me reucerda al celestela 0 ev
|choice|*|*team 423156
|choice|*team 321456|*
|choice|team 3, 2, 1, 4, 5, 6|team 4, 2, 3, 1, 5, 6
|
|start
|switch|p1a: Greninja|Greninja, M|285\/285
|switch|p2a: Volcarona|Volcarona, M|311\/311
|turn|1
|c|☆DarkQuiler|xD
|choice|*|*switch 6
|c|☆DarkQuiler|creo que ahora si estan bn
|c|☆El wn|xD
|choice|*move 4|*
|choice|move spikes|switch 6
|
|switch|p2a: Toxapex|Toxapex, M|300\/300
|move|p1a: Greninja|Spikes|p2a: Toxapex
|-sidestart|p2: El wn|Spikes
|
|upkeep
|turn|2
|choice|*switch 6|*
|choice|*|*move 3
|choice|switch 6|move toxicspikes
|
|switch|p1a: Chansey|Chansey, F|703\/703
|move|p2a: Toxapex|Toxic Spikes|p1a: Chansey
|-sidestart|p1: DarkQuiler|move: Toxic Spikes
|
|upkeep
|turn|3
|choice|*|*move 3
|choice|*move 3|*
|choice|move stealthrock|move toxicspikes
|
|move|p1a: Chansey|Stealth Rock|p2a: Toxapex
|-sidestart|p2: El wn|move: Stealth Rock
|move|p2a: Toxapex|Toxic Spikes|p1a: Chansey
|-sidestart|p1: DarkQuiler|move: Toxic Spikes
|
|upkeep
|turn|4
|choice|*|*move 3
|choice|*move 1|*
|choice|move seismictoss|move toxicspikes
|
|move|p1a: Chansey|Seismic Toss|p2a: Toxapex
|-damage|p2a: Toxapex|200\/300
|move|p2a: Toxapex|Toxic Spikes|p1a: Chansey
|-fail|p2a: Toxapex
|
|-heal|p2a: Toxapex|218\/300|[from] item: Leftovers
|upkeep
|turn|5
|choice|*move 1|*
|choice|*|*move 2
|choice|move seismictoss|move toxic
|
|move|p1a: Chansey|Seismic Toss|p2a: Toxapex
|-damage|p2a: Toxapex|118\/300
|move|p2a: Toxapex|Toxic|p1a: Chansey
|-status|p1a: Chansey|tox
|
|-heal|p2a: Toxapex|136\/300|[from] item: Leftovers
|-damage|p1a: Chansey|660\/703 tox|[from] psn
|upkeep
|turn|6
|c|☆El wn|c me olvido colocarle recover v
|choice|*|*switch 5
|choice|*move 1|*
|choice|move seismictoss|switch 5
|
|switch|p2a: Landorus|Landorus-Therian, M|319\/319
|-damage|p2a: Landorus|280\/319|[from] Stealth Rock
|-ability|p2a: Landorus|Intimidate|boost
|-unboost|p1a: Chansey|atk|1
|move|p1a: Chansey|Seismic Toss|p2a: Landorus
|-damage|p2a: Landorus|180\/319
|
|-damage|p1a: Chansey|574\/703 tox|[from] psn
|upkeep
|turn|7
|c|☆El wn|xD
|choice|*switch 5|*
|choice|*|*move 1
|choice|switch 5|move stealthrock
|
|-curestatus|p1a: Chansey|tox|[from] ability: Natural Cure
|switch|p1a: Zapdos|Zapdos|384\/384
|move|p2a: Landorus|Stealth Rock|p1a: Zapdos
|-sidestart|p1: DarkQuiler|move: Stealth Rock
|
|upkeep
|turn|8
|c|☆DarkQuiler|xD
|choice|*|*move 4
|choice|*move 3|*
|choice|move defog|move stoneedge
|
|move|p2a: Landorus|Stone Edge|p1a: Zapdos
|-supereffective|p1a: Zapdos
|-damage|p1a: Zapdos|194\/384
|move|p1a: Zapdos|Defog|p2a: Landorus
|-unboost|p2a: Landorus|evasion|1
|-sideend|p2: El wn|Spikes|[from] move: Defog|[of] p2a: Landorus
|-sideend|p2: El wn|Stealth Rock|[from] move: Defog|[of] p2a: Landorus
|-sideend|p1: DarkQuiler|Toxic Spikes|[from] move: Defog|[of] p1a: Zapdos
|-sideend|p1: DarkQuiler|Stealth Rock|[from] move: Defog|[of] p1a: Zapdos
|
|-heal|p1a: Zapdos|218\/384|[from] item: Leftovers
|upkeep
|turn|9
|choice|*|*move 4
|choice|*move 4|*
|choice|move roost|move stoneedge
|
|move|p2a: Landorus|Stone Edge|p1a: Zapdos|[miss]
|-miss|p2a: Landorus|p1a: Zapdos
|move|p1a: Zapdos|Roost|p1a: Zapdos
|-heal|p1a: Zapdos|384\/384
|
|upkeep
|turn|10
|choice|*|*move 4
|choice|*move 2|*
|choice|move heatwave|move stoneedge
|
|move|p2a: Landorus|Stone Edge|p1a: Zapdos
|-supereffective|p1a: Zapdos
|-crit|p1a: Zapdos
|-damage|p1a: Zapdos|90\/384
|move|p1a: Zapdos|Heat Wave|p2a: Landorus
|-damage|p2a: Landorus|93\/319
|
|-heal|p1a: Zapdos|114\/384|[from] item: Leftovers
|upkeep
|turn|11
|choice|*|*move 4
|c|☆El wn|xD :v
|choice|*switch 5|*
|choice|switch 5|move stoneedge
|
|switch|p1a: Chansey|Chansey, F|574\/703
|move|p2a: Landorus|Stone Edge|p1a: Chansey
|-damage|p1a: Chansey|408\/703
|
|upkeep
|turn|12
|choice|*move 2|*
|choice|*|*move 3
|choice|move softboiled|move earthquake
|
|move|p2a: Landorus|Earthquake|p1a: Chansey
|-damage|p1a: Chansey|185\/703
|move|p1a: Chansey|Soft-Boiled|p1a: Chansey
|-heal|p1a: Chansey|537\/703
|
|upkeep
|turn|13
|choice|*move 1|*
|choice|*|*move 2
|choice|move seismictoss|move uturn
|
|move|p2a: Landorus|U-turn|p1a: Chansey
|-damage|p1a: Chansey|429\/703
|choice|*|*switch 4
|choice||switch 4
|
|switch|p2a: Scizor|Scizor, M|343\/343|[from]move: U-turn
|move|p1a: Chansey|Seismic Toss|p2a: Scizor
|-damage|p2a: Scizor|243\/343
|
|upkeep
|turn|14
|choice|*|*move 1 mega
|choice|*switch 2|*
|choice|switch 2|move swordsdance mega
|
|switch|p1a: Heatran|Heatran, M|386\/386
|-mega|p2a: Scizor|Scizor|Scizorite
|detailschange|p2a: Scizor|Scizor-Mega, M
|move|p2a: Scizor|Swords Dance|p2a: Scizor
|-boost|p2a: Scizor|atk|2
|
|upkeep
|turn|15
|choice|*move 2|*
|choice|*|*switch 3
|choice|move magmastorm|switch 3
|
|switch|p2a: Hippowdon|Hippowdon, M|420\/420
|-weather|Sandstorm|[from] ability: Sand Stream|[of] p2a: Hippowdon
|move|p1a: Heatran|Magma Storm|p2a: Hippowdon|[miss]
|-miss|p1a: Heatran|p2a: Hippowdon
|
|-weather|Sandstorm|[upkeep]
|upkeep
|turn|16
|choice|*switch 4|*
|choice|*|*move 2
|choice|switch 4|move stealthrock
|
|switch|p1a: Tapu Bulu|Tapu Bulu|344\/344
|-fieldstart|move: Grassy Terrain|[from] ability: Grassy Surge|[of] p1a: Tapu Bulu
|move|p2a: Hippowdon|Stealth Rock|p1a: Tapu Bulu
|-sidestart|p1: DarkQuiler|move: Stealth Rock
|
|-weather|Sandstorm|[upkeep]
|-damage|p1a: Tapu Bulu|323\/344|[from] sandstorm
|-heal|p1a: Tapu Bulu|344\/344|[from] item: Leftovers
|upkeep
|turn|17
|choice|*|*switch 5
|choice|*switch 5|*
|choice|switch 5|switch 5
|
|switch|p1a: Zapdos|Zapdos|114\/384
|-damage|p1a: Zapdos|18\/384|[from] Stealth Rock
|switch|p2a: Toxapex|Toxapex, M|236\/300
|
|-weather|Sandstorm|[upkeep]
|-damage|p1a: Zapdos|0 fnt|[from] sandstorm
|-damage|p2a: Toxapex|218\/300|[from] sandstorm
|-heal|p2a: Toxapex|236\/300|[from] item: Leftovers
|-heal|p2a: Toxapex|254\/300|[from] Grassy Terrain
|upkeep
|faint|p1a: Zapdos
|choice|*switch 3|*
|choice|switch 3|
|
|switch|p1a: Alakazam|Alakazam, F|251\/251
|-damage|p1a: Alakazam|220\/251|[from] Stealth Rock
|turn|18
|choice|*|*move 1
|choice|*move 1 mega|*
|choice|move psychic mega|move scald
|
|-mega|p1a: Alakazam|Alakazam|Alakazite
|detailschange|p1a: Alakazam|Alakazam-Mega, F
|-ability|p1a: Alakazam|Regenerator|[from] ability: Trace|[of] p2a: Toxapex
|move|p1a: Alakazam|Psychic|p2a: Toxapex
|-supereffective|p2a: Toxapex
|-damage|p2a: Toxapex|26\/300
|-unboost|p2a: Toxapex|spd|1
|move|p2a: Toxapex|Scald|p1a: Alakazam
|-damage|p1a: Alakazam|166\/251
|
|-weather|Sandstorm|[upkeep]
|-damage|p1a: Alakazam|151\/251|[from] sandstorm
|-damage|p2a: Toxapex|8\/300|[from] sandstorm
|-heal|p1a: Alakazam|166\/251|[from] Grassy Terrain
|-heal|p2a: Toxapex|26\/300|[from] item: Leftovers
|-heal|p2a: Toxapex|44\/300|[from] Grassy Terrain
|upkeep
|turn|19
|choice|*move 1|*
|choice|*|*move 2
|choice|move psychic|move toxic
|
|move|p1a: Alakazam|Psychic|p2a: Toxapex
|-supereffective|p2a: Toxapex
|-damage|p2a: Toxapex|0 fnt
|faint|p2a: Toxapex
|
|-weather|none
|-heal|p1a: Alakazam|181\/251|[from] Grassy Terrain
|upkeep
|choice|*|*switch 3
|choice||switch 3
|
|switch|p2a: Scizor|Scizor-Mega, M|243\/343
|turn|20
|choice|*|*move 2
|choice|*switch 4|*
|choice|switch 4|move bulletpunch
|
|switch|p1a: Heatran|Heatran, M|386\/386
|-damage|p1a: Heatran|338\/386|[from] Stealth Rock
|move|p2a: Scizor|Bullet Punch|p1a: Heatran
|-resisted|p1a: Heatran
|-damage|p1a: Heatran|305\/386
|
|-heal|p1a: Heatran|329\/386|[from] Grassy Terrain
|-heal|p2a: Scizor|264\/343|[from] Grassy Terrain
|-fieldend|move: Grassy Terrain
|upkeep
|turn|21
|choice|*move 2|*
|choice|*|*switch 5
|choice|move magmastorm|switch 5
|
|switch|p2a: Hippowdon|Hippowdon, M|420\/420
|-weather|Sandstorm|[from] ability: Sand Stream|[of] p2a: Hippowdon
|move|p1a: Heatran|Magma Storm|p2a: Hippowdon|[miss]
|-miss|p1a: Heatran|p2a: Hippowdon
|
|-weather|Sandstorm|[upkeep]
|upkeep
|turn|22
|choice|*|*move 4
|choice|*switch 5|*
|choice|switch 5|move whirlwind
|
|switch|p1a: Tapu Bulu|Tapu Bulu|344\/344
|-damage|p1a: Tapu Bulu|301\/344|[from] Stealth Rock
|-fieldstart|move: Grassy Terrain|[from] ability: Grassy Surge|[of] p1a: Tapu Bulu
|move|p2a: Hippowdon|Whirlwind|p1a: Tapu Bulu
|drag|p1a: Greninja|Greninja, M|285\/285
|-damage|p1a: Greninja|250\/285|[from] Stealth Rock
|
|-weather|Sandstorm|[upkeep]
|-damage|p1a: Greninja|233\/285|[from] sandstorm
|-heal|p1a: Greninja|250\/285|[from] Grassy Terrain
|upkeep
|turn|23
|choice|*|*switch 2
|choice|*move 3|*
|choice|move hydropump|switch 2
|
|switch|p2a: Greninja|Greninja, M|285\/285
|move|p1a: Greninja|Hydro Pump|p2a: Greninja
|-resisted|p2a: Greninja
|-damage|p2a: Greninja|124\/285
|
|-weather|Sandstorm|[upkeep]
|-damage|p2a: Greninja|107\/285|[from] sandstorm
|-damage|p1a: Greninja|233\/285|[from] sandstorm
|-heal|p1a: Greninja|250\/285|[from] Grassy Terrain
|-heal|p2a: Greninja|124\/285|[from] Grassy Terrain
|upkeep
|turn|24
|choice|*move 3|*
|choice|*|*move 4
|choice|move hydropump|move uturn
|
|move|p1a: Greninja|Hydro Pump|p2a: Greninja
|-resisted|p2a: Greninja
|-damage|p2a: Greninja|0 fnt
|faint|p2a: Greninja
|-activate|p1a: Greninja|ability: Battle Bond
|detailschange|p1a: Greninja|Greninja-Ash, M
|
|-weather|Sandstorm|[upkeep]
|-damage|p1a: Greninja|233\/285|[from] sandstorm
|-heal|p1a: Greninja|250\/285|[from] Grassy Terrain
|upkeep
|choice|*|*switch 6
|choice||switch 6
|
|switch|p2a: Volcarona|Volcarona, M|311\/311
|turn|25
|choice|*|*move 4
|choice|*move 3|*
|choice|move hydropump|move quiverdance
|
|move|p1a: Greninja|Hydro Pump|p2a: Volcarona
|-supereffective|p2a: Volcarona
|-damage|p2a: Volcarona|0 fnt
|faint|p2a: Volcarona
|
|-weather|none
|-heal|p1a: Greninja|267\/285|[from] Grassy Terrain
|upkeep
|c|☆El wn|Pto hax .v
|choice|*|*switch 2
|choice||switch 2
|
|switch|p2a: Hippowdon|Hippowdon, M|420\/420
|-weather|Sandstorm|[from] ability: Sand Stream|[of] p2a: Hippowdon
|turn|26
|choice|*move 3|*
|choice|*|*move 3
|choice|move hydropump|move earthquake
|
|move|p1a: Greninja|Hydro Pump|p2a: Hippowdon
|-supereffective|p2a: Hippowdon
|-damage|p2a: Hippowdon|0 fnt
|faint|p2a: Hippowdon
|
|-weather|Sandstorm|[upkeep]
|-damage|p1a: Greninja|250\/285|[from] sandstorm
|-heal|p1a: Greninja|267\/285|[from] Grassy Terrain
|-fieldend|move: Grassy Terrain
|upkeep
|choice|*|*switch 5
|choice||switch 5
|
|switch|p2a: Scizor|Scizor-Mega, M|264\/343
|turn|27
|c|☆El wn|Cuanto hax
|choice|*switch 5|*
|choice|*|*move 2
|choice|switch 5|move bulletpunch
|
|switch|p1a: Heatran|Heatran, M|329\/386
|-damage|p1a: Heatran|281\/386|[from] Stealth Rock
|move|p2a: Scizor|Bullet Punch|p1a: Heatran
|-resisted|p1a: Heatran
|-damage|p1a: Heatran|252\/386
|
|-weather|Sandstorm|[upkeep]
|upkeep
|turn|28
|choice|*|*switch 4
|c|☆DarkQuiler|pero si llevo dos miss de lluvia ignea xD
|choice|*move 2|*
|choice|move magmastorm|switch 4
|
|switch|p2a: Landorus|Landorus-Therian, M|93\/319
|-ability|p2a: Landorus|Intimidate|boost
|-unboost|p1a: Heatran|atk|1
|move|p1a: Heatran|Magma Storm|p2a: Landorus
|-damage|p2a: Landorus|0 fnt
|faint|p2a: Landorus
|
|-weather|Sandstorm|[upkeep]
|upkeep
|choice|*|*switch 4
|choice||switch 4
|
|switch|p2a: Scizor|Scizor-Mega, M|264\/343
|turn|29
|choice|*move 2 zmove|*
|c|☆El wn|Acertaste 4 hydrifallo
|choice|*|*move 4
|choice|move magmastorm zmove|move roost
|
|-zpower|p1a: Heatran
|move|p1a: Heatran|Inferno Overdrive|p2a: Scizor|[zeffect]
|-supereffective|p2a: Scizor
|-damage|p2a: Scizor|0 fnt
|faint|p2a: Scizor
|
|win|DarkQuiler
|c|☆El wn|:v
|c|☆DarkQuiler|pero misseo dos lluvia igneas
|c|☆DarkQuiler|seguidos xD
</script>
</div>
<div class="battle-log battle-log-inline"><div class="inner"><div class="battle-options"></div><div class="inner"><div class=""><small>Format:</small> <br><strong>OU</strong></div><div class=""><small><em>Cláusula-Mod de Dormir:</em> solo puedes dormir a uno de tus oponentes a la vez.</small></div><div class=""><small><em>Cláusula de Especie:</em> Hasta un Pokémon de cada especie</small></div><div class=""><small><em>Cláusula de Golpe Fulminante:</em> los movimientos fulminantes (OHKO) estan prohibidos</small></div><div class=""><small><em>Cláusula de Veleta:</em> la habilidad Veleta está prohibida</small></div><div class=""><small><em>Cláusula de Movimientos Evasivos:</em> los movimientos de Evasión están prohibidos.</small></div><div class=""><small><em>Cláusula de Batallas Eternas:</em> forzar batallas eternas está prohibido</small></div><div class="chat battle-history"><strong>DarkQuiler's team:</strong> <em style="color:#445566;display:block;">Alakazam / Heatran / Greninja / Tapu Bulu / Zapdos / Chansey</em></div><div class="chat battle-history"><strong>El wn's team:</strong> <em style="color:#445566;display:block;">Scizor / Greninja / Hippowdon / Volcarona / Landorus-Therian / Toxapex</em></div><div class="chat chatmessage-elwn"><strong style="color:hsl(117,62%,40.82345213394055%)"><small>☆</small><span class="username" data-name="El wn">El wn</span>:</strong> <em>Ese chansey me reucerda al celestela 0 ev</em></div><div class="spacer battle-history"><br></div><div class="battle-history">Battle started between DarkQuiler and El wn!<br></div><div class="spacer battle-history"><br></div><div class="battle-history">Go! <strong>Greninja</strong>!<br></div><div class="spacer battle-history"><br></div><div class="battle-history">El wn sent out <strong>Volcarona</strong>!<br></div><div class="spacer battle-history"><br></div><h2 class="battle-history">Turn 1</h2><div class="chat chatmessage-darkquiler"><strong style="color:hsl(353,76%,48.1114030693584%)"><small>☆</small><span class="username" data-name="DarkQuiler">DarkQuiler</span>:</strong> <em>xD</em></div><div class="chat chatmessage-darkquiler"><strong style="color:hsl(353,76%,48.1114030693584%)"><small>☆</small><span class="username" data-name="DarkQuiler">DarkQuiler</span>:</strong> <em>creo que ahora si estan bn</em></div><div class="chat chatmessage-elwn"><strong style="color:hsl(117,62%,40.82345213394055%)"><small>☆</small><span class="username" data-name="El wn">El wn</span>:</strong> <em>xD</em></div><div class="spacer battle-history"><br></div><div class="battle-history">El wn withdrew Volcarona!<br></div><div class="battle-history">El wn sent out <strong>Toxapex</strong>!<br></div><div class="spacer battle-history"><br></div><div class="battle-history">Greninja used <strong>Spikes</strong>!<br></div><div class="battle-history"><small>Spikes were scattered on the ground all around the opposing team!</small><br></div><div class="spacer battle-history"><br></div><h2 class="battle-history">Turn 2</h2><div class="spacer battle-history"><br></div><div class="battle-history">Greninja, come back!<br></div><div class="battle-history">Go! <strong>Chansey</strong>!<br></div><div class="spacer battle-history"><br></div><div class="battle-history">The opposing Toxapex used <strong>Toxic Spikes</strong>!<br></div><div class="battle-history"><small>Poison spikes were scattered on the ground all around your team!</small><br></div><div class="spacer battle-history"><br></div><h2 class="battle-history">Turn 3</h2><div class="spacer battle-history"><br></div><div class="battle-history">Chansey used <strong>Stealth Rock</strong>!<br></div><div class="battle-history"><small>Pointed stones float in the air around the opposing team!</small><br></div><div class="spacer battle-history"><br></div><div class="battle-history">The opposing Toxapex used <strong>Toxic Spikes</strong>!<br></div><div class="battle-history"><small>Poison spikes were scattered on the ground all around your team!</small><br></div><div class="spacer battle-history"><br></div><h2 class="battle-history">Turn 4</h2><div class="spacer battle-history"><br></div><div class="battle-history">Chansey used <strong>Seismic Toss</strong>!<br></div><div class="battle-history"><small>(The opposing Toxapex lost <abbr title="−100/300">33.3%</abbr> of its health!)</small><br></div><div class="spacer battle-history"><br></div><div class="battle-history">The opposing Toxapex used <strong>Toxic Spikes</strong>!<br></div><div class="battle-history"><small>But it failed!</small><br></div><div class="spacer battle-history"><br></div><div class="battle-history"><small>The opposing Toxapex restored a little HP using its Leftovers!</small><br></div><div class="spacer battle-history"><br></div><h2 class="battle-history">Turn 5</h2><div class="spacer battle-history"><br></div><div class="battle-history">Chansey used <strong>Seismic Toss</strong>!<br></div><div class="battle-history"><small>(The opposing Toxapex lost <abbr title="−100/300">33.3%</abbr> of its health!)</small><br></div><div class="spacer battle-history"><br></div><div class="battle-history">The opposing Toxapex used <strong>Toxic</strong>!<br></div><div class="battle-history"><small>Chansey was badly poisoned!</small><br></div><div class="spacer battle-history"><br></div><div class="battle-history"><small>The opposing Toxapex restored a little HP using its Leftovers!</small><br></div><div class="battle-history"><small>Chansey was hurt by poison!</small><br></div><div class="spacer battle-history"><br></div><h2 class="battle-history">Turn 6</h2><div class="chat chatmessage-elwn"><strong style="color:hsl(117,62%,40.82345213394055%)"><small>☆</small><span class="username" data-name="El wn">El wn</span>:</strong> <em>c me olvido colocarle recover v</em></div><div class="spacer battle-history"><br></div><div class="battle-history">El wn withdrew Toxapex!<br></div><div class="battle-history">El wn sent out Landorus (<strong>Landorus-Therian</strong>)!<br></div><div class="battle-history"><small>Pointed stones dug into the opposing Landorus!</small><br></div><div class="battle-history"><small>[The opposing Landorus's Intimidate]</small><br></div><div class="battle-history"><small>Chansey's Attack fell!</small><br></div><div class="spacer battle-history"><br></div><div class="battle-history">Chansey used <strong>Seismic Toss</strong>!<br></div><div class="battle-history"><small>(The opposing Landorus lost <abbr title="−100/319">31.3%</abbr> of its health!)</small><br></div><div class="spacer battle-history"><br></div><div class="battle-history"><small>Chansey was hurt by poison!</small><br></div><div class="spacer battle-history"><br></div><h2 class="battle-history">Turn 7</h2><div class="chat chatmessage-elwn"><strong style="color:hsl(117,62%,40.82345213394055%)"><small>☆</small><span class="username" data-name="El wn">El wn</span>:</strong> <em>xD</em></div><div class="spacer battle-history"><br></div><div class="battle-history"><small>(Chansey is cured by its Natural Cure!)</small><br></div><div class="battle-history">Chansey, come back!<br></div><div class="battle-history">Go! <strong>Zapdos</strong>!<br></div><div class="spacer battle-history"><br></div><div class="battle-history">The opposing Landorus used <strong>Stealth Rock</strong>!<br></div><div class="battle-history"><small>Pointed stones float in the air around your team!</small><br></div><div class="spacer battle-history"><br></div><h2 class="battle-history">Turn 8</h2><div class="chat chatmessage-darkquiler"><strong style="color:hsl(353,76%,48.1114030693584%)"><small>☆</small><span class="username" data-name="DarkQuiler">DarkQuiler</span>:</strong> <em>xD</em></div><div class="spacer battle-history"><br></div><div class="battle-history">The opposing Landorus used <strong>Stone Edge</strong>!<br></div><div class="battle-history"><small>It's super effective!</small><br></div><div class="battle-history"><small>(Zapdos lost <abbr title="−190/384">49.5%</abbr> of its health!)</small><br></div><div class="spacer battle-history"><br></div><div class="battle-history">Zapdos used <strong>Defog</strong>!<br></div><div class="battle-history"><small>The opposing Landorus's evasiveness fell!</small><br></div><div class="battle-history"><small>The spikes disappeared from the ground around the opposing team!</small><br></div><div class="battle-history"><small>The pointed stones disappeared from around the opposing team!</small><br></div><div class="battle-history"><small>The poison spikes disappeared from the ground around your team!</small><br></div><div class="battle-history"><small>The pointed stones disappeared from around your team!</small><br></div><div class="spacer battle-history"><br></div><div class="battle-history"><small>Zapdos restored a little HP using its Leftovers!</small><br></div><div class="spacer battle-history"><br></div><h2 class="battle-history">Turn 9</h2><div class="spacer battle-history"><br></div><div class="battle-history">The opposing Landorus used <strong>Stone Edge</strong>!<br></div><div class="battle-history"><small>Zapdos avoided the attack!</small><br></div><div class="spacer battle-history"><br></div><div class="battle-history">Zapdos used <strong>Roost</strong>!<br></div><div class="battle-history"><small>Zapdos restored its HP.</small><br></div><div class="spacer battle-history"><br></div><h2 class="battle-history">Turn 10</h2><div class="spacer battle-history"><br></div><div class="battle-history">The opposing Landorus used <strong>Stone Edge</strong>!<br></div><div class="battle-history"><small>It's super effective!</small><br></div><div class="battle-history"><small>A critical hit!</small><br></div><div class="battle-history"><small>(Zapdos lost <abbr title="−294/384">76.6%</abbr> of its health!)</small><br></div><div class="spacer battle-history"><br></div><div class="battle-history">Zapdos used <strong>Heat Wave</strong>!<br></div><div class="battle-history"><small>(The opposing Landorus lost <abbr title="−87/319">27.3%</abbr> of its health!)</small><br></div><div class="spacer battle-history"><br></div><div class="battle-history"><small>Zapdos restored a little HP using its Leftovers!</small><br></div><div class="spacer battle-history"><br></div><h2 class="battle-history">Turn 11</h2><div class="chat chatmessage-elwn"><strong style="color:hsl(117,62%,40.82345213394055%)"><small>☆</small><span class="username" data-name="El wn">El wn</span>:</strong> <em>xD :v</em></div><div class="spacer battle-history"><br></div><div class="battle-history">Zapdos, come back!<br></div><div class="battle-history">Go! <strong>Chansey</strong>!<br></div><div class="spacer battle-history"><br></div><div class="battle-history">The opposing Landorus used <strong>Stone Edge</strong>!<br></div><div class="battle-history"><small>(Chansey lost <abbr title="−166/703">23.6%</abbr> of its health!)</small><br></div><div class="spacer battle-history"><br></div><h2 class="battle-history">Turn 12</h2><div class="spacer battle-history"><br></div><div class="battle-history">The opposing Landorus used <strong>Earthquake</strong>!<br></div><div class="battle-history"><small>(Chansey lost <abbr title="−223/703">31.7%</abbr> of its health!)</small><br></div><div class="spacer battle-history"><br></div><div class="battle-history">Chansey used <strong>Soft-Boiled</strong>!<br></div><div class="battle-history"><small>Chansey restored its HP.</small><br></div><div class="spacer battle-history"><br></div><h2 class="battle-history">Turn 13</h2><div class="spacer battle-history"><br></div><div class="battle-history">The opposing Landorus used <strong>U-turn</strong>!<br></div><div class="battle-history"><small>(Chansey lost <abbr title="−108/703">15.4%</abbr> of its health!)</small><br></div><div class="spacer battle-history"><br></div><div class="battle-history">The opposing Landorus went back to El wn!<br></div><div class="battle-history">El wn sent out <strong>Scizor</strong>!<br></div><div class="spacer battle-history"><br></div><div class="battle-history">Chansey used <strong>Seismic Toss</strong>!<br></div><div class="battle-history"><small>(The opposing Scizor lost <abbr title="−100/343">29.2%</abbr> of its health!)</small><br></div><div class="spacer battle-history"><br></div><h2 class="battle-history">Turn 14</h2><div class="spacer battle-history"><br></div><div class="battle-history">Chansey, come back!<br></div><div class="battle-history">Go! <strong>Heatran</strong>!<br></div><div class="spacer battle-history"><br></div><div class="battle-history"><small>The opposing Scizor's Scizorite is reacting to the Key Stone!</small><br>The opposing Scizor has Mega Evolved into Mega Scizor!<br></div><div class="spacer battle-history"><br></div><div class="battle-history">The opposing Scizor used <strong>Swords Dance</strong>!<br></div><div class="battle-history"><small>The opposing Scizor's Attack rose sharply!</small><br></div><div class="spacer battle-history"><br></div><h2 class="battle-history">Turn 15</h2><div class="spacer battle-history"><br></div><div class="battle-history">El wn withdrew Scizor!<br></div><div class="battle-history">El wn sent out <strong>Hippowdon</strong>!<br></div><div class="battle-history"><small>[The opposing Hippowdon's Sand Stream]</small><br><small>A sandstorm kicked up!</small><br></div><div class="spacer battle-history"><br></div><div class="battle-history">Heatran used <strong>Magma Storm</strong>!<br></div><div class="battle-history"><small>The opposing Hippowdon avoided the attack!</small><br></div><div class="spacer battle-history"><br></div><div class="battle-history"><small>The sandstorm is raging.</small><br></div><div class="spacer battle-history"><br></div><h2 class="battle-history">Turn 16</h2><div class="spacer battle-history"><br></div><div class="battle-history">Heatran, come back!<br></div><div class="battle-history">Go! <strong>Tapu Bulu</strong>!<br></div><div class="battle-history"><small>[Tapu Bulu's Grassy Surge]</small><br><small>Grass grew to cover the battlefield!</small><br></div><div class="spacer battle-history"><br></div><div class="battle-history">The opposing Hippowdon used <strong>Stealth Rock</strong>!<br></div><div class="battle-history"><small>Pointed stones float in the air around your team!</small><br></div><div class="spacer battle-history"><br></div><div class="battle-history"><small>The sandstorm is raging.</small><br></div><div class="battle-history"><small>Tapu Bulu is buffeted by the sandstorm!</small><br></div><div class="battle-history"><small>Tapu Bulu restored a little HP using its Leftovers!</small><br></div><div class="spacer battle-history"><br></div><h2 class="battle-history">Turn 17</h2><div class="spacer battle-history"><br></div><div class="battle-history">Tapu Bulu, come back!<br></div><div class="battle-history">Go! <strong>Zapdos</strong>!<br></div><div class="battle-history"><small>Pointed stones dug into Zapdos!</small><br></div><div class="spacer battle-history"><br></div><div class="battle-history">El wn withdrew Hippowdon!<br></div><div class="battle-history">El wn sent out <strong>Toxapex</strong>!<br></div><div class="spacer battle-history"><br></div><div class="battle-history"><small>The sandstorm is raging.</small><br></div><div class="battle-history"><small>Zapdos is buffeted by the sandstorm!</small><br></div><div class="battle-history"><small>The opposing Toxapex is buffeted by the sandstorm!</small><br></div><div class="battle-history"><small>The opposing Toxapex restored a little HP using its Leftovers!</small><br></div><div class="battle-history"><small>The opposing Toxapex restored HP using its Grassy Terrain!</small><br></div><div class="spacer battle-history"><br></div><div class="battle-history">Zapdos fainted!<br></div><div class="spacer battle-history"><br></div><div class="battle-history">Go! <strong>Alakazam</strong>!<br></div><div class="battle-history"><small>Pointed stones dug into Alakazam!</small><br></div><div class="spacer battle-history"><br></div><h2 class="battle-history">Turn 18</h2><div class="spacer battle-history"><br></div><div class="battle-history"><small>Alakazam's Alakazite is reacting to the Key Stone!</small><br>Alakazam has Mega Evolved into Mega Alakazam!<br></div><div class="battle-history"><small>[Alakazam's Trace]</small><br><small>[Alakazam's Regenerator]</small><br><small>Alakazam traced the opposing Toxapex's Regenerator!</small><br></div><div class="spacer battle-history"><br></div><div class="battle-history">Alakazam used <strong>Psychic</strong>!<br></div><div class="battle-history"><small>It's super effective!</small><br></div><div class="battle-history"><small>(The opposing Toxapex lost <abbr title="−228/300">76%</abbr> of its health!)</small><br></div><div class="battle-history"><small>The opposing Toxapex's Special Defense fell!</small><br></div><div class="spacer battle-history"><br></div><div class="battle-history">The opposing Toxapex used <strong>Scald</strong>!<br></div><div class="battle-history"><small>(Alakazam lost <abbr title="−54/251">21.5%</abbr> of its health!)</small><br></div><div class="spacer battle-history"><br></div><div class="battle-history"><small>The sandstorm is raging.</small><br></div><div class="battle-history"><small>Alakazam is buffeted by the sandstorm!</small><br></div><div class="battle-history"><small>The opposing Toxapex is buffeted by the sandstorm!</small><br></div><div class="battle-history"><small>Alakazam restored HP using its Grassy Terrain!</small><br></div><div class="battle-history"><small>The opposing Toxapex restored a little HP using its Leftovers!</small><br></div><div class="battle-history"><small>The opposing Toxapex restored HP using its Grassy Terrain!</small><br></div><div class="spacer battle-history"><br></div><h2 class="battle-history">Turn 19</h2><div class="spacer battle-history"><br></div><div class="battle-history">Alakazam used <strong>Psychic</strong>!<br></div><div class="battle-history"><small>It's super effective!</small><br></div><div class="battle-history"><small>(The opposing Toxapex lost <abbr title="−44/300">14.7%</abbr> of its health!)</small><br></div><div class="spacer battle-history"><br></div><div class="battle-history">The opposing Toxapex fainted!<br></div><div class="spacer battle-history"><br></div><div class="battle-history"><small>The sandstorm subsided.</small><br></div><div class="battle-history"><small>Alakazam restored HP using its Grassy Terrain!</small><br></div><div class="spacer battle-history"><br></div><div class="battle-history">El wn sent out Scizor (<strong>Scizor-Mega</strong>)!<br></div><div class="spacer battle-history"><br></div><h2 class="battle-history">Turn 20</h2><div class="spacer battle-history"><br></div><div class="battle-history">Alakazam, come back!<br></div><div class="battle-history">Go! <strong>Heatran</strong>!<br></div><div class="battle-history"><small>Pointed stones dug into Heatran!</small><br></div><div class="spacer battle-history"><br></div><div class="battle-history">The opposing Scizor used <strong>Bullet Punch</strong>!<br></div><div class="battle-history"><small>It's not very effective...</small><br></div><div class="battle-history"><small>(Heatran lost <abbr title="−33/386">8.5%</abbr> of its health!)</small><br></div><div class="spacer battle-history"><br></div><div class="battle-history"><small>Heatran restored HP using its Grassy Terrain!</small><br></div><div class="battle-history"><small>The opposing Scizor restored HP using its Grassy Terrain!</small><br></div><div class="battle-history"><small>The grass disappeared from the battlefield.</small><br></div><div class="spacer battle-history"><br></div><h2 class="battle-history">Turn 21</h2><div class="spacer battle-history"><br></div><div class="battle-history">El wn withdrew Scizor!<br></div><div class="battle-history">El wn sent out <strong>Hippowdon</strong>!<br></div><div class="battle-history"><small>[The opposing Hippowdon's Sand Stream]</small><br><small>A sandstorm kicked up!</small><br></div><div class="spacer battle-history"><br></div><div class="battle-history">Heatran used <strong>Magma Storm</strong>!<br></div><div class="battle-history"><small>The opposing Hippowdon avoided the attack!</small><br></div><div class="spacer battle-history"><br></div><div class="battle-history"><small>The sandstorm is raging.</small><br></div><div class="spacer battle-history"><br></div><h2 class="battle-history">Turn 22</h2><div class="spacer battle-history"><br></div><div class="battle-history">Heatran, come back!<br></div><div class="battle-history">Go! <strong>Tapu Bulu</strong>!<br></div><div class="battle-history"><small>Pointed stones dug into Tapu Bulu!</small><br></div><div class="battle-history"><small>[Tapu Bulu's Grassy Surge]</small><br><small>Grass grew to cover the battlefield!</small><br></div><div class="spacer battle-history"><br></div><div class="battle-history">The opposing Hippowdon used <strong>Whirlwind</strong>!<br></div><div class="spacer battle-history"><br></div><div class="battle-history"><strong>Greninja</strong> was dragged out!<br></div><div class="battle-history"><small>Pointed stones dug into Greninja!</small><br></div><div class="spacer battle-history"><br></div><div class="battle-history"><small>The sandstorm is raging.</small><br></div><div class="battle-history"><small>Greninja is buffeted by the sandstorm!</small><br></div><div class="battle-history"><small>Greninja restored HP using its Grassy Terrain!</small><br></div><div class="spacer battle-history"><br></div><h2 class="battle-history">Turn 23</h2><div class="spacer battle-history"><br></div><div class="battle-history">El wn withdrew Hippowdon!<br></div><div class="battle-history">El wn sent out <strong>Greninja</strong>!<br></div><div class="spacer battle-history"><br></div><div class="battle-history">Greninja used <strong>Hydro Pump</strong>!<br></div><div class="battle-history"><small>It's not very effective...</small><br></div><div class="battle-history"><small>(The opposing Greninja lost <abbr title="−161/285">56.5%</abbr> of its health!)</small><br></div><div class="spacer battle-history"><br></div><div class="battle-history"><small>The sandstorm is raging.</small><br></div><div class="battle-history"><small>The opposing Greninja is buffeted by the sandstorm!</small><br></div><div class="battle-history"><small>Greninja is buffeted by the sandstorm!</small><br></div><div class="battle-history"><small>Greninja restored HP using its Grassy Terrain!</small><br></div><div class="battle-history"><small>The opposing Greninja restored HP using its Grassy Terrain!</small><br></div><div class="spacer battle-history"><br></div><h2 class="battle-history">Turn 24</h2><div class="spacer battle-history"><br></div><div class="battle-history">Greninja used <strong>Hydro Pump</strong>!<br></div><div class="battle-history"><small>It's not very effective...</small><br></div><div class="battle-history"><small>(The opposing Greninja lost <abbr title="−124/285">43.5%</abbr> of its health!)</small><br></div><div class="spacer battle-history"><br></div><div class="battle-history">The opposing Greninja fainted!<br></div><div class="battle-history"><small>[Greninja's Battle Bond]</small><br><small>Greninja became fully charged due to its bond with its Trainer!</small><br></div><div class="battle-history">Greninja became Ash-Greninja!<br></div><div class="spacer battle-history"><br></div><div class="battle-history"><small>The sandstorm is raging.</small><br></div><div class="battle-history"><small>Greninja is buffeted by the sandstorm!</small><br></div><div class="battle-history"><small>Greninja restored HP using its Grassy Terrain!</small><br></div><div class="spacer battle-history"><br></div><div class="battle-history">El wn sent out <strong>Volcarona</strong>!<br></div><div class="spacer battle-history"><br></div><h2 class="battle-history">Turn 25</h2><div class="spacer battle-history"><br></div><div class="battle-history">Greninja used <strong>Hydro Pump</strong>!<br></div><div class="battle-history"><small>It's super effective!</small><br></div><div class="battle-history"><small>(The opposing Volcarona lost <abbr title="−311/311">100%</abbr> of its health!)</small><br></div><div class="spacer battle-history"><br></div><div class="battle-history">The opposing Volcarona fainted!<br></div><div class="spacer battle-history"><br></div><div class="battle-history"><small>The sandstorm subsided.</small><br></div><div class="battle-history"><small>Greninja restored HP using its Grassy Terrain!</small><br></div><div class="chat chatmessage-elwn"><strong style="color:hsl(117,62%,40.82345213394055%)"><small>☆</small><span class="username" data-name="El wn">El wn</span>:</strong> <em>Pto hax .v</em></div><div class="spacer battle-history"><br></div><div class="battle-history">El wn sent out <strong>Hippowdon</strong>!<br></div><div class="battle-history"><small>[The opposing Hippowdon's Sand Stream]</small><br><small>A sandstorm kicked up!</small><br></div><div class="spacer battle-history"><br></div><h2 class="battle-history">Turn 26</h2><div class="spacer battle-history"><br></div><div class="battle-history">Greninja used <strong>Hydro Pump</strong>!<br></div><div class="battle-history"><small>It's super effective!</small><br></div><div class="battle-history"><small>(The opposing Hippowdon lost <abbr title="−420/420">100%</abbr> of its health!)</small><br></div><div class="spacer battle-history"><br></div><div class="battle-history">The opposing Hippowdon fainted!<br></div><div class="spacer battle-history"><br></div><div class="battle-history"><small>The sandstorm is raging.</small><br></div><div class="battle-history"><small>Greninja is buffeted by the sandstorm!</small><br></div><div class="battle-history"><small>Greninja restored HP using its Grassy Terrain!</small><br></div><div class="battle-history"><small>The grass disappeared from the battlefield.</small><br></div><div class="spacer battle-history"><br></div><div class="battle-history">El wn sent out Scizor (<strong>Scizor-Mega</strong>)!<br></div><div class="spacer battle-history"><br></div><h2 class="battle-history">Turn 27</h2><div class="chat chatmessage-elwn"><strong style="color:hsl(117,62%,40.82345213394055%)"><small>☆</small><span class="username" data-name="El wn">El wn</span>:</strong> <em>Cuanto hax</em></div><div class="spacer battle-history"><br></div><div class="battle-history">Greninja, come back!<br></div><div class="battle-history">Go! <strong>Heatran</strong>!<br></div><div class="battle-history"><small>Pointed stones dug into Heatran!</small><br></div><div class="spacer battle-history"><br></div><div class="battle-history">The opposing Scizor used <strong>Bullet Punch</strong>!<br></div><div class="battle-history"><small>It's not very effective...</small><br></div><div class="battle-history"><small>(Heatran lost <abbr title="−29/386">7.5%</abbr> of its health!)</small><br></div><div class="spacer battle-history"><br></div><div class="battle-history"><small>The sandstorm is raging.</small><br></div><div class="spacer battle-history"><br></div><h2 class="battle-history">Turn 28</h2><div class="chat chatmessage-darkquiler"><strong style="color:hsl(353,76%,48.1114030693584%)"><small>☆</small><span class="username" data-name="DarkQuiler">DarkQuiler</span>:</strong> <em>pero si llevo dos miss de lluvia ignea xD</em></div><div class="spacer battle-history"><br></div><div class="battle-history">El wn withdrew Scizor!<br></div><div class="battle-history">El wn sent out Landorus (<strong>Landorus-Therian</strong>)!<br></div><div class="battle-history"><small>[The opposing Landorus's Intimidate]</small><br></div><div class="battle-history"><small>Heatran's Attack fell!</small><br></div><div class="spacer battle-history"><br></div><div class="battle-history">Heatran used <strong>Magma Storm</strong>!<br></div><div class="battle-history"><small>(The opposing Landorus lost <abbr title="−93/319">29.2%</abbr> of its health!)</small><br></div><div class="spacer battle-history"><br></div><div class="battle-history">The opposing Landorus fainted!<br></div><div class="spacer battle-history"><br></div><div class="battle-history"><small>The sandstorm is raging.</small><br></div><div class="spacer battle-history"><br></div><div class="battle-history">El wn sent out Scizor (<strong>Scizor-Mega</strong>)!<br></div><div class="spacer battle-history"><br></div><h2 class="battle-history">Turn 29</h2><div class="chat chatmessage-elwn"><strong style="color:hsl(117,62%,40.82345213394055%)"><small>☆</small><span class="username" data-name="El wn">El wn</span>:</strong> <em>Acertaste 4 hydrifallo</em></div><div class="spacer battle-history"><br></div><div class="battle-history"><small>Heatran surrounded itself with its Z-Power!</small><br></div><div class="spacer battle-history"><br></div><div class="battle-history">Heatran used <strong>Inferno Overdrive</strong>!<br></div><div class="battle-history"><small>It's super effective!</small><br></div><div class="battle-history"><small>(The opposing Scizor lost <abbr title="−264/343">77.0%</abbr> of its health!)</small><br></div><div class="spacer battle-history"><br></div><div class="battle-history">The opposing Scizor fainted!<br></div><div class="spacer battle-history"><br></div><div class="battle-history"><strong>DarkQuiler</strong> won the battle!<br></div><div class="chat chatmessage-elwn"><strong style="color:hsl(117,62%,40.82345213394055%)"><small>☆</small><span class="username" data-name="El wn">El wn</span>:</strong> <em>:v</em></div><div class="chat chatmessage-darkquiler"><strong style="color:hsl(353,76%,48.1114030693584%)"><small>☆</small><span class="username" data-name="DarkQuiler">DarkQuiler</span>:</strong> <em>pero misseo dos lluvia igneas</em></div><div class="chat chatmessage-darkquiler"><strong style="color:hsl(353,76%,48.1114030693584%)"><small>☆</small><span class="username" data-name="DarkQuiler">DarkQuiler</span>:</strong> <em>seguidos xD</em></div></div><div class="inner-preempt"></div></div></div>
</div>
<script>
let daily = Math.floor(Date.now()/1000/60/60/24);document.write('<script src="https://play.pokemonshowdown.com/js/replay-embed.js?version'+daily+'"></'+'script>');
</script>
