<!DOCTYPE html>
<meta charset="utf-8" />
<!-- version 1 -->
<title>OU replay: jules5678 vs. RayParK_</title>
<style>
html,body {font-family:Verdana, sans-serif;font-size:10pt;margin:0;padding:0;}body{padding:12px 0;} .battle-log {font-family:Verdana, sans-serif;font-size:10pt;} .battle-log-inline {border:1px solid #AAAAAA;background:#EEF2F5;color:black;max-width:640px;margin:0 auto 80px;padding-bottom:5px;} .battle-log .inner {padding:4px 8px 0px 8px;} .battle-log .inner-preempt {padding:0 8px 4px 8px;} .battle-log .inner-after {margin-top:0.5em;} .battle-log h2 {margin:0.5em -8px;padding:4px 8px;border:1px solid #AAAAAA;background:#E0E7EA;border-left:0;border-right:0;font-family:Verdana, sans-serif;font-size:13pt;} .battle-log .chat {vertical-align:middle;padding:3px 0 3px 0;font-size:8pt;} .battle-log .chat strong {color:#40576A;} .battle-log .chat em {padding:1px 4px 1px 3px;color:#000000;font-style:normal;} .chat.mine {background:rgba(0,0,0,0.05);margin-left:-8px;margin-right:-8px;padding-left:8px;padding-right:8px;} .spoiler {color:#BBBBBB;background:#BBBBBB;padding:0px 3px;} .spoiler:hover, .spoiler:active, .spoiler-shown {color:#000000;background:#E2E2E2;padding:0px 3px;} .spoiler a {color:#BBBBBB;} .spoiler:hover a, .spoiler:active a, .spoiler-shown a {color:#2288CC;} .chat code, .chat .spoiler:hover code, .chat .spoiler:active code, .chat .spoiler-shown code {border:1px solid #C0C0C0;background:#EEEEEE;color:black;padding:0 2px;} .chat .spoiler code {border:1px solid #CCCCCC;background:#CCCCCC;color:#CCCCCC;} .battle-log .rated {padding:3px 4px;} .battle-log .rated strong {color:white;background:#89A;padding:1px 4px;border-radius:4px;} .spacer {margin-top:0.5em;} .message-announce {background:#6688AA;color:white;padding:1px 4px 2px;} .message-announce a, .broadcast-green a, .broadcast-blue a, .broadcast-red a {color:#DDEEFF;} .broadcast-green {background-color:#559955;color:white;padding:2px 4px;} .broadcast-blue {background-color:#6688AA;color:white;padding:2px 4px;} .infobox {border:1px solid #6688AA;padding:2px 4px;} .infobox-limited {max-height:200px;overflow:auto;overflow-x:hidden;} .broadcast-red {background-color:#AA5544;color:white;padding:2px 4px;} .message-learn-canlearn {font-weight:bold;color:#228822;text-decoration:underline;} .message-learn-cannotlearn {font-weight:bold;color:#CC2222;text-decoration:underline;} .message-effect-weak {font-weight:bold;color:#CC2222;} .message-effect-resist {font-weight:bold;color:#6688AA;} .message-effect-immune {font-weight:bold;color:#666666;} .message-learn-list {margin-top:0;margin-bottom:0;} .message-throttle-notice, .message-error {color:#992222;} .message-overflow, .chat small.message-overflow {font-size:0pt;} .message-overflow::before {font-size:9pt;content:'...';} .subtle {color:#3A4A66;}
</style>
<div class="wrapper replay-wrapper" style="max-width:1180px;margin:0 auto">
<input type="hidden" name="replayid" value="destiny-ou-425181" />
<div class="battle"></div><div class="battle-log"></div><div class="replay-controls"></div><div class="replay-controls-2"></div>
<h1 style="font-weight:normal;text-align:center"><strong>OU</strong><br /><a href="http://pokemonshowdown.com/users/jules5678" class="subtle" target="_blank">jules5678</a> vs. <a href="http://pokemonshowdown.com/users/raypark" class="subtle" target="_blank">RayParK_</a></h1>
<script type="text/plain" class="battle-log-data">|player|p1|jules5678|jules5678-4.gif?e343db98
|teamsize|p1|6
|player|p2|RayParK_|101
|teamsize|p2|6
|teamsize|p1|6
|teamsize|p2|6
|gametype|singles
|gen|7
|tier|OU
|rated
|seed|2417,54245,37868,12666
|rule|Cláusula-Mod de Dormir: solo puedes dormir a uno de tus oponentes a la vez.
|rule|Cláusula de Especie: Hasta un Pokémon de cada especie
|rule|Cláusula de Golpe Fulminante: los movimientos fulminantes (OHKO) estan prohibidos
|rule|Cláusula de Veleta: la habilidad Veleta está prohibida
|rule|Cláusula de Movimientos Evasivos: los movimientos de Evasión están prohibidos.
|rule|Cláusula de Batallas Eternas: forzar batallas eternas está prohibido
|clearpoke
|poke|p1|Thundurus-Therian, M|item
|poke|p1|Jirachi, shiny|item
|poke|p1|Latias, F|item
|poke|p1|Clefable, F|item
|poke|p1|Landorus-Therian, M|item
|poke|p1|Victini|item
|poke|p2|Pelipper, M|item
|poke|p2|Kingdra, F|item
|poke|p2|Qwilfish, M|item
|poke|p2|Swampert, M|item
|poke|p2|Clefable, F|item
|poke|p2|Ferrothorn, F|item
|teampreview|undefined
|choice|*|*team 123456
|choice|*team 423156|*
|choice|team 4, 2, 3, 1, 5, 6|team 1, 2, 3, 4, 5, 6
|
|start
|switch|p1a: Clefable|Clefable, F|394\/394
|switch|p2a: Pelipper|Pelipper, M|324\/324
|-weather|RainDance|[from] ability: Drizzle|[of] p2a: Pelipper
|turn|1
|choice|*move 1|*
|choice|*|*switch 5
|choice|move knockoff|switch 5
|
|switch|p2a: Clefable|Clefable, F|394\/394
|move|p1a: Clefable|Knock Off|p2a: Clefable
|-resisted|p2a: Clefable
|-crit|p2a: Clefable
|-damage|p2a: Clefable|342\/394
|-enditem|p2a: Clefable|Leftovers|[from] move: Knock Off|[of] p1a: Clefable
|
|-weather|RainDance|[upkeep]
|upkeep
|turn|2
|choice|*switch 5|*
|choice|*|*move 1
|choice|switch 5|move stealthrock
|
|switch|p1a: Landorus|Landorus-Therian, M|382\/382
|-ability|p1a: Landorus|Intimidate|boost
|-unboost|p2a: Clefable|atk|1
|move|p2a: Clefable|Stealth Rock|p1a: Landorus
|-sidestart|p1: jules5678|move: Stealth Rock
|
|-weather|RainDance|[upkeep]
|upkeep
|turn|3
|choice|*move 1|*
|choice|*|*switch 4
|choice|move stealthrock|switch 4
|
|switch|p2a: Swampert|Swampert, M|342\/342
|move|p1a: Landorus|Stealth Rock|p2a: Swampert
|-sidestart|p2: RayParK_|move: Stealth Rock
|
|-weather|RainDance|[upkeep]
|upkeep
|turn|4
|choice|*move 2|*
|choice|*|*move 1 mega
|choice|move earthquake|move poweruppunch mega
|
|-mega|p2a: Swampert|Swampert|Swampertite
|detailschange|p2a: Swampert|Swampert-Mega, M
|move|p2a: Swampert|Power-Up Punch|p1a: Landorus
|-resisted|p1a: Landorus
|-damage|p1a: Landorus|357\/382
|-boost|p2a: Swampert|atk|1
|move|p1a: Landorus|Earthquake|p2a: Swampert
|-damage|p2a: Swampert|197\/342
|
|-weather|RainDance|[upkeep]
|-heal|p1a: Landorus|380\/382|[from] item: Leftovers
|upkeep
|turn|5
|choice|*|*move 3
|choice|*|*move 4
|choice|*|*move 3
|choice|*switch 4|*
|choice|switch 4|move waterfall
|
|switch|p1a: Thundurus|Thundurus-Therian, M|299\/299
|-damage|p1a: Thundurus|225\/299|[from] Stealth Rock
|move|p2a: Swampert|Waterfall|p1a: Thundurus
|-damage|p1a: Thundurus|0 fnt
|faint|p1a: Thundurus
|
|-weather|RainDance|[upkeep]
|upkeep
|choice|*switch 4|*
|choice|switch 4|
|
|switch|p1a: Landorus|Landorus-Therian, M|380\/382
|-damage|p1a: Landorus|333\/382|[from] Stealth Rock
|-ability|p1a: Landorus|Intimidate|boost
|-unboost|p2a: Swampert|atk|1
|turn|6
|choice|*move 2|*
|choice|*|*move 4
|choice|move earthquake|move icepunch
|
|move|p2a: Swampert|Ice Punch|p1a: Landorus
|-supereffective|p1a: Landorus
|-damage|p1a: Landorus|17\/382
|move|p1a: Landorus|Earthquake|p2a: Swampert
|-damage|p2a: Swampert|59\/342
|
|-weather|RainDance|[upkeep]
|-heal|p1a: Landorus|40\/382|[from] item: Leftovers
|upkeep
|turn|7
|choice|*move 2|*
|choice|*|*move 3
|choice|move earthquake|move waterfall
|
|move|p2a: Swampert|Waterfall|p1a: Landorus
|-supereffective|p1a: Landorus
|-damage|p1a: Landorus|0 fnt
|faint|p1a: Landorus
|
|-weather|RainDance|[upkeep]
|upkeep
|choice|*switch 3|*
|choice|switch 3|
|
|switch|p1a: Latias|Latias, F|364\/364
|-damage|p1a: Latias|319\/364|[from] Stealth Rock
|turn|8
|choice|*|*move 4
|choice|*|*switch 4
|choice|*move 4 mega|*
|choice|move surf mega|switch 4
|
|switch|p2a: Clefable|Clefable, F|342\/394
|-mega|p1a: Latias|Latias|Latiasite
|detailschange|p1a: Latias|Latias-Mega, F
|move|p1a: Latias|Surf|p2a: Clefable
|-damage|p2a: Clefable|237\/394
|
|-weather|none
|upkeep
|turn|9
|choice|*|*move 2
|choice|*move 1|*
|choice|move calmmind|move thunderwave
|
|move|p1a: Latias|Calm Mind|p1a: Latias
|-boost|p1a: Latias|spa|1
|-boost|p1a: Latias|spd|1
|move|p2a: Clefable|Thunder Wave|p1a: Latias
|-status|p1a: Latias|par
|
|upkeep
|turn|10
|choice|*move 1|*
|choice|*|*move 3
|choice|move calmmind|move moonblast
|
|move|p1a: Latias|Calm Mind|p1a: Latias
|-boost|p1a: Latias|spa|1
|-boost|p1a: Latias|spd|1
|move|p2a: Clefable|Moonblast|p1a: Latias
|-supereffective|p1a: Latias
|-damage|p1a: Latias|241\/364 par
|
|upkeep
|turn|11
|choice|*move 3|*
|choice|*|*move 3
|choice|move storedpower|move moonblast
|
|cant|p1a: Latias|par
|move|p2a: Clefable|Moonblast|p1a: Latias
|-supereffective|p1a: Latias
|-damage|p1a: Latias|163\/364 par
|
|upkeep
|turn|12
|choice|*move 2|*
|choice|*|*move 3
|choice|move recover|move moonblast
|
|cant|p1a: Latias|par
|move|p2a: Clefable|Moonblast|p1a: Latias
|-supereffective|p1a: Latias
|-damage|p1a: Latias|89\/364 par
|-unboost|p1a: Latias|spa|1
|
|upkeep
|turn|13
|choice|*move 2|*
|choice|*|*move 3
|choice|move recover|move moonblast
|
|cant|p1a: Latias|par
|move|p2a: Clefable|Moonblast|p1a: Latias
|-supereffective|p1a: Latias
|-crit|p1a: Latias
|-damage|p1a: Latias|0 fnt
|faint|p1a: Latias
|
|upkeep
|c|☆jules5678|jajaja
|-message|jules5678 se rindió.
|
|win|RayParK_
RayParK_ ha ganado 9.25 PokeDolares.
|raw|Puntaje de jules5678: 1364 &rarr; <strong>1349<\/strong><br \/>(-15 por perder)
|raw|Puntaje de RayParK_: 1460 &rarr; <strong>1474<\/strong><br \/>(+14 por ganar)
</script>
</div>
<div class="battle-log battle-log-inline"><div class="inner"><div class="battle-options"></div><div class="inner"><div class=""><small>Format:</small> <br><strong>OU</strong></div><div class="rated"><strong>Rated battle</strong></div><div class=""><small><em>Cláusula-Mod de Dormir:</em> solo puedes dormir a uno de tus oponentes a la vez.</small></div><div class=""><small><em>Cláusula de Especie:</em> Hasta un Pokémon de cada especie</small></div><div class=""><small><em>Cláusula de Golpe Fulminante:</em> los movimientos fulminantes (OHKO) estan prohibidos</small></div><div class=""><small><em>Cláusula de Veleta:</em> la habilidad Veleta está prohibida</small></div><div class=""><small><em>Cláusula de Movimientos Evasivos:</em> los movimientos de Evasión están prohibidos.</small></div><div class=""><small><em>Cláusula de Batallas Eternas:</em> forzar batallas eternas está prohibido</small></div><div class="chat battle-history"><strong>jules5678's team:</strong> <em style="color:#445566;display:block;">Thundurus-Therian / Jirachi / Latias / Clefable / Landorus-Therian / Victini</em></div><div class="chat battle-history"><strong>RayParK_'s team:</strong> <em style="color:#445566;display:block;">Pelipper / Kingdra / Qwilfish / Swampert / Clefable / Ferrothorn</em></div><div class="spacer battle-history"><br></div><div class="battle-history">Battle started between jules5678 and RayParK_!<br></div><div class="spacer battle-history"><br></div><div class="battle-history">Go! <strong>Clefable</strong>!<br></div><div class="spacer battle-history"><br></div><div class="battle-history">RayParK_ sent out <strong>Pelipper</strong>!<br></div><div class="battle-history"><small>[The opposing Pelipper's Drizzle]</small><br><small>It started to rain!</small><br></div><div class="spacer battle-history"><br></div><h2 class="battle-history">Turn 1</h2><div class="spacer battle-history"><br></div><div class="battle-history">RayParK_ withdrew Pelipper!<br></div><div class="battle-history">RayParK_ sent out <strong>Clefable</strong>!<br></div><div class="spacer battle-history"><br></div><div class="battle-history">Clefable used <strong>Knock Off</strong>!<br></div><div class="battle-history"><small>It's not very effective...</small><br></div><div class="battle-history"><small>A critical hit!</small><br></div><div class="battle-history"><small>(The opposing Clefable lost <abbr title="−52/394">13.2%</abbr> of its health!)</small><br></div><div class="battle-history"><small>Clefable knocked off the opposing Clefable's Leftovers!</small><br></div><div class="spacer battle-history"><br></div><div class="battle-history"><small>(Rain continues to fall!)</small><br></div><div class="spacer battle-history"><br></div><h2 class="battle-history">Turn 2</h2><div class="spacer battle-history"><br></div><div class="battle-history">Clefable, come back!<br></div><div class="battle-history">Go! Landorus (<strong>Landorus-Therian</strong>)!<br></div><div class="battle-history"><small>[Landorus's Intimidate]</small><br></div><div class="battle-history"><small>The opposing Clefable's Attack fell!</small><br></div><div class="spacer battle-history"><br></div><div class="battle-history">The opposing Clefable used <strong>Stealth Rock</strong>!<br></div><div class="battle-history"><small>Pointed stones float in the air around your team!</small><br></div><div class="spacer battle-history"><br></div><div class="battle-history"><small>(Rain continues to fall!)</small><br></div><div class="spacer battle-history"><br></div><h2 class="battle-history">Turn 3</h2><div class="spacer battle-history"><br></div><div class="battle-history">RayParK_ withdrew Clefable!<br></div><div class="battle-history">RayParK_ sent out <strong>Swampert</strong>!<br></div><div class="spacer battle-history"><br></div><div class="battle-history">Landorus used <strong>Stealth Rock</strong>!<br></div><div class="battle-history"><small>Pointed stones float in the air around the opposing team!</small><br></div><div class="spacer battle-history"><br></div><div class="battle-history"><small>(Rain continues to fall!)</small><br></div><div class="spacer battle-history"><br></div><h2 class="battle-history">Turn 4</h2><div class="spacer battle-history"><br></div><div class="battle-history"><small>The opposing Swampert's Swampertite is reacting to the Key Stone!</small><br>The opposing Swampert has Mega Evolved into Mega Swampert!<br></div><div class="spacer battle-history"><br></div><div class="battle-history">The opposing Swampert used <strong>Power-Up Punch</strong>!<br></div><div class="battle-history"><small>It's not very effective...</small><br></div><div class="battle-history"><small>(Landorus lost <abbr title="−25/382">6.5%</abbr> of its health!)</small><br></div><div class="battle-history"><small>The opposing Swampert's Attack rose!</small><br></div><div class="spacer battle-history"><br></div><div class="battle-history">Landorus used <strong>Earthquake</strong>!<br></div><div class="battle-history"><small>(The opposing Swampert lost <abbr title="−145/342">42.4%</abbr> of its health!)</small><br></div><div class="spacer battle-history"><br></div><div class="battle-history"><small>(Rain continues to fall!)</small><br></div><div class="battle-history"><small>Landorus restored a little HP using its Leftovers!</small><br></div><div class="spacer battle-history"><br></div><h2 class="battle-history">Turn 5</h2><div class="spacer battle-history"><br></div><div class="battle-history">Landorus, come back!<br></div><div class="battle-history">Go! Thundurus (<strong>Thundurus-Therian</strong>)!<br></div><div class="battle-history"><small>Pointed stones dug into Thundurus!</small><br></div><div class="spacer battle-history"><br></div><div class="battle-history">The opposing Swampert used <strong>Waterfall</strong>!<br></div><div class="battle-history"><small>(Thundurus lost <abbr title="−225/299">75.3%</abbr> of its health!)</small><br></div><div class="spacer battle-history"><br></div><div class="battle-history">Thundurus fainted!<br></div><div class="spacer battle-history"><br></div><div class="battle-history"><small>(Rain continues to fall!)</small><br></div><div class="spacer battle-history"><br></div><div class="battle-history">Go! Landorus (<strong>Landorus-Therian</strong>)!<br></div><div class="battle-history"><small>Pointed stones dug into Landorus!</small><br></div><div class="battle-history"><small>[Landorus's Intimidate]</small><br></div><div class="battle-history"><small>The opposing Swampert's Attack fell!</small><br></div><div class="spacer battle-history"><br></div><h2 class="battle-history">Turn 6</h2><div class="spacer battle-history"><br></div><div class="battle-history">The opposing Swampert used <strong>Ice Punch</strong>!<br></div><div class="battle-history"><small>It's super effective!</small><br></div><div class="battle-history"><small>(Landorus lost <abbr title="−316/382">82.7%</abbr> of its health!)</small><br></div><div class="spacer battle-history"><br></div><div class="battle-history">Landorus used <strong>Earthquake</strong>!<br></div><div class="battle-history"><small>(The opposing Swampert lost <abbr title="−138/342">40.4%</abbr> of its health!)</small><br></div><div class="spacer battle-history"><br></div><div class="battle-history"><small>(Rain continues to fall!)</small><br></div><div class="battle-history"><small>Landorus restored a little HP using its Leftovers!</small><br></div><div class="spacer battle-history"><br></div><h2 class="battle-history">Turn 7</h2><div class="spacer battle-history"><br></div><div class="battle-history">The opposing Swampert used <strong>Waterfall</strong>!<br></div><div class="battle-history"><small>It's super effective!</small><br></div><div class="battle-history"><small>(Landorus lost <abbr title="−40/382">10.5%</abbr> of its health!)</small><br></div><div class="spacer battle-history"><br></div><div class="battle-history">Landorus fainted!<br></div><div class="spacer battle-history"><br></div><div class="battle-history"><small>(Rain continues to fall!)</small><br></div><div class="spacer battle-history"><br></div><div class="battle-history">Go! <strong>Latias</strong>!<br></div><div class="battle-history"><small>Pointed stones dug into Latias!</small><br></div><div class="spacer battle-history"><br></div><h2 class="battle-history">Turn 8</h2><div class="spacer battle-history"><br></div><div class="battle-history">RayParK_ withdrew Swampert!<br></div><div class="battle-history">RayParK_ sent out <strong>Clefable</strong>!<br></div><div class="spacer battle-history"><br></div><div class="battle-history"><small>Latias's Latiasite is reacting to the Key Stone!</small><br>Latias has Mega Evolved into Mega Latias!<br></div><div class="spacer battle-history"><br></div><div class="battle-history">Latias used <strong>Surf</strong>!<br></div><div class="battle-history"><small>(The opposing Clefable lost <abbr title="−105/394">26.6%</abbr> of its health!)</small><br></div><div class="spacer battle-history"><br></div><div class="battle-history"><small>The rain stopped.</small><br></div><div class="spacer battle-history"><br></div><h2 class="battle-history">Turn 9</h2><div class="spacer battle-history"><br></div><div class="battle-history">Latias used <strong>Calm Mind</strong>!<br></div><div class="battle-history"><small>Latias's Special Attack rose!</small><br></div><div class="battle-history"><small>Latias's Special Defense rose!</small><br></div><div class="spacer battle-history"><br></div><div class="battle-history">The opposing Clefable used <strong>Thunder Wave</strong>!<br></div><div class="battle-history"><small>Latias is paralyzed! It may be unable to move!</small><br></div><div class="spacer battle-history"><br></div><h2 class="battle-history">Turn 10</h2><div class="spacer battle-history"><br></div><div class="battle-history">Latias used <strong>Calm Mind</strong>!<br></div><div class="battle-history"><small>Latias's Special Attack rose!</small><br></div><div class="battle-history"><small>Latias's Special Defense rose!</small><br></div><div class="spacer battle-history"><br></div><div class="battle-history">The opposing Clefable used <strong>Moonblast</strong>!<br></div><div class="battle-history"><small>It's super effective!</small><br></div><div class="battle-history"><small>(Latias lost <abbr title="−78/364">21.4%</abbr> of its health!)</small><br></div><div class="spacer battle-history"><br></div><h2 class="battle-history">Turn 11</h2><div class="spacer battle-history"><br></div><div class="battle-history">Latias is paralyzed! It can't move!<br></div><div class="spacer battle-history"><br></div><div class="battle-history">The opposing Clefable used <strong>Moonblast</strong>!<br></div><div class="battle-history"><small>It's super effective!</small><br></div><div class="battle-history"><small>(Latias lost <abbr title="−78/364">21.4%</abbr> of its health!)</small><br></div><div class="spacer battle-history"><br></div><h2 class="battle-history">Turn 12</h2><div class="spacer battle-history"><br></div><div class="battle-history">Latias is paralyzed! It can't move!<br></div><div class="spacer battle-history"><br></div><div class="battle-history">The opposing Clefable used <strong>Moonblast</strong>!<br></div><div class="battle-history"><small>It's super effective!</small><br></div><div class="battle-history"><small>(Latias lost <abbr title="−74/364">20.3%</abbr> of its health!)</small><br></div><div class="battle-history"><small>Latias's Special Attack fell!</small><br></div><div class="spacer battle-history"><br></div><h2 class="battle-history">Turn 13</h2><div class="spacer battle-history"><br></div><div class="battle-history">Latias is paralyzed! It can't move!<br></div><div class="spacer battle-history"><br></div><div class="battle-history">The opposing Clefable used <strong>Moonblast</strong>!<br></div><div class="battle-history"><small>It's super effective!</small><br></div><div class="battle-history"><small>A critical hit!</small><br></div><div class="battle-history"><small>(Latias lost <abbr title="−89/364">24.5%</abbr> of its health!)</small><br></div><div class="spacer battle-history"><br></div><div class="battle-history">Latias fainted!<br></div><div class="chat chatmessage-jules5678"><strong style="color:hsl(200,51%,43.08437359172921%)"><small>☆</small><span class="username" data-name="jules5678">jules5678</span>:</strong> <em>jajaja</em></div><div class="spacer battle-history"><br></div><div class="battle-history"><small>jules5678 se rindió.</small><br></div><div class="spacer battle-history"><br></div><div class="battle-history"><strong>RayParK_</strong> won the battle!<br></div><div class="chat">RayParK_ ha ganado 9.25 PokeDolares.</div><div class="chat">Puntaje de jules5678: 1364 → <strong>1349</strong><br>(-15 por perder)</div><div class="chat">Puntaje de RayParK_: 1460 → <strong>1474</strong><br>(+14 por ganar)</div></div><div class="inner-preempt"></div></div></div>
</div>
<script>
let daily = Math.floor(Date.now()/1000/60/60/24);document.write('<script src="https://play.pokemonshowdown.com/js/replay-embed.js?version'+daily+'"></'+'script>');
</script>
