<!DOCTYPE html>
<meta charset="utf-8" />
<!-- version 1 -->
<title>OU replay: Sclash vs. No man's hax</title>
<style>
html,body {font-family:Verdana, sans-serif;font-size:10pt;margin:0;padding:0;}body{padding:12px 0;} .battle-log {font-family:Verdana, sans-serif;font-size:10pt;} .battle-log-inline {border:1px solid #AAAAAA;background:#EEF2F5;color:black;max-width:640px;margin:0 auto 80px;padding-bottom:5px;} .battle-log .inner {padding:4px 8px 0px 8px;} .battle-log .inner-preempt {padding:0 8px 4px 8px;} .battle-log .inner-after {margin-top:0.5em;} .battle-log h2 {margin:0.5em -8px;padding:4px 8px;border:1px solid #AAAAAA;background:#E0E7EA;border-left:0;border-right:0;font-family:Verdana, sans-serif;font-size:13pt;} .battle-log .chat {vertical-align:middle;padding:3px 0 3px 0;font-size:8pt;} .battle-log .chat strong {color:#40576A;} .battle-log .chat em {padding:1px 4px 1px 3px;color:#000000;font-style:normal;} .chat.mine {background:rgba(0,0,0,0.05);margin-left:-8px;margin-right:-8px;padding-left:8px;padding-right:8px;} .spoiler {color:#BBBBBB;background:#BBBBBB;padding:0px 3px;} .spoiler:hover, .spoiler:active, .spoiler-shown {color:#000000;background:#E2E2E2;padding:0px 3px;} .spoiler a {color:#BBBBBB;} .spoiler:hover a, .spoiler:active a, .spoiler-shown a {color:#2288CC;} .chat code, .chat .spoiler:hover code, .chat .spoiler:active code, .chat .spoiler-shown code {border:1px solid #C0C0C0;background:#EEEEEE;color:black;padding:0 2px;} .chat .spoiler code {border:1px solid #CCCCCC;background:#CCCCCC;color:#CCCCCC;} .battle-log .rated {padding:3px 4px;} .battle-log .rated strong {color:white;background:#89A;padding:1px 4px;border-radius:4px;} .spacer {margin-top:0.5em;} .message-announce {background:#6688AA;color:white;padding:1px 4px 2px;} .message-announce a, .broadcast-green a, .broadcast-blue a, .broadcast-red a {color:#DDEEFF;} .broadcast-green {background-color:#559955;color:white;padding:2px 4px;} .broadcast-blue {background-color:#6688AA;color:white;padding:2px 4px;} .infobox {border:1px solid #6688AA;padding:2px 4px;} .infobox-limited {max-height:200px;overflow:auto;overflow-x:hidden;} .broadcast-red {background-color:#AA5544;color:white;padding:2px 4px;} .message-learn-canlearn {font-weight:bold;color:#228822;text-decoration:underline;} .message-learn-cannotlearn {font-weight:bold;color:#CC2222;text-decoration:underline;} .message-effect-weak {font-weight:bold;color:#CC2222;} .message-effect-resist {font-weight:bold;color:#6688AA;} .message-effect-immune {font-weight:bold;color:#666666;} .message-learn-list {margin-top:0;margin-bottom:0;} .message-throttle-notice, .message-error {color:#992222;} .message-overflow, .chat small.message-overflow {font-size:0pt;} .message-overflow::before {font-size:9pt;content:'...';} .subtle {color:#3A4A66;}
</style>
<div class="wrapper replay-wrapper" style="max-width:1180px;margin:0 auto">
<input type="hidden" name="replayid" value="destiny-ou-573843" />
<div class="battle"></div><div class="battle-log"></div><div class="replay-controls"></div><div class="replay-controls-2"></div>
<h1 style="font-weight:normal;text-align:center"><strong>OU</strong><br /><a href="http://pokemonshowdown.com/users/sclash" class="subtle" target="_blank">Sclash</a> vs. <a href="http://pokemonshowdown.com/users/nomanshax" class="subtle" target="_blank">No man's hax</a></h1>
<script type="text/plain" class="battle-log-data">|player|p1|Sclash|sclashdriver.gif?b49c6a2d
|teamsize|p1|6
|player|p2|No man's hax|nomanshax-6.gif?d810ee3d
|teamsize|p2|6
|teamsize|p1|6
|teamsize|p2|6
|gametype|singles
|gen|7
|tier|OU
|seed|11100,42994,25193,25133
|rule|Cláusula-Mod de Dormir: solo puedes dormir a uno de tus oponentes a la vez.
|rule|Cláusula de Especie: Hasta un Pokémon de cada especie
|rule|Cláusula de Golpe Fulminante: los movimientos fulminantes (OHKO) estan prohibidos
|rule|Cláusula de Veleta: la habilidad Veleta está prohibida
|rule|Cláusula de Movimientos Evasivos: los movimientos de Evasión están prohibidos.
|rule|Cláusula de Batallas Eternas: forzar batallas eternas está prohibido
|clearpoke
|poke|p1|Zygarde|item
|poke|p1|Greninja, M|item
|poke|p1|Tornadus-Therian, M|item
|poke|p1|Heatran, F|item
|poke|p1|Tangrowth, M|item
|poke|p1|Mawile, M|item
|poke|p2|Heracross, M|item
|poke|p2|Keldeo|item
|poke|p2|Jirachi|item
|poke|p2|Zapdos|item
|poke|p2|Landorus-Therian, M|item
|poke|p2|Magearna|item
|teampreview|undefined
|c|☆Sclash|No lo actualizaron xddd
|c|☆No man's hax|Pues al final si tuve razon lul
|c|☆No man's hax|Pues nada, que la hax te acompañe
|choice|*team 321456|*
|c|☆Sclash|Igualmente
|choice|*|*team 523416
|choice|*team 321456|*
|choice|team 3, 2, 1, 4, 5, 6|team 5, 2, 3, 4, 1, 6
|
|start
|switch|p1a: Tornadus|Tornadus-Therian, M|362\/362
|switch|p2a: Landorus|Landorus-Therian, M|320\/320
|-ability|p2a: Landorus|Intimidate|boost
|-unboost|p1a: Tornadus|atk|1
|turn|1
|choice|*move 2|*
|choice|*|*move 1
|choice|move knockoff|move uturn
|
|move|p2a: Landorus|U-turn|p1a: Tornadus
|-resisted|p1a: Tornadus
|-damage|p1a: Tornadus|307\/362
|-damage|p2a: Landorus|267\/320|[from] item: Rocky Helmet|[of] p1a: Tornadus
|choice|*|*switch 4
|choice||switch 4
|
|switch|p2a: Zapdos|Zapdos|384\/384|[from]move: U-turn
|move|p1a: Tornadus|Knock Off|p2a: Zapdos
|-damage|p2a: Zapdos|339\/384
|-enditem|p2a: Zapdos|Leftovers|[from] move: Knock Off|[of] p1a: Tornadus
|
|upkeep
|turn|2
|choice|*|*switch 4
|choice|*|*move 3
|choice|*|*move 3
|choice|*switch 3|*
|choice|switch 3|move discharge
|
|switch|p1a: Zygarde|Zygarde|358\/358
|-ability|p1a: Zygarde|Aura Break
|move|p2a: Zapdos|Discharge|p1a: Zygarde
|-immune|p1a: Zygarde|[msg]
|
|upkeep
|turn|3
|choice|*|*switch 2
|choice|*move 4|*
|choice|move glare|switch 2
|
|switch|p2a: Keldeo|Keldeo|323\/323
|move|p1a: Zygarde|Glare|p2a: Keldeo
|-status|p2a: Keldeo|par
|
|upkeep
|turn|4
|choice|*switch 3|*
|choice|*|*move 4
|choice|switch 3|move icywind
|
|switch|p1a: Tornadus|Tornadus-Therian, M|362\/362
|move|p2a: Keldeo|Icy Wind|p1a: Tornadus
|-supereffective|p1a: Tornadus
|-damage|p1a: Tornadus|148\/362
|-unboost|p1a: Tornadus|spe|1
|
|upkeep
|turn|5
|choice|*|*switch 2
|choice|*move 3|*
|choice|move uturn|switch 2
|
|switch|p2a: Zapdos|Zapdos|339\/384
|move|p1a: Tornadus|U-turn|p2a: Zapdos
|-resisted|p2a: Zapdos
|-damage|p2a: Zapdos|315\/384
|-status|p1a: Tornadus|par|[from] ability: Static|[of] p2a: Zapdos
|c| Escanor The One|Ni un meme >:[
|c|☆No man's hax|Sry por eso
|choice|*switch 4|*
|choice|switch 4|
|
|switch|p1a: Heatran|Heatran, F|323\/323|[from]move: U-turn
|
|upkeep
|turn|6
|choice|*move 2|*
|choice|*|*switch 2
|choice|move stealthrock|switch 2
|
|switch|p2a: Keldeo|Keldeo|323\/323 par
|move|p1a: Heatran|Stealth Rock|p2a: Keldeo
|-sidestart|p2: No man's hax|move: Stealth Rock
|
|upkeep
|turn|7
|choice|*|*move 1
|choice|*switch 6|*
|choice|*|*move 1
|choice|*switch 5|*
|choice|switch 5|move secretsword
|
|switch|p1a: Tangrowth|Tangrowth, M|403\/403
|move|p2a: Keldeo|Secret Sword|p1a: Tangrowth
|-damage|p1a: Tangrowth|211\/403
|
|upkeep
|turn|8
|choice|*|*move 1
|choice|*switch 6|*
|choice|switch 6|move secretsword
|
|switch|p1a: Mawile|Mawile, M|251\/251
|-ability|p1a: Mawile|Intimidate|boost
|-unboost|p2a: Keldeo|atk|1
|move|p2a: Keldeo|Secret Sword|p1a: Mawile
|-damage|p1a: Mawile|0 fnt
|faint|p1a: Mawile
|
|upkeep
|c|☆Sclash|uff
|c|☆Sclash|Me la jugaste bien
|c|☆No man's hax|yo esperaba al tran :-p
|choice|*switch 3|*
|choice|switch 3|
|
|switch|p1a: Zygarde|Zygarde|358\/358
|-ability|p1a: Zygarde|Aura Break
|turn|9
|choice|*move 1|*
|choice|*|*switch 5
|choice|move thousandarrows|switch 5
|
|switch|p2a: Heracross|Heracross, M|364\/364
|-damage|p2a: Heracross|319\/364|[from] Stealth Rock
|move|p1a: Zygarde|Thousand Arrows|p2a: Heracross
|-resisted|p2a: Heracross
|-damage|p2a: Heracross|187\/364
|
|upkeep
|turn|10
|choice|*|*move 2 mega
|choice|*|*move 3 mega
|choice|*move 1|*
|choice|move thousandarrows|move closecombat mega
|
|-mega|p2a: Heracross|Heracross|Heracronite
|detailschange|p2a: Heracross|Heracross-Mega, M
|move|p1a: Zygarde|Thousand Arrows|p2a: Heracross
|-resisted|p2a: Heracross
|-damage|p2a: Heracross|88\/364
|move|p2a: Heracross|Close Combat|p1a: Zygarde
|-damage|p1a: Zygarde|79\/358
|-unboost|p2a: Heracross|def|1
|-unboost|p2a: Heracross|spd|1
|
|upkeep
|turn|11
|choice|*|*switch 4
|choice|*move 1|*
|choice|move thousandarrows|switch 4
|
|switch|p2a: Landorus|Landorus-Therian, M|267\/320
|-damage|p2a: Landorus|227\/320|[from] Stealth Rock
|-ability|p2a: Landorus|Intimidate|boost
|-unboost|p1a: Zygarde|atk|1
|move|p1a: Zygarde|Thousand Arrows|p2a: Landorus
|-damage|p2a: Landorus|59\/320
|-start|p2a: Landorus|Smack Down
|
|upkeep
|turn|12
|choice|*switch 4|*
|choice|*|*move 1
|choice|switch 4|move uturn
|
|switch|p1a: Tornadus|Tornadus-Therian, M|268\/362 par
|move|p2a: Landorus|U-turn|p1a: Tornadus
|-resisted|p1a: Tornadus
|-damage|p1a: Tornadus|212\/362 par
|-damage|p2a: Landorus|6\/320|[from] item: Rocky Helmet|[of] p1a: Tornadus
|choice|*|*switch 3
|choice||switch 3
|
|switch|p2a: Jirachi|Jirachi|403\/403|[from]move: U-turn
|-damage|p2a: Jirachi|378\/403|[from] Stealth Rock
|
|-heal|p2a: Jirachi|403\/403|[from] item: Leftovers
|upkeep
|turn|13
|choice|*|*move 2
|choice|*switch 5|*
|choice|switch 5|move wish
|
|switch|p1a: Heatran|Heatran, F|323\/323
|move|p2a: Jirachi|Wish|p2a: Jirachi
|
|upkeep
|turn|14
|choice|*|*move 4
|choice|*move 4|*
|choice|move lavaplume|move uturn
|
|move|p2a: Jirachi|U-turn|p1a: Heatran
|-resisted|p1a: Heatran
|-damage|p1a: Heatran|310\/323
|choice|*|*switch 2
|choice||switch 2
|
|switch|p2a: Zapdos|Zapdos|315\/384|[from]move: U-turn
|-damage|p2a: Zapdos|219\/384|[from] Stealth Rock
|move|p1a: Heatran|Lava Plume|p2a: Zapdos
|-damage|p2a: Zapdos|68\/384
|-status|p2a: Zapdos|brn
|
|-heal|p2a: Zapdos|269\/384 brn|[from] move: Wish|[wisher] Jirachi
|-damage|p2a: Zapdos|245\/384 brn|[from] brn
|upkeep
|turn|15
|choice|*|*move 1
|choice|*move 4|*
|choice|move lavaplume|move defog
|
|move|p1a: Heatran|Lava Plume|p2a: Zapdos
|-damage|p2a: Zapdos|103\/384 brn
|move|p2a: Zapdos|Defog|p1a: Heatran
|-unboost|p1a: Heatran|evasion|1
|-sideend|p2: No man's hax|Stealth Rock|[from] move: Defog|[of] p2a: Zapdos
|
|-damage|p2a: Zapdos|79\/384 brn|[from] brn
|upkeep
|turn|16
|choice|*|*move 3
|choice|*|*move 4
|choice|*move 2|*
|choice|move stealthrock|move roost
|
|move|p1a: Heatran|Stealth Rock|p2a: Zapdos
|-sidestart|p2: No man's hax|move: Stealth Rock
|move|p2a: Zapdos|Roost|p2a: Zapdos
|-heal|p2a: Zapdos|271\/384 brn
|
|-damage|p2a: Zapdos|247\/384 brn|[from] brn
|upkeep
|turn|17
|choice|*|*move 4
|choice|*move 1 zmove|*
|choice|*|*move 1
|choice|move flashcannon zmove|move defog
|
|-zpower|p1a: Heatran
|move|p1a: Heatran|Corkscrew Crash|p2a: Zapdos|[zeffect]
|-resisted|p2a: Zapdos
|-damage|p2a: Zapdos|109\/384 brn
|move|p2a: Zapdos|Defog|p1a: Heatran
|-unboost|p1a: Heatran|evasion|1
|-sideend|p2: No man's hax|Stealth Rock|[from] move: Defog|[of] p2a: Zapdos
|
|-damage|p2a: Zapdos|85\/384 brn|[from] brn
|upkeep
|turn|18
|choice|*move 4|*
|choice|*move 4|*
|choice|*|*move 4
|choice|move lavaplume|move roost
|
|move|p1a: Heatran|Lava Plume|p2a: Zapdos
|-damage|p2a: Zapdos|0 fnt
|faint|p2a: Zapdos
|
|upkeep
|c|☆Sclash|tan cagado estoy
|c|☆Sclash|que no me acordaba del acero y electrico
|c|☆No man's hax|Lol
|choice|*|*switch 3
|choice||switch 3
|
|switch|p2a: Landorus|Landorus-Therian, M|6\/320
|-ability|p2a: Landorus|Intimidate|boost
|-unboost|p1a: Heatran|atk|1
|turn|19
|choice|*|*move 3
|choice|*switch 6|*
|choice|switch 6|move earthquake
|
|switch|p1a: Tangrowth|Tangrowth, M|345\/403
|move|p2a: Landorus|Earthquake|p1a: Tangrowth
|-resisted|p1a: Tangrowth
|-damage|p1a: Tangrowth|261\/403
|
|upkeep
|turn|20
|choice|*|*move 3
|choice|*move 2|*
|choice|move knockoff|move earthquake
|
|move|p2a: Landorus|Earthquake|p1a: Tangrowth
|-resisted|p1a: Tangrowth
|-damage|p1a: Tangrowth|181\/403
|move|p1a: Tangrowth|Knock Off|p2a: Landorus
|-damage|p2a: Landorus|0 fnt
|-enditem|p2a: Landorus|Choice Scarf|[from] move: Knock Off|[of] p1a: Tangrowth
|faint|p2a: Landorus
|
|upkeep
|choice|*|*switch 2
|choice||switch 2
|
|switch|p2a: Jirachi|Jirachi|403\/403
|turn|21
|choice|*|*move 3
|choice|*switch 6|*
|choice|switch 6|move stealthrock
|
|switch|p1a: Heatran|Heatran, F|310\/323
|move|p2a: Jirachi|Stealth Rock|p1a: Heatran
|-sidestart|p1: Sclash|move: Stealth Rock
|
|upkeep
|turn|22
|choice|*|*move 4
|choice|*move 2|*
|choice|move stealthrock|move uturn
|
|move|p2a: Jirachi|U-turn|p1a: Heatran
|-resisted|p1a: Heatran
|-damage|p1a: Heatran|298\/323
|choice|*|*switch 5
|choice||switch 5
|
|switch|p2a: Keldeo|Keldeo|323\/323 par|[from]move: U-turn
|move|p1a: Heatran|Stealth Rock|p2a: Keldeo
|-sidestart|p2: No man's hax|move: Stealth Rock
|
|upkeep
|turn|23
|choice|*|*move 1
|choice|*switch 5|*
|choice|switch 5|move secretsword
|
|switch|p1a: Tornadus|Tornadus-Therian, M|332\/362 par
|-damage|p1a: Tornadus|242\/362 par|[from] Stealth Rock
|move|p2a: Keldeo|Secret Sword|p1a: Tornadus
|-resisted|p1a: Tornadus
|-damage|p1a: Tornadus|110\/362 par
|
|upkeep
|turn|24
|choice|*|*move 1
|choice|*move 3|*
|choice|move uturn|move secretsword
|
|move|p1a: Tornadus|U-turn|p2a: Keldeo
|-resisted|p2a: Keldeo
|-damage|p2a: Keldeo|296\/323 par
|choice|*switch 6|*
|choice|switch 6|
|
|switch|p1a: Tangrowth|Tangrowth, M|315\/403|[from]move: U-turn
|-damage|p1a: Tangrowth|265\/403|[from] Stealth Rock
|cant|p2a: Keldeo|par
|
|upkeep
|turn|25
|choice|*move 1|*
|choice|*|*move 1
|choice|move gigadrain|move secretsword
|
|cant|p2a: Keldeo|par
|move|p1a: Tangrowth|Giga Drain|p2a: Keldeo
|-supereffective|p2a: Keldeo
|-damage|p2a: Keldeo|68\/323 par
|-heal|p1a: Tangrowth|379\/403|[from] drain|[of] p2a: Keldeo
|
|upkeep
|turn|26
|choice|*|*move 1
|choice|*move 4|*
|choice|move earthquake|move secretsword
|
|cant|p2a: Keldeo|par
|move|p1a: Tangrowth|Earthquake|p2a: Keldeo
|-damage|p2a: Keldeo|0 fnt
|faint|p2a: Keldeo
|
|upkeep
|choice|*|*switch 4
|choice||switch 4
|
|switch|p2a: Heracross|Heracross-Mega, M|88\/364
|-damage|p2a: Heracross|43\/364|[from] Stealth Rock
|turn|27
|c|☆Sclash|sorry
|c|☆No man's hax|No pasa nada
|choice|*|*move 2
|choice|*move 4|*
|choice|move earthquake|move pinmissile
|
|move|p2a: Heracross|Pin Missile|p1a: Tangrowth|[miss]
|-miss|p2a: Heracross|p1a: Tangrowth
|move|p1a: Tangrowth|Earthquake|p2a: Heracross
|-resisted|p2a: Heracross
|-damage|p2a: Heracross|6\/364
|
|upkeep
|turn|28
|c|☆Sclash|lolaso
|choice|*move 3|*
|choice|*|*move 3
|choice|move hiddenpower|move closecombat
|
|move|p2a: Heracross|Close Combat|p1a: Tangrowth
|-crit|p1a: Tangrowth
|-damage|p1a: Tangrowth|15\/403
|-unboost|p2a: Heracross|def|1
|-unboost|p2a: Heracross|spd|1
|move|p1a: Tangrowth|Hidden Power|p2a: Heracross
|-damage|p2a: Heracross|0 fnt
|faint|p2a: Heracross
|
|upkeep
|choice|*|*switch 6
|choice||switch 6
|
|switch|p2a: Magearna|Magearna|302\/302
|-damage|p2a: Magearna|284\/302|[from] Stealth Rock
|turn|29
|choice|*|*move 1
|choice|*move 4|*
|choice|move earthquake|move shiftgear
|
|move|p2a: Magearna|Shift Gear|p2a: Magearna
|-boost|p2a: Magearna|spe|2
|-boost|p2a: Magearna|atk|1
|move|p1a: Tangrowth|Earthquake|p2a: Magearna
|-supereffective|p2a: Magearna
|-damage|p2a: Magearna|154\/302
|
|upkeep
|turn|30
|choice|*move 4|*
|c|☆No man's hax|Bueno, gg
|choice|*|*move 3
|choice|move earthquake|move icebeam
|
|move|p2a: Magearna|Ice Beam|p1a: Tangrowth
|-supereffective|p1a: Tangrowth
|-damage|p1a: Tangrowth|0 fnt
|faint|p1a: Tangrowth
|-ability|p2a: Magearna|Soul-Heart|boost
|-boost|p2a: Magearna|spa|1
|
|upkeep
|choice|*switch 5|*
|choice|switch 5|
|
|switch|p1a: Heatran|Heatran, F|298\/323
|-damage|p1a: Heatran|258\/323|[from] Stealth Rock
|turn|31
|choice|*move 4|*
|choice|*|*move 4 zmove
|choice|move lavaplume|move focusblast zmove
|
|-zpower|p2a: Magearna
|move|p2a: Magearna|All-Out Pummeling|p1a: Heatran|[zeffect]
|-supereffective|p1a: Heatran
|-damage|p1a: Heatran|0 fnt
|faint|p1a: Heatran
|-ability|p2a: Magearna|Soul-Heart|boost
|-boost|p2a: Magearna|spa|1
|
|upkeep
|choice|*switch 4|*
|choice|switch 4|
|
|switch|p1a: Zygarde|Zygarde|79\/358
|-damage|p1a: Zygarde|57\/358|[from] Stealth Rock
|-ability|p1a: Zygarde|Aura Break
|turn|32
|choice|*move 2|*
|choice|*|*move 3
|choice|move extremespeed|move icebeam
|
|move|p1a: Zygarde|Extreme Speed|p2a: Magearna
|-resisted|p2a: Magearna
|-damage|p2a: Magearna|97\/302
|move|p2a: Magearna|Ice Beam|p1a: Zygarde
|-supereffective|p1a: Zygarde
|-damage|p1a: Zygarde|0 fnt
|faint|p1a: Zygarde
|-ability|p2a: Magearna|Soul-Heart|boost
|-boost|p2a: Magearna|spa|1
|
|upkeep
|choice|*switch 2|*
|choice|switch 2|
|
|switch|p1a: Greninja|Greninja, M|285\/285
|-damage|p1a: Greninja|250\/285|[from] Stealth Rock
|turn|33
|choice|*move 1|*
|choice|*|*move 2
|choice|move watershuriken|move thunderbolt
|
|move|p1a: Greninja|Water Shuriken|p2a: Magearna
|-damage|p2a: Magearna|67\/302
|-damage|p2a: Magearna|37\/302
|-hitcount|p2a: Magearna|2
|move|p2a: Magearna|Thunderbolt|p1a: Greninja
|-supereffective|p1a: Greninja
|-damage|p1a: Greninja|0 fnt
|faint|p1a: Greninja
|-ability|p2a: Magearna|Soul-Heart|boost
|-boost|p2a: Magearna|spa|1
|
|upkeep
|c|☆Sclash|gg xd
|choice|*switch 6|*
|choice|switch 6|
|
|switch|p1a: Tornadus|Tornadus-Therian, M|230\/362 par
|-damage|p1a: Tornadus|140\/362 par|[from] Stealth Rock
|turn|34
|choice|*move 1|*
|c|☆No man's hax|Bueno, al menos aun no estoy tan oxidado como creia
|choice|*|*move 2
|choice|move hurricane|move thunderbolt
|
|move|p2a: Magearna|Thunderbolt|p1a: Tornadus
|-supereffective|p1a: Tornadus
|-damage|p1a: Tornadus|0 fnt
|faint|p1a: Tornadus
|
|win|No man's hax
|c|☆Sclash|Yo si xd
|c|☆Sclash|gg
</script>
</div>
<div class="battle-log battle-log-inline"><div class="inner"><div class="battle-options"></div><div class="inner"><div class=""><small>Format:</small> <br><strong>OU</strong></div><div class=""><small><em>Cláusula-Mod de Dormir:</em> solo puedes dormir a uno de tus oponentes a la vez.</small></div><div class=""><small><em>Cláusula de Especie:</em> Hasta un Pokémon de cada especie</small></div><div class=""><small><em>Cláusula de Golpe Fulminante:</em> los movimientos fulminantes (OHKO) estan prohibidos</small></div><div class=""><small><em>Cláusula de Veleta:</em> la habilidad Veleta está prohibida</small></div><div class=""><small><em>Cláusula de Movimientos Evasivos:</em> los movimientos de Evasión están prohibidos.</small></div><div class=""><small><em>Cláusula de Batallas Eternas:</em> forzar batallas eternas está prohibido</small></div><div class="chat battle-history"><strong>Sclash's team:</strong> <em style="color:#445566;display:block;">Zygarde / Greninja / Tornadus-Therian / Heatran / Tangrowth / Mawile</em></div><div class="chat battle-history"><strong>No man's hax's team:</strong> <em style="color:#445566;display:block;">Heracross / Keldeo / Jirachi / Zapdos / Landorus-Therian / Magearna</em></div><div class="chat chatmessage-sclash"><strong style="color:hsl(213,53%,50.131290827384284%)"><small>☆</small><span class="username" data-name="Sclash">Sclash</span>:</strong> <em>No lo actualizaron xddd</em></div><div class="chat chatmessage-nomanshax"><strong style="color:hsl(105,82%,35%)"><small>☆</small><span class="username" data-name="No man's hax">No man's hax</span>:</strong> <em>Pues al final si tuve razon lul</em></div><div class="chat chatmessage-nomanshax"><strong style="color:hsl(105,82%,35%)"><small>☆</small><span class="username" data-name="No man's hax">No man's hax</span>:</strong> <em>Pues nada, que la hax te acompañe</em></div><div class="chat chatmessage-sclash"><strong style="color:hsl(213,53%,50.131290827384284%)"><small>☆</small><span class="username" data-name="Sclash">Sclash</span>:</strong> <em>Igualmente</em></div><div class="spacer battle-history"><br></div><div class="battle-history">Battle started between Sclash and No man's hax!<br></div><div class="spacer battle-history"><br></div><div class="battle-history">Go! Tornadus (<strong>Tornadus-Therian</strong>)!<br></div><div class="spacer battle-history"><br></div><div class="battle-history">No man's hax sent out Landorus (<strong>Landorus-Therian</strong>)!<br></div><div class="battle-history"><small>[The opposing Landorus's Intimidate]</small><br></div><div class="battle-history"><small>Tornadus's Attack fell!</small><br></div><div class="spacer battle-history"><br></div><h2 class="battle-history">Turn 1</h2><div class="spacer battle-history"><br></div><div class="battle-history">The opposing Landorus used <strong>U-turn</strong>!<br></div><div class="battle-history"><small>It's not very effective...</small><br></div><div class="battle-history"><small>(Tornadus lost <abbr title="−55/362">15.2%</abbr> of its health!)</small><br></div><div class="battle-history"><small>The opposing Landorus was hurt by the Rocky Helmet!</small><br></div><div class="spacer battle-history"><br></div><div class="battle-history">The opposing Landorus went back to No man's hax!<br></div><div class="battle-history">No man's hax sent out <strong>Zapdos</strong>!<br></div><div class="spacer battle-history"><br></div><div class="battle-history">Tornadus used <strong>Knock Off</strong>!<br></div><div class="battle-history"><small>(The opposing Zapdos lost <abbr title="−45/384">11.7%</abbr> of its health!)</small><br></div><div class="battle-history"><small>Tornadus knocked off the opposing Zapdos's Leftovers!</small><br></div><div class="spacer battle-history"><br></div><h2 class="battle-history">Turn 2</h2><div class="spacer battle-history"><br></div><div class="battle-history">Tornadus, come back!<br></div><div class="battle-history">Go! <strong>Zygarde</strong>!<br></div><div class="battle-history"><small>[Zygarde's Aura Break]</small><br><small>Zygarde reversed all other Pokémon's auras!</small><br></div><div class="spacer battle-history"><br></div><div class="battle-history">The opposing Zapdos used <strong>Discharge</strong>!<br></div><div class="battle-history"><small>It doesn't affect Zygarde...</small><br></div><div class="spacer battle-history"><br></div><h2 class="battle-history">Turn 3</h2><div class="spacer battle-history"><br></div><div class="battle-history">No man's hax withdrew Zapdos!<br></div><div class="battle-history">No man's hax sent out <strong>Keldeo</strong>!<br></div><div class="spacer battle-history"><br></div><div class="battle-history">Zygarde used <strong>Glare</strong>!<br></div><div class="battle-history"><small>The opposing Keldeo is paralyzed! It may be unable to move!</small><br></div><div class="spacer battle-history"><br></div><h2 class="battle-history">Turn 4</h2><div class="spacer battle-history"><br></div><div class="battle-history">Zygarde, come back!<br></div><div class="battle-history">Go! Tornadus (<strong>Tornadus-Therian</strong>)!<br></div><div class="spacer battle-history"><br></div><div class="battle-history">The opposing Keldeo used <strong>Icy Wind</strong>!<br></div><div class="battle-history"><small>It's super effective!</small><br></div><div class="battle-history"><small>(Tornadus lost <abbr title="−214/362">59.1%</abbr> of its health!)</small><br></div><div class="battle-history"><small>Tornadus's Speed fell!</small><br></div><div class="spacer battle-history"><br></div><h2 class="battle-history">Turn 5</h2><div class="spacer battle-history"><br></div><div class="battle-history">No man's hax withdrew Keldeo!<br></div><div class="battle-history">No man's hax sent out <strong>Zapdos</strong>!<br></div><div class="spacer battle-history"><br></div><div class="battle-history">Tornadus used <strong>U-turn</strong>!<br></div><div class="battle-history"><small>It's not very effective...</small><br></div><div class="battle-history"><small>(The opposing Zapdos lost <abbr title="−24/384">6.3%</abbr> of its health!)</small><br></div><div class="battle-history"><small>[The opposing Zapdos's Static]</small><br><small>Tornadus is paralyzed! It may be unable to move!</small><br></div><div class="chat chatmessage-escanortheone"><strong style="color:hsl(114,63%,35%)"><small> </small><span class="username" data-name="Escanor The One">Escanor The One</span>:</strong> <em>Ni un meme &gt;:[</em></div><div class="chat chatmessage-nomanshax"><strong style="color:hsl(105,82%,35%)"><small>☆</small><span class="username" data-name="No man's hax">No man's hax</span>:</strong> <em>Sry por eso</em></div><div class="spacer battle-history"><br></div><div class="battle-history">Tornadus went back to Sclash!<br></div><div class="battle-history">Go! <strong>Heatran</strong>!<br></div><div class="spacer battle-history"><br></div><h2 class="battle-history">Turn 6</h2><div class="spacer battle-history"><br></div><div class="battle-history">No man's hax withdrew Zapdos!<br></div><div class="battle-history">No man's hax sent out <strong>Keldeo</strong>!<br></div><div class="spacer battle-history"><br></div><div class="battle-history">Heatran used <strong>Stealth Rock</strong>!<br></div><div class="battle-history"><small>Pointed stones float in the air around the opposing team!</small><br></div><div class="spacer battle-history"><br></div><h2 class="battle-history">Turn 7</h2><div class="spacer battle-history"><br></div><div class="battle-history">Heatran, come back!<br></div><div class="battle-history">Go! <strong>Tangrowth</strong>!<br></div><div class="spacer battle-history"><br></div><div class="battle-history">The opposing Keldeo used <strong>Secret Sword</strong>!<br></div><div class="battle-history"><small>(Tangrowth lost <abbr title="−192/403">47.6%</abbr> of its health!)</small><br></div><div class="spacer battle-history"><br></div><h2 class="battle-history">Turn 8</h2><div class="spacer battle-history"><br></div><div class="battle-history">Tangrowth, come back!<br></div><div class="battle-history">Go! <strong>Mawile</strong>!<br></div><div class="battle-history"><small>[Mawile's Intimidate]</small><br></div><div class="battle-history"><small>The opposing Keldeo's Attack fell!</small><br></div><div class="spacer battle-history"><br></div><div class="battle-history">The opposing Keldeo used <strong>Secret Sword</strong>!<br></div><div class="battle-history"><small>(Mawile lost <abbr title="−251/251">100%</abbr> of its health!)</small><br></div><div class="spacer battle-history"><br></div><div class="battle-history">Mawile fainted!<br></div><div class="chat chatmessage-sclash"><strong style="color:hsl(213,53%,50.131290827384284%)"><small>☆</small><span class="username" data-name="Sclash">Sclash</span>:</strong> <em>uff</em></div><div class="chat chatmessage-sclash"><strong style="color:hsl(213,53%,50.131290827384284%)"><small>☆</small><span class="username" data-name="Sclash">Sclash</span>:</strong> <em>Me la jugaste bien</em></div><div class="chat chatmessage-nomanshax"><strong style="color:hsl(105,82%,35%)"><small>☆</small><span class="username" data-name="No man's hax">No man's hax</span>:</strong> <em>yo esperaba al tran :-p</em></div><div class="spacer battle-history"><br></div><div class="battle-history">Go! <strong>Zygarde</strong>!<br></div><div class="battle-history"><small>[Zygarde's Aura Break]</small><br><small>Zygarde reversed all other Pokémon's auras!</small><br></div><div class="spacer battle-history"><br></div><h2 class="battle-history">Turn 9</h2><div class="spacer battle-history"><br></div><div class="battle-history">No man's hax withdrew Keldeo!<br></div><div class="battle-history">No man's hax sent out <strong>Heracross</strong>!<br></div><div class="battle-history"><small>Pointed stones dug into the opposing Heracross!</small><br></div><div class="spacer battle-history"><br></div><div class="battle-history">Zygarde used <strong>Thousand Arrows</strong>!<br></div><div class="battle-history"><small>It's not very effective...</small><br></div><div class="battle-history"><small>(The opposing Heracross lost <abbr title="−132/364">36.3%</abbr> of its health!)</small><br></div><div class="spacer battle-history"><br></div><h2 class="battle-history">Turn 10</h2><div class="spacer battle-history"><br></div><div class="battle-history"><small>The opposing Heracross's Heracronite is reacting to the Key Stone!</small><br>The opposing Heracross has Mega Evolved into Mega Heracross!<br></div><div class="spacer battle-history"><br></div><div class="battle-history">Zygarde used <strong>Thousand Arrows</strong>!<br></div><div class="battle-history"><small>It's not very effective...</small><br></div><div class="battle-history"><small>(The opposing Heracross lost <abbr title="−99/364">27.2%</abbr> of its health!)</small><br></div><div class="spacer battle-history"><br></div><div class="battle-history">The opposing Heracross used <strong>Close Combat</strong>!<br></div><div class="battle-history"><small>(Zygarde lost <abbr title="−279/358">77.9%</abbr> of its health!)</small><br></div><div class="battle-history"><small>The opposing Heracross's Defense fell!</small><br></div><div class="battle-history"><small>The opposing Heracross's Special Defense fell!</small><br></div><div class="spacer battle-history"><br></div><h2 class="battle-history">Turn 11</h2><div class="spacer battle-history"><br></div><div class="battle-history">No man's hax withdrew Heracross!<br></div><div class="battle-history">No man's hax sent out Landorus (<strong>Landorus-Therian</strong>)!<br></div><div class="battle-history"><small>Pointed stones dug into the opposing Landorus!</small><br></div><div class="battle-history"><small>[The opposing Landorus's Intimidate]</small><br></div><div class="battle-history"><small>Zygarde's Attack fell!</small><br></div><div class="spacer battle-history"><br></div><div class="battle-history">Zygarde used <strong>Thousand Arrows</strong>!<br></div><div class="battle-history"><small>(The opposing Landorus lost <abbr title="−168/320">52.5%</abbr> of its health!)</small><br></div><div class="battle-history"><small>The opposing Landorus fell straight down!</small><br></div><div class="spacer battle-history"><br></div><h2 class="battle-history">Turn 12</h2><div class="spacer battle-history"><br></div><div class="battle-history">Zygarde, come back!<br></div><div class="battle-history">Go! Tornadus (<strong>Tornadus-Therian</strong>)!<br></div><div class="spacer battle-history"><br></div><div class="battle-history">The opposing Landorus used <strong>U-turn</strong>!<br></div><div class="battle-history"><small>It's not very effective...</small><br></div><div class="battle-history"><small>(Tornadus lost <abbr title="−56/362">15.5%</abbr> of its health!)</small><br></div><div class="battle-history"><small>The opposing Landorus was hurt by the Rocky Helmet!</small><br></div><div class="spacer battle-history"><br></div><div class="battle-history">The opposing Landorus went back to No man's hax!<br></div><div class="battle-history">No man's hax sent out <strong>Jirachi</strong>!<br></div><div class="battle-history"><small>Pointed stones dug into the opposing Jirachi!</small><br></div><div class="spacer battle-history"><br></div><div class="battle-history"><small>The opposing Jirachi restored a little HP using its Leftovers!</small><br></div><div class="spacer battle-history"><br></div><h2 class="battle-history">Turn 13</h2><div class="spacer battle-history"><br></div><div class="battle-history">Tornadus, come back!<br></div><div class="battle-history">Go! <strong>Heatran</strong>!<br></div><div class="spacer battle-history"><br></div><div class="battle-history">The opposing Jirachi used <strong>Wish</strong>!<br></div><div class="spacer battle-history"><br></div><h2 class="battle-history">Turn 14</h2><div class="spacer battle-history"><br></div><div class="battle-history">The opposing Jirachi used <strong>U-turn</strong>!<br></div><div class="battle-history"><small>It's not very effective...</small><br></div><div class="battle-history"><small>(Heatran lost <abbr title="−13/323">4.0%</abbr> of its health!)</small><br></div><div class="spacer battle-history"><br></div><div class="battle-history">The opposing Jirachi went back to No man's hax!<br></div><div class="battle-history">No man's hax sent out <strong>Zapdos</strong>!<br></div><div class="battle-history"><small>Pointed stones dug into the opposing Zapdos!</small><br></div><div class="spacer battle-history"><br></div><div class="battle-history">Heatran used <strong>Lava Plume</strong>!<br></div><div class="battle-history"><small>(The opposing Zapdos lost <abbr title="−151/384">39.3%</abbr> of its health!)</small><br></div><div class="battle-history"><small>The opposing Zapdos was burned!</small><br></div><div class="spacer battle-history"><br></div><div class="battle-history"><small>Jirachi's wish came true!</small><br></div><div class="battle-history"><small>The opposing Zapdos was hurt by its burn!</small><br></div><div class="spacer battle-history"><br></div><h2 class="battle-history">Turn 15</h2><div class="spacer battle-history"><br></div><div class="battle-history">Heatran used <strong>Lava Plume</strong>!<br></div><div class="battle-history"><small>(The opposing Zapdos lost <abbr title="−142/384">37.0%</abbr> of its health!)</small><br></div><div class="spacer battle-history"><br></div><div class="battle-history">The opposing Zapdos used <strong>Defog</strong>!<br></div><div class="battle-history"><small>Heatran's evasiveness fell!</small><br></div><div class="battle-history"><small>The pointed stones disappeared from around the opposing team!</small><br></div><div class="spacer battle-history"><br></div><div class="battle-history"><small>The opposing Zapdos was hurt by its burn!</small><br></div><div class="spacer battle-history"><br></div><h2 class="battle-history">Turn 16</h2><div class="spacer battle-history"><br></div><div class="battle-history">Heatran used <strong>Stealth Rock</strong>!<br></div><div class="battle-history"><small>Pointed stones float in the air around the opposing team!</small><br></div><div class="spacer battle-history"><br></div><div class="battle-history">The opposing Zapdos used <strong>Roost</strong>!<br></div><div class="battle-history"><small>The opposing Zapdos restored its HP.</small><br></div><div class="spacer battle-history"><br></div><div class="battle-history"><small>The opposing Zapdos was hurt by its burn!</small><br></div><div class="spacer battle-history"><br></div><h2 class="battle-history">Turn 17</h2><div class="spacer battle-history"><br></div><div class="battle-history"><small>Heatran surrounded itself with its Z-Power!</small><br></div><div class="spacer battle-history"><br></div><div class="battle-history">Heatran used <strong>Corkscrew Crash</strong>!<br></div><div class="battle-history"><small>It's not very effective...</small><br></div><div class="battle-history"><small>(The opposing Zapdos lost <abbr title="−138/384">35.9%</abbr> of its health!)</small><br></div><div class="spacer battle-history"><br></div><div class="battle-history">The opposing Zapdos used <strong>Defog</strong>!<br></div><div class="battle-history"><small>Heatran's evasiveness fell!</small><br></div><div class="battle-history"><small>The pointed stones disappeared from around the opposing team!</small><br></div><div class="spacer battle-history"><br></div><div class="battle-history"><small>The opposing Zapdos was hurt by its burn!</small><br></div><div class="spacer battle-history"><br></div><h2 class="battle-history">Turn 18</h2><div class="spacer battle-history"><br></div><div class="battle-history">Heatran used <strong>Lava Plume</strong>!<br></div><div class="battle-history"><small>(The opposing Zapdos lost <abbr title="−85/384">22.1%</abbr> of its health!)</small><br></div><div class="spacer battle-history"><br></div><div class="battle-history">The opposing Zapdos fainted!<br></div><div class="chat chatmessage-sclash"><strong style="color:hsl(213,53%,50.131290827384284%)"><small>☆</small><span class="username" data-name="Sclash">Sclash</span>:</strong> <em>tan cagado estoy</em></div><div class="chat chatmessage-sclash"><strong style="color:hsl(213,53%,50.131290827384284%)"><small>☆</small><span class="username" data-name="Sclash">Sclash</span>:</strong> <em>que no me acordaba del acero y electrico</em></div><div class="chat chatmessage-nomanshax"><strong style="color:hsl(105,82%,35%)"><small>☆</small><span class="username" data-name="No man's hax">No man's hax</span>:</strong> <em>Lol</em></div><div class="spacer battle-history"><br></div><div class="battle-history">No man's hax sent out Landorus (<strong>Landorus-Therian</strong>)!<br></div><div class="battle-history"><small>[The opposing Landorus's Intimidate]</small><br></div><div class="battle-history"><small>Heatran's Attack fell!</small><br></div><div class="spacer battle-history"><br></div><h2 class="battle-history">Turn 19</h2><div class="spacer battle-history"><br></div><div class="battle-history">Heatran, come back!<br></div><div class="battle-history">Go! <strong>Tangrowth</strong>!<br></div><div class="spacer battle-history"><br></div><div class="battle-history">The opposing Landorus used <strong>Earthquake</strong>!<br></div><div class="battle-history"><small>It's not very effective...</small><br></div><div class="battle-history"><small>(Tangrowth lost <abbr title="−84/403">20.8%</abbr> of its health!)</small><br></div><div class="spacer battle-history"><br></div><h2 class="battle-history">Turn 20</h2><div class="spacer battle-history"><br></div><div class="battle-history">The opposing Landorus used <strong>Earthquake</strong>!<br></div><div class="battle-history"><small>It's not very effective...</small><br></div><div class="battle-history"><small>(Tangrowth lost <abbr title="−80/403">19.9%</abbr> of its health!)</small><br></div><div class="spacer battle-history"><br></div><div class="battle-history">Tangrowth used <strong>Knock Off</strong>!<br></div><div class="battle-history"><small>(The opposing Landorus lost <abbr title="−6/320">1.9%</abbr> of its health!)</small><br></div><div class="battle-history"><small>Tangrowth knocked off the opposing Landorus's Choice Scarf!</small><br></div><div class="spacer battle-history"><br></div><div class="battle-history">The opposing Landorus fainted!<br></div><div class="spacer battle-history"><br></div><div class="battle-history">No man's hax sent out <strong>Jirachi</strong>!<br></div><div class="spacer battle-history"><br></div><h2 class="battle-history">Turn 21</h2><div class="spacer battle-history"><br></div><div class="battle-history">Tangrowth, come back!<br></div><div class="battle-history">Go! <strong>Heatran</strong>!<br></div><div class="spacer battle-history"><br></div><div class="battle-history">The opposing Jirachi used <strong>Stealth Rock</strong>!<br></div><div class="battle-history"><small>Pointed stones float in the air around your team!</small><br></div><div class="spacer battle-history"><br></div><h2 class="battle-history">Turn 22</h2><div class="spacer battle-history"><br></div><div class="battle-history">The opposing Jirachi used <strong>U-turn</strong>!<br></div><div class="battle-history"><small>It's not very effective...</small><br></div><div class="battle-history"><small>(Heatran lost <abbr title="−12/323">3.7%</abbr> of its health!)</small><br></div><div class="spacer battle-history"><br></div><div class="battle-history">The opposing Jirachi went back to No man's hax!<br></div><div class="battle-history">No man's hax sent out <strong>Keldeo</strong>!<br></div><div class="spacer battle-history"><br></div><div class="battle-history">Heatran used <strong>Stealth Rock</strong>!<br></div><div class="battle-history"><small>Pointed stones float in the air around the opposing team!</small><br></div><div class="spacer battle-history"><br></div><h2 class="battle-history">Turn 23</h2><div class="spacer battle-history"><br></div><div class="battle-history">Heatran, come back!<br></div><div class="battle-history">Go! Tornadus (<strong>Tornadus-Therian</strong>)!<br></div><div class="battle-history"><small>Pointed stones dug into Tornadus!</small><br></div><div class="spacer battle-history"><br></div><div class="battle-history">The opposing Keldeo used <strong>Secret Sword</strong>!<br></div><div class="battle-history"><small>It's not very effective...</small><br></div><div class="battle-history"><small>(Tornadus lost <abbr title="−132/362">36.5%</abbr> of its health!)</small><br></div><div class="spacer battle-history"><br></div><h2 class="battle-history">Turn 24</h2><div class="spacer battle-history"><br></div><div class="battle-history">Tornadus used <strong>U-turn</strong>!<br></div><div class="battle-history"><small>It's not very effective...</small><br></div><div class="battle-history"><small>(The opposing Keldeo lost <abbr title="−27/323">8.4%</abbr> of its health!)</small><br></div><div class="spacer battle-history"><br></div><div class="battle-history">Tornadus went back to Sclash!<br></div><div class="battle-history">Go! <strong>Tangrowth</strong>!<br></div><div class="battle-history"><small>Pointed stones dug into Tangrowth!</small><br></div><div class="spacer battle-history"><br></div><div class="battle-history">The opposing Keldeo is paralyzed! It can't move!<br></div><div class="spacer battle-history"><br></div><h2 class="battle-history">Turn 25</h2><div class="spacer battle-history"><br></div><div class="battle-history">The opposing Keldeo is paralyzed! It can't move!<br></div><div class="spacer battle-history"><br></div><div class="battle-history">Tangrowth used <strong>Giga Drain</strong>!<br></div><div class="battle-history"><small>It's super effective!</small><br></div><div class="battle-history"><small>(The opposing Keldeo lost <abbr title="−228/323">70.6%</abbr> of its health!)</small><br></div><div class="battle-history"><small>The opposing Keldeo had its energy drained!</small><br></div><div class="spacer battle-history"><br></div><h2 class="battle-history">Turn 26</h2><div class="spacer battle-history"><br></div><div class="battle-history">The opposing Keldeo is paralyzed! It can't move!<br></div><div class="spacer battle-history"><br></div><div class="battle-history">Tangrowth used <strong>Earthquake</strong>!<br></div><div class="battle-history"><small>(The opposing Keldeo lost <abbr title="−68/323">21.1%</abbr> of its health!)</small><br></div><div class="spacer battle-history"><br></div><div class="battle-history">The opposing Keldeo fainted!<br></div><div class="spacer battle-history"><br></div><div class="battle-history">No man's hax sent out Heracross (<strong>Heracross-Mega</strong>)!<br></div><div class="battle-history"><small>Pointed stones dug into the opposing Heracross!</small><br></div><div class="spacer battle-history"><br></div><h2 class="battle-history">Turn 27</h2><div class="chat chatmessage-sclash"><strong style="color:hsl(213,53%,50.131290827384284%)"><small>☆</small><span class="username" data-name="Sclash">Sclash</span>:</strong> <em>sorry</em></div><div class="chat chatmessage-nomanshax"><strong style="color:hsl(105,82%,35%)"><small>☆</small><span class="username" data-name="No man's hax">No man's hax</span>:</strong> <em>No pasa nada</em></div><div class="spacer battle-history"><br></div><div class="battle-history">The opposing Heracross used <strong>Pin Missile</strong>!<br></div><div class="battle-history"><small>Tangrowth avoided the attack!</small><br></div><div class="spacer battle-history"><br></div><div class="battle-history">Tangrowth used <strong>Earthquake</strong>!<br></div><div class="battle-history"><small>It's not very effective...</small><br></div><div class="battle-history"><small>(The opposing Heracross lost <abbr title="−37/364">10.2%</abbr> of its health!)</small><br></div><div class="spacer battle-history"><br></div><h2 class="battle-history">Turn 28</h2><div class="chat chatmessage-sclash"><strong style="color:hsl(213,53%,50.131290827384284%)"><small>☆</small><span class="username" data-name="Sclash">Sclash</span>:</strong> <em>lolaso</em></div><div class="spacer battle-history"><br></div><div class="battle-history">The opposing Heracross used <strong>Close Combat</strong>!<br></div><div class="battle-history"><small>A critical hit!</small><br></div><div class="battle-history"><small>(Tangrowth lost <abbr title="−364/403">90.3%</abbr> of its health!)</small><br></div><div class="battle-history"><small>The opposing Heracross's Defense fell!</small><br></div><div class="battle-history"><small>The opposing Heracross's Special Defense fell!</small><br></div><div class="spacer battle-history"><br></div><div class="battle-history">Tangrowth used <strong>Hidden Power</strong>!<br></div><div class="battle-history"><small>(The opposing Heracross lost <abbr title="−6/364">1.6%</abbr> of its health!)</small><br></div><div class="spacer battle-history"><br></div><div class="battle-history">The opposing Heracross fainted!<br></div><div class="spacer battle-history"><br></div><div class="battle-history">No man's hax sent out <strong>Magearna</strong>!<br></div><div class="battle-history"><small>Pointed stones dug into the opposing Magearna!</small><br></div><div class="spacer battle-history"><br></div><h2 class="battle-history">Turn 29</h2><div class="spacer battle-history"><br></div><div class="battle-history">The opposing Magearna used <strong>Shift Gear</strong>!<br></div><div class="battle-history"><small>The opposing Magearna's Speed rose sharply!</small><br></div><div class="battle-history"><small>The opposing Magearna's Attack rose!</small><br></div><div class="spacer battle-history"><br></div><div class="battle-history">Tangrowth used <strong>Earthquake</strong>!<br></div><div class="battle-history"><small>It's super effective!</small><br></div><div class="battle-history"><small>(The opposing Magearna lost <abbr title="−130/302">43.0%</abbr> of its health!)</small><br></div><div class="spacer battle-history"><br></div><h2 class="battle-history">Turn 30</h2><div class="chat chatmessage-nomanshax"><strong style="color:hsl(105,82%,35%)"><small>☆</small><span class="username" data-name="No man's hax">No man's hax</span>:</strong> <em>Bueno, gg</em></div><div class="spacer battle-history"><br></div><div class="battle-history">The opposing Magearna used <strong>Ice Beam</strong>!<br></div><div class="battle-history"><small>It's super effective!</small><br></div><div class="battle-history"><small>(Tangrowth lost <abbr title="−15/403">3.7%</abbr> of its health!)</small><br></div><div class="spacer battle-history"><br></div><div class="battle-history">Tangrowth fainted!<br></div><div class="battle-history"><small>[The opposing Magearna's Soul-Heart]</small><br></div><div class="battle-history"><small>The opposing Magearna's Special Attack rose!</small><br></div><div class="spacer battle-history"><br></div><div class="battle-history">Go! <strong>Heatran</strong>!<br></div><div class="battle-history"><small>Pointed stones dug into Heatran!</small><br></div><div class="spacer battle-history"><br></div><h2 class="battle-history">Turn 31</h2><div class="spacer battle-history"><br></div><div class="battle-history"><small>The opposing Magearna surrounded itself with its Z-Power!</small><br></div><div class="spacer battle-history"><br></div><div class="battle-history">The opposing Magearna used <strong>All-Out Pummeling</strong>!<br></div><div class="battle-history"><small>It's super effective!</small><br></div><div class="battle-history"><small>(Heatran lost <abbr title="−258/323">79.9%</abbr> of its health!)</small><br></div><div class="spacer battle-history"><br></div><div class="battle-history">Heatran fainted!<br></div><div class="battle-history"><small>[The opposing Magearna's Soul-Heart]</small><br></div><div class="battle-history"><small>The opposing Magearna's Special Attack rose!</small><br></div><div class="spacer battle-history"><br></div><div class="battle-history">Go! <strong>Zygarde</strong>!<br></div><div class="battle-history"><small>Pointed stones dug into Zygarde!</small><br></div><div class="battle-history"><small>[Zygarde's Aura Break]</small><br><small>Zygarde reversed all other Pokémon's auras!</small><br></div><div class="spacer battle-history"><br></div><h2 class="battle-history">Turn 32</h2><div class="spacer battle-history"><br></div><div class="battle-history">Zygarde used <strong>Extreme Speed</strong>!<br></div><div class="battle-history"><small>It's not very effective...</small><br></div><div class="battle-history"><small>(The opposing Magearna lost <abbr title="−57/302">18.9%</abbr> of its health!)</small><br></div><div class="spacer battle-history"><br></div><div class="battle-history">The opposing Magearna used <strong>Ice Beam</strong>!<br></div><div class="battle-history"><small>It's super effective!</small><br></div><div class="battle-history"><small>(Zygarde lost <abbr title="−57/358">15.9%</abbr> of its health!)</small><br></div><div class="spacer battle-history"><br></div><div class="battle-history">Zygarde fainted!<br></div><div class="battle-history"><small>[The opposing Magearna's Soul-Heart]</small><br></div><div class="battle-history"><small>The opposing Magearna's Special Attack rose!</small><br></div><div class="spacer battle-history"><br></div><div class="battle-history">Go! <strong>Greninja</strong>!<br></div><div class="battle-history"><small>Pointed stones dug into Greninja!</small><br></div><div class="spacer battle-history"><br></div><h2 class="battle-history">Turn 33</h2><div class="spacer battle-history"><br></div><div class="battle-history">Greninja used <strong>Water Shuriken</strong>!<br></div><div class="battle-history"><small>(The opposing Magearna lost <abbr title="−30/302">9.9%</abbr> of its health!)</small><br></div><div class="battle-history"><small>(The opposing Magearna lost <abbr title="−30/302">9.9%</abbr> of its health!)</small><br></div><div class="battle-history"><small>Hit 2 times!</small><br></div><div class="spacer battle-history"><br></div><div class="battle-history">The opposing Magearna used <strong>Thunderbolt</strong>!<br></div><div class="battle-history"><small>It's super effective!</small><br></div><div class="battle-history"><small>(Greninja lost <abbr title="−250/285">87.7%</abbr> of its health!)</small><br></div><div class="spacer battle-history"><br></div><div class="battle-history">Greninja fainted!<br></div><div class="battle-history"><small>[The opposing Magearna's Soul-Heart]</small><br></div><div class="battle-history"><small>The opposing Magearna's Special Attack rose!</small><br></div><div class="chat chatmessage-sclash"><strong style="color:hsl(213,53%,50.131290827384284%)"><small>☆</small><span class="username" data-name="Sclash">Sclash</span>:</strong> <em>gg xd</em></div><div class="spacer battle-history"><br></div><div class="battle-history">Go! Tornadus (<strong>Tornadus-Therian</strong>)!<br></div><div class="battle-history"><small>Pointed stones dug into Tornadus!</small><br></div><div class="spacer battle-history"><br></div><h2 class="battle-history">Turn 34</h2><div class="chat chatmessage-nomanshax"><strong style="color:hsl(105,82%,35%)"><small>☆</small><span class="username" data-name="No man's hax">No man's hax</span>:</strong> <em>Bueno, al menos aun no estoy tan oxidado como creia</em></div><div class="spacer battle-history"><br></div><div class="battle-history">The opposing Magearna used <strong>Thunderbolt</strong>!<br></div><div class="battle-history"><small>It's super effective!</small><br></div><div class="battle-history"><small>(Tornadus lost <abbr title="−140/362">38.7%</abbr> of its health!)</small><br></div><div class="spacer battle-history"><br></div><div class="battle-history">Tornadus fainted!<br></div><div class="spacer battle-history"><br></div><div class="battle-history"><strong>No man's hax</strong> won the battle!<br></div><div class="chat chatmessage-sclash"><strong style="color:hsl(213,53%,50.131290827384284%)"><small>☆</small><span class="username" data-name="Sclash">Sclash</span>:</strong> <em>Yo si xd</em></div><div class="chat chatmessage-sclash"><strong style="color:hsl(213,53%,50.131290827384284%)"><small>☆</small><span class="username" data-name="Sclash">Sclash</span>:</strong> <em>gg</em></div></div><div class="inner-preempt"></div></div></div>
</div>
<script>
let daily = Math.floor(Date.now()/1000/60/60/24);document.write('<script src="https://play.pokemonshowdown.com/js/replay-embed.js?version'+daily+'"></'+'script>');
</script>
