<!DOCTYPE html>
<meta charset="utf-8" />
<!-- version 1 -->
<title>OU replay: Macspie vs. LoD Naskourge</title>
<style>
html,body {font-family:Verdana, sans-serif;font-size:10pt;margin:0;padding:0;}body{padding:12px 0;} .battle-log {font-family:Verdana, sans-serif;font-size:10pt;} .battle-log-inline {border:1px solid #AAAAAA;background:#EEF2F5;color:black;max-width:640px;margin:0 auto 80px;padding-bottom:5px;} .battle-log .inner {padding:4px 8px 0px 8px;} .battle-log .inner-preempt {padding:0 8px 4px 8px;} .battle-log .inner-after {margin-top:0.5em;} .battle-log h2 {margin:0.5em -8px;padding:4px 8px;border:1px solid #AAAAAA;background:#E0E7EA;border-left:0;border-right:0;font-family:Verdana, sans-serif;font-size:13pt;} .battle-log .chat {vertical-align:middle;padding:3px 0 3px 0;font-size:8pt;} .battle-log .chat strong {color:#40576A;} .battle-log .chat em {padding:1px 4px 1px 3px;color:#000000;font-style:normal;} .chat.mine {background:rgba(0,0,0,0.05);margin-left:-8px;margin-right:-8px;padding-left:8px;padding-right:8px;} .spoiler {color:#BBBBBB;background:#BBBBBB;padding:0px 3px;} .spoiler:hover, .spoiler:active, .spoiler-shown {color:#000000;background:#E2E2E2;padding:0px 3px;} .spoiler a {color:#BBBBBB;} .spoiler:hover a, .spoiler:active a, .spoiler-shown a {color:#2288CC;} .chat code, .chat .spoiler:hover code, .chat .spoiler:active code, .chat .spoiler-shown code {border:1px solid #C0C0C0;background:#EEEEEE;color:black;padding:0 2px;} .chat .spoiler code {border:1px solid #CCCCCC;background:#CCCCCC;color:#CCCCCC;} .battle-log .rated {padding:3px 4px;} .battle-log .rated strong {color:white;background:#89A;padding:1px 4px;border-radius:4px;} .spacer {margin-top:0.5em;} .message-announce {background:#6688AA;color:white;padding:1px 4px 2px;} .message-announce a, .broadcast-green a, .broadcast-blue a, .broadcast-red a {color:#DDEEFF;} .broadcast-green {background-color:#559955;color:white;padding:2px 4px;} .broadcast-blue {background-color:#6688AA;color:white;padding:2px 4px;} .infobox {border:1px solid #6688AA;padding:2px 4px;} .infobox-limited {max-height:200px;overflow:auto;overflow-x:hidden;} .broadcast-red {background-color:#AA5544;color:white;padding:2px 4px;} .message-learn-canlearn {font-weight:bold;color:#228822;text-decoration:underline;} .message-learn-cannotlearn {font-weight:bold;color:#CC2222;text-decoration:underline;} .message-effect-weak {font-weight:bold;color:#CC2222;} .message-effect-resist {font-weight:bold;color:#6688AA;} .message-effect-immune {font-weight:bold;color:#666666;} .message-learn-list {margin-top:0;margin-bottom:0;} .message-throttle-notice, .message-error {color:#992222;} .message-overflow, .chat small.message-overflow {font-size:0pt;} .message-overflow::before {font-size:9pt;content:'...';} .subtle {color:#3A4A66;}
</style>
<div class="wrapper replay-wrapper" style="max-width:1180px;margin:0 auto">
<input type="hidden" name="replayid" value="destiny-ou-442743" />
<div class="battle"></div><div class="battle-log"></div><div class="replay-controls"></div><div class="replay-controls-2"></div>
<h1 style="font-weight:normal;text-align:center"><strong>OU</strong><br /><a href="http://pokemonshowdown.com/users/macspie" class="subtle" target="_blank">Macspie</a> vs. <a href="http://pokemonshowdown.com/users/lodnaskourge" class="subtle" target="_blank">LoD Naskourge</a></h1>
<script type="text/plain" class="battle-log-data">|player|p1|Macspie|101
|teamsize|p1|6
|player|p2|LoD Naskourge|lodnaskourge.gif?9931b6ed
|teamsize|p2|6
|teamsize|p1|6
|teamsize|p2|6
|gametype|singles
|gen|7
|tier|OU
|seed|15885,39995,5236,47662
|rule|Cláusula-Mod de Dormir: solo puedes dormir a uno de tus oponentes a la vez.
|rule|Cláusula de Especie: Hasta un Pokémon de cada especie
|rule|Cláusula de Golpe Fulminante: los movimientos fulminantes (OHKO) estan prohibidos
|rule|Cláusula de Veleta: la habilidad Veleta está prohibida
|rule|Cláusula de Movimientos Evasivos: los movimientos de Evasión están prohibidos.
|rule|Cláusula de Batallas Eternas: forzar batallas eternas está prohibido
|clearpoke
|poke|p1|Araquanid, M|item
|poke|p1|Kartana|item
|poke|p1|Mimikyu, F, shiny|item
|poke|p1|Pinsir, F|item
|poke|p1|Zygarde, shiny|item
|poke|p1|Keldeo|item
|poke|p2|Lopunny, F|item
|poke|p2|Breloom, F|item
|poke|p2|Victini|item
|poke|p2|Volcanion|item
|poke|p2|Thundurus-Therian, M|item
|poke|p2|Blacephalon|item
|teampreview|undefined
|choice|*team 123456|*
|c|☆LoD Naskourge|good luck
|c|☆Macspie|^^
|choice|*|*team 523416
|choice|team 1, 2, 3, 4, 5, 6|team 5, 2, 3, 4, 1, 6
|
|start
|switch|p1a: Araquanid|Araquanid, M|331\/331
|switch|p2a: Thundurus|Thundurus-Therian, M|300\/300
|turn|1
|choice|*|*move 1
|choice|*move 1|*
|choice|move stickyweb|move thunderbolt
|
|move|p2a: Thundurus|Thunderbolt|p1a: Araquanid
|-supereffective|p1a: Araquanid
|-enditem|p1a: Araquanid|Focus Sash
|-damage|p1a: Araquanid|1\/331
|move|p1a: Araquanid|Sticky Web|p2a: Thundurus
|-sidestart|p2: LoD Naskourge|move: Sticky Web
|
|upkeep
|turn|2
|choice|*move 2|*
|choice|*|*move 1
|choice|move liquidation|move thunderbolt
|
|move|p2a: Thundurus|Thunderbolt|p1a: Araquanid
|-supereffective|p1a: Araquanid
|-damage|p1a: Araquanid|0 fnt
|faint|p1a: Araquanid
|
|upkeep
|choice|*switch 5|*
|choice|switch 5|
|
|switch|p1a: Zygarde|Zygarde, shiny|397\/397
|-ability|p1a: Zygarde|Aura Break
|turn|3
|choice|*|*move 2
|choice|*move 4|*
|choice|move coil|move hiddenpower
|
|move|p2a: Thundurus|Hidden Power|p1a: Zygarde
|-supereffective|p1a: Zygarde
|-damage|p1a: Zygarde|18\/397
|-enditem|p1a: Zygarde|Iapapa Berry|[eat]
|-heal|p1a: Zygarde|216\/397|[from] item: Iapapa Berry
|move|p1a: Zygarde|Coil|p1a: Zygarde
|-boost|p1a: Zygarde|atk|1
|-boost|p1a: Zygarde|def|1
|-boost|p1a: Zygarde|accuracy|1
|
|upkeep
|turn|4
|choice|*|*move 2
|choice|*move 2|*
|choice|move extremespeed|move hiddenpower
|
|move|p1a: Zygarde|Extreme Speed|p2a: Thundurus
|-damage|p2a: Thundurus|116\/300
|move|p2a: Thundurus|Hidden Power|p1a: Zygarde
|-supereffective|p1a: Zygarde
|-damage|p1a: Zygarde|0 fnt
|faint|p1a: Zygarde
|
|upkeep
|choice|*switch 2|*
|choice|switch 2|
|
|switch|p1a: Kartana|Kartana|259\/259
|turn|5
|choice|*|*switch 4
|choice|*move 2|*
|choice|move leafblade|switch 4
|
|switch|p2a: Volcanion|Volcanion|364\/364
|-activate|p2a: Volcanion|move: Sticky Web
|-unboost|p2a: Volcanion|spe|1
|move|p1a: Kartana|Leaf Blade|p2a: Volcanion
|-crit|p2a: Volcanion
|-damage|p2a: Volcanion|91\/364
|
|upkeep
|turn|6
|choice|*move 2|*
|choice|*|*switch 6
|choice|move leafblade|switch 6
|
|switch|p2a: Blacephalon|Blacephalon|248\/248
|-activate|p2a: Blacephalon|move: Sticky Web
|-unboost|p2a: Blacephalon|spe|1
|move|p1a: Kartana|Leaf Blade|p2a: Blacephalon
|-resisted|p2a: Blacephalon
|-damage|p2a: Blacephalon|86\/248
|
|upkeep
|turn|7
|choice|*move 2|*
|choice|*|*switch 3
|choice|move leafblade|switch 3
|
|switch|p2a: Victini|Victini|342\/342
|-activate|p2a: Victini|move: Sticky Web
|-unboost|p2a: Victini|spe|1
|move|p1a: Kartana|Leaf Blade|p2a: Victini
|-resisted|p2a: Victini
|-damage|p2a: Victini|239\/342
|
|upkeep
|turn|8
|choice|*move 3 zmove|*
|choice|*|*move 1
|choice|move smartstrike zmove|move glaciate
|
|-zpower|p1a: Kartana
|move|p1a: Kartana|Corkscrew Crash|p2a: Victini|[zeffect]
|-resisted|p2a: Victini
|-damage|p2a: Victini|80\/342
|move|p2a: Victini|Glaciate|p1a: Kartana
|-damage|p1a: Kartana|100\/259
|-unboost|p1a: Kartana|spe|1
|
|upkeep
|turn|9
|choice|*move 2|*
|choice|*|*move 2
|choice|move leafblade|move blueflare
|
|move|p1a: Kartana|Leaf Blade|p2a: Victini
|-resisted|p2a: Victini
|-damage|p2a: Victini|0 fnt
|faint|p2a: Victini
|-ability|p1a: Kartana|Beast Boost|boost
|-boost|p1a: Kartana|atk|1
|
|upkeep
|choice|*|*switch 2
|choice||switch 2
|
|switch|p2a: Breloom|Breloom, F|262\/262
|-activate|p2a: Breloom|move: Sticky Web
|-unboost|p2a: Breloom|spe|1
|turn|10
|choice|*|*move 4
|choice|*switch 3|*
|choice|switch 3|move spore
|
|switch|p1a: Mimikyu|Mimikyu, F, shiny|251\/251
|move|p2a: Breloom|Spore|p1a: Mimikyu
|-status|p1a: Mimikyu|slp
|
|upkeep
|turn|11
|choice|*|*move 2
|choice|*move 3|*
|choice|move playrough|move bulletseed
|
|cant|p1a: Mimikyu|slp
|move|p2a: Breloom|Bullet Seed|p1a: Mimikyu
|-activate|p1a: Mimikyu|ability: Disguise
|-damage|p1a: Mimikyu|251\/251 slp
|detailschange|p1a: Mimikyu|Mimikyu-Busted, F, shiny
|-damage|p1a: Mimikyu|141\/251 slp
|-hitcount|p1a: Mimikyu|2
|-damage|p2a: Breloom|236\/262|[from] item: Life Orb
|
|upkeep
|turn|12
|choice|*|*move 2
|choice|*move 3|*
|choice|move playrough|move bulletseed
|
|cant|p1a: Mimikyu|slp
|move|p2a: Breloom|Bullet Seed|p1a: Mimikyu
|-damage|p1a: Mimikyu|28\/251 slp
|-damage|p1a: Mimikyu|0 fnt
|-hitcount|p1a: Mimikyu|2
|-damage|p2a: Breloom|210\/262|[from] item: Life Orb
|faint|p1a: Mimikyu
|
|upkeep
|choice|*switch 4|*
|choice|switch 4|
|
|switch|p1a: Pinsir|Pinsir, F|271\/271
|turn|13
|choice|*move 2 mega|*
|choice|*|*move 3
|choice|move frustration mega|move rocktomb
|
|-mega|p1a: Pinsir|Pinsir|Pinsirite
|detailschange|p1a: Pinsir|Pinsir-Mega, F
|move|p1a: Pinsir|Frustration|p2a: Breloom
|-supereffective|p2a: Breloom
|-damage|p2a: Breloom|0 fnt
|faint|p2a: Breloom
|
|upkeep
|choice|*|*switch 4
|choice||switch 4
|
|switch|p2a: Thundurus|Thundurus-Therian, M|116\/300
|turn|14
|choice|*|*move 1
|choice|*move 2|*
|choice|move frustration|move thunderbolt
|
|move|p1a: Pinsir|Frustration|p2a: Thundurus
|-resisted|p2a: Thundurus
|-damage|p2a: Thundurus|0 fnt
|faint|p2a: Thundurus
|
|upkeep
|choice|*|*switch 5
|choice||switch 5
|
|switch|p2a: Lopunny|Lopunny, F|272\/272
|-activate|p2a: Lopunny|move: Sticky Web
|-unboost|p2a: Lopunny|spe|1
|turn|15
|choice|*move 2|*
|choice|*|*move 4 mega
|choice|move frustration|move fakeout mega
|
|-mega|p2a: Lopunny|Lopunny|Lopunnite
|detailschange|p2a: Lopunny|Lopunny-Mega, F
|move|p2a: Lopunny|Fake Out|p1a: Pinsir
|-damage|p1a: Pinsir|207\/271
|cant|p1a: Pinsir|flinch
|
|upkeep
|turn|16
|choice|*|*move 2
|choice|*move 2|*
|choice|move frustration|move icepunch
|
|move|p1a: Pinsir|Frustration|p2a: Lopunny
|-supereffective|p2a: Lopunny
|-damage|p2a: Lopunny|0 fnt
|faint|p2a: Lopunny
|
|upkeep
|choice|*|*switch 3
|choice||switch 3
|
|switch|p2a: Blacephalon|Blacephalon|86\/248
|-activate|p2a: Blacephalon|move: Sticky Web
|-unboost|p2a: Blacephalon|spe|1
|turn|17
|choice|*|*move 1
|choice|*move 4|*
|choice|move quickattack|move fireblast
|
|move|p1a: Pinsir|Quick Attack|p2a: Blacephalon
|-crit|p2a: Blacephalon
|-damage|p2a: Blacephalon|0 fnt
|faint|p2a: Blacephalon
|
|upkeep
|choice|*|*switch 6
|choice||switch 6
|
|switch|p2a: Volcanion|Volcanion|91\/364
|-activate|p2a: Volcanion|move: Sticky Web
|-unboost|p2a: Volcanion|spe|1
|turn|18
|choice|*|*move 2
|c|☆LoD Naskourge|gg
|choice|*move 3|*
|choice|move earthquake|move steameruption
|
|move|p1a: Pinsir|Earthquake|p2a: Volcanion
|-supereffective|p2a: Volcanion
|-damage|p2a: Volcanion|0 fnt
|faint|p2a: Volcanion
|
|win|Macspie
|c|☆Macspie|gg
</script>
</div>
<div class="battle-log battle-log-inline"><div class="inner"><div class="battle-options"></div><div class="inner"><div class=""><small>Format:</small> <br><strong>OU</strong></div><div class=""><small><em>Cláusula-Mod de Dormir:</em> solo puedes dormir a uno de tus oponentes a la vez.</small></div><div class=""><small><em>Cláusula de Especie:</em> Hasta un Pokémon de cada especie</small></div><div class=""><small><em>Cláusula de Golpe Fulminante:</em> los movimientos fulminantes (OHKO) estan prohibidos</small></div><div class=""><small><em>Cláusula de Veleta:</em> la habilidad Veleta está prohibida</small></div><div class=""><small><em>Cláusula de Movimientos Evasivos:</em> los movimientos de Evasión están prohibidos.</small></div><div class=""><small><em>Cláusula de Batallas Eternas:</em> forzar batallas eternas está prohibido</small></div><div class="chat battle-history"><strong>Macspie's team:</strong> <em style="color:#445566;display:block;">Araquanid / Kartana / Mimikyu / Pinsir / Zygarde / Keldeo</em></div><div class="chat battle-history"><strong>LoD Naskourge's team:</strong> <em style="color:#445566;display:block;">Lopunny / Breloom / Victini / Volcanion / Thundurus-Therian / Blacephalon</em></div><div class="chat chatmessage-lodnaskourge"><strong style="color:hsl(341,80%,41%)"><small>☆</small><span class="username" data-name="LoD Naskourge">LoD Naskourge</span>:</strong> <em>good luck</em></div><div class="chat chatmessage-macspie"><strong style="color:hsl(284,53%,49%)"><small>☆</small><span class="username" data-name="Macspie">Macspie</span>:</strong> <em>^^</em></div><div class="spacer battle-history"><br></div><div class="battle-history">Battle started between Macspie and LoD Naskourge!<br></div><div class="spacer battle-history"><br></div><div class="battle-history">Go! <strong>Araquanid</strong>!<br></div><div class="spacer battle-history"><br></div><div class="battle-history">LoD Naskourge sent out Thundurus (<strong>Thundurus-Therian</strong>)!<br></div><div class="spacer battle-history"><br></div><h2 class="battle-history">Turn 1</h2><div class="spacer battle-history"><br></div><div class="battle-history">The opposing Thundurus used <strong>Thunderbolt</strong>!<br></div><div class="battle-history"><small>It's super effective!</small><br></div><div class="battle-history"><small>Araquanid hung on using its Focus Sash!</small><br></div><div class="battle-history"><small>(Araquanid lost <abbr title="−330/331">99.7%</abbr> of its health!)</small><br></div><div class="spacer battle-history"><br></div><div class="battle-history">Araquanid used <strong>Sticky Web</strong>!<br></div><div class="battle-history"><small>A sticky web spreads out on the ground around the opposing team!</small><br></div><div class="spacer battle-history"><br></div><h2 class="battle-history">Turn 2</h2><div class="spacer battle-history"><br></div><div class="battle-history">The opposing Thundurus used <strong>Thunderbolt</strong>!<br></div><div class="battle-history"><small>It's super effective!</small><br></div><div class="battle-history"><small>(Araquanid lost <abbr title="−1/331">0.3%</abbr> of its health!)</small><br></div><div class="spacer battle-history"><br></div><div class="battle-history">Araquanid fainted!<br></div><div class="spacer battle-history"><br></div><div class="battle-history">Go! <strong>Zygarde</strong>!<br></div><div class="battle-history"><small>[Zygarde's Aura Break]</small><br><small>Zygarde reversed all other Pokémon's auras!</small><br></div><div class="spacer battle-history"><br></div><h2 class="battle-history">Turn 3</h2><div class="spacer battle-history"><br></div><div class="battle-history">The opposing Thundurus used <strong>Hidden Power</strong>!<br></div><div class="battle-history"><small>It's super effective!</small><br></div><div class="battle-history"><small>(Zygarde lost <abbr title="−379/397">95.5%</abbr> of its health!)</small><br></div><div class="battle-history"><small>Zygarde ate its Iapapa Berry!</small><br></div><div class="battle-history"><small>Zygarde restored HP using its Iapapa Berry!</small><br></div><div class="spacer battle-history"><br></div><div class="battle-history">Zygarde used <strong>Coil</strong>!<br></div><div class="battle-history"><small>Zygarde's Attack rose!</small><br></div><div class="battle-history"><small>Zygarde's Defense rose!</small><br></div><div class="battle-history"><small>Zygarde's accuracy rose!</small><br></div><div class="spacer battle-history"><br></div><h2 class="battle-history">Turn 4</h2><div class="spacer battle-history"><br></div><div class="battle-history">Zygarde used <strong>Extreme Speed</strong>!<br></div><div class="battle-history"><small>(The opposing Thundurus lost <abbr title="−184/300">61.3%</abbr> of its health!)</small><br></div><div class="spacer battle-history"><br></div><div class="battle-history">The opposing Thundurus used <strong>Hidden Power</strong>!<br></div><div class="battle-history"><small>It's super effective!</small><br></div><div class="battle-history"><small>(Zygarde lost <abbr title="−216/397">54.4%</abbr> of its health!)</small><br></div><div class="spacer battle-history"><br></div><div class="battle-history">Zygarde fainted!<br></div><div class="spacer battle-history"><br></div><div class="battle-history">Go! <strong>Kartana</strong>!<br></div><div class="spacer battle-history"><br></div><h2 class="battle-history">Turn 5</h2><div class="spacer battle-history"><br></div><div class="battle-history">LoD Naskourge withdrew Thundurus!<br></div><div class="battle-history">LoD Naskourge sent out <strong>Volcanion</strong>!<br></div><div class="battle-history"><small>The opposing Volcanion was caught in a sticky web!</small><br></div><div class="battle-history"><small>The opposing Volcanion's Speed fell!</small><br></div><div class="spacer battle-history"><br></div><div class="battle-history">Kartana used <strong>Leaf Blade</strong>!<br></div><div class="battle-history"><small>A critical hit!</small><br></div><div class="battle-history"><small>(The opposing Volcanion lost <abbr title="−273/364">75%</abbr> of its health!)</small><br></div><div class="spacer battle-history"><br></div><h2 class="battle-history">Turn 6</h2><div class="spacer battle-history"><br></div><div class="battle-history">LoD Naskourge withdrew Volcanion!<br></div><div class="battle-history">LoD Naskourge sent out <strong>Blacephalon</strong>!<br></div><div class="battle-history"><small>The opposing Blacephalon was caught in a sticky web!</small><br></div><div class="battle-history"><small>The opposing Blacephalon's Speed fell!</small><br></div><div class="spacer battle-history"><br></div><div class="battle-history">Kartana used <strong>Leaf Blade</strong>!<br></div><div class="battle-history"><small>It's not very effective...</small><br></div><div class="battle-history"><small>(The opposing Blacephalon lost <abbr title="−162/248">65.3%</abbr> of its health!)</small><br></div><div class="spacer battle-history"><br></div><h2 class="battle-history">Turn 7</h2><div class="spacer battle-history"><br></div><div class="battle-history">LoD Naskourge withdrew Blacephalon!<br></div><div class="battle-history">LoD Naskourge sent out <strong>Victini</strong>!<br></div><div class="battle-history"><small>The opposing Victini was caught in a sticky web!</small><br></div><div class="battle-history"><small>The opposing Victini's Speed fell!</small><br></div><div class="spacer battle-history"><br></div><div class="battle-history">Kartana used <strong>Leaf Blade</strong>!<br></div><div class="battle-history"><small>It's not very effective...</small><br></div><div class="battle-history"><small>(The opposing Victini lost <abbr title="−103/342">30.1%</abbr> of its health!)</small><br></div><div class="spacer battle-history"><br></div><h2 class="battle-history">Turn 8</h2><div class="spacer battle-history"><br></div><div class="battle-history"><small>Kartana surrounded itself with its Z-Power!</small><br></div><div class="spacer battle-history"><br></div><div class="battle-history">Kartana used <strong>Corkscrew Crash</strong>!<br></div><div class="battle-history"><small>It's not very effective...</small><br></div><div class="battle-history"><small>(The opposing Victini lost <abbr title="−159/342">46.5%</abbr> of its health!)</small><br></div><div class="spacer battle-history"><br></div><div class="battle-history">The opposing Victini used <strong>Glaciate</strong>!<br></div><div class="battle-history"><small>(Kartana lost <abbr title="−159/259">61.4%</abbr> of its health!)</small><br></div><div class="battle-history"><small>Kartana's Speed fell!</small><br></div><div class="spacer battle-history"><br></div><h2 class="battle-history">Turn 9</h2><div class="spacer battle-history"><br></div><div class="battle-history">Kartana used <strong>Leaf Blade</strong>!<br></div><div class="battle-history"><small>It's not very effective...</small><br></div><div class="battle-history"><small>(The opposing Victini lost <abbr title="−80/342">23.4%</abbr> of its health!)</small><br></div><div class="spacer battle-history"><br></div><div class="battle-history">The opposing Victini fainted!<br></div><div class="battle-history"><small>[Kartana's Beast Boost]</small><br></div><div class="battle-history"><small>Kartana's Attack rose!</small><br></div><div class="spacer battle-history"><br></div><div class="battle-history">LoD Naskourge sent out <strong>Breloom</strong>!<br></div><div class="battle-history"><small>The opposing Breloom was caught in a sticky web!</small><br></div><div class="battle-history"><small>The opposing Breloom's Speed fell!</small><br></div><div class="spacer battle-history"><br></div><h2 class="battle-history">Turn 10</h2><div class="spacer battle-history"><br></div><div class="battle-history">Kartana, come back!<br></div><div class="battle-history">Go! <strong>Mimikyu</strong>!<br></div><div class="spacer battle-history"><br></div><div class="battle-history">The opposing Breloom used <strong>Spore</strong>!<br></div><div class="battle-history"><small>Mimikyu fell asleep!</small><br></div><div class="spacer battle-history"><br></div><h2 class="battle-history">Turn 11</h2><div class="spacer battle-history"><br></div><div class="battle-history">Mimikyu is fast asleep.<br></div><div class="spacer battle-history"><br></div><div class="battle-history">The opposing Breloom used <strong>Bullet Seed</strong>!<br></div><div class="battle-history"><small>[Mimikyu's Disguise]</small><br><small>Its disguise served it as a decoy!</small><br></div><div class="battle-history"><small>(Mimikyu lost <abbr title="0/251">0%</abbr> of its health!)</small><br></div><div class="battle-history">Mimikyu's disguise was busted!<br></div><div class="battle-history"><small>(Mimikyu lost <abbr title="−110/251">43.8%</abbr> of its health!)</small><br></div><div class="battle-history"><small>Hit 2 times!</small><br></div><div class="battle-history"><small>The opposing Breloom lost some of its HP!</small><br></div><div class="spacer battle-history"><br></div><h2 class="battle-history">Turn 12</h2><div class="spacer battle-history"><br></div><div class="battle-history">Mimikyu is fast asleep.<br></div><div class="spacer battle-history"><br></div><div class="battle-history">The opposing Breloom used <strong>Bullet Seed</strong>!<br></div><div class="battle-history"><small>(Mimikyu lost <abbr title="−113/251">45.0%</abbr> of its health!)</small><br></div><div class="battle-history"><small>(Mimikyu lost <abbr title="−28/251">11.2%</abbr> of its health!)</small><br></div><div class="battle-history"><small>Hit 2 times!</small><br></div><div class="battle-history"><small>The opposing Breloom lost some of its HP!</small><br></div><div class="spacer battle-history"><br></div><div class="battle-history">Mimikyu fainted!<br></div><div class="spacer battle-history"><br></div><div class="battle-history">Go! <strong>Pinsir</strong>!<br></div><div class="spacer battle-history"><br></div><h2 class="battle-history">Turn 13</h2><div class="spacer battle-history"><br></div><div class="battle-history"><small>Pinsir's Pinsirite is reacting to the Key Stone!</small><br>Pinsir has Mega Evolved into Mega Pinsir!<br></div><div class="spacer battle-history"><br></div><div class="battle-history">Pinsir used <strong>Frustration</strong>!<br></div><div class="battle-history"><small>It's super effective!</small><br></div><div class="battle-history"><small>(The opposing Breloom lost <abbr title="−210/262">80.2%</abbr> of its health!)</small><br></div><div class="spacer battle-history"><br></div><div class="battle-history">The opposing Breloom fainted!<br></div><div class="spacer battle-history"><br></div><div class="battle-history">LoD Naskourge sent out Thundurus (<strong>Thundurus-Therian</strong>)!<br></div><div class="spacer battle-history"><br></div><h2 class="battle-history">Turn 14</h2><div class="spacer battle-history"><br></div><div class="battle-history">Pinsir used <strong>Frustration</strong>!<br></div><div class="battle-history"><small>It's not very effective...</small><br></div><div class="battle-history"><small>(The opposing Thundurus lost <abbr title="−116/300">38.7%</abbr> of its health!)</small><br></div><div class="spacer battle-history"><br></div><div class="battle-history">The opposing Thundurus fainted!<br></div><div class="spacer battle-history"><br></div><div class="battle-history">LoD Naskourge sent out <strong>Lopunny</strong>!<br></div><div class="battle-history"><small>The opposing Lopunny was caught in a sticky web!</small><br></div><div class="battle-history"><small>The opposing Lopunny's Speed fell!</small><br></div><div class="spacer battle-history"><br></div><h2 class="battle-history">Turn 15</h2><div class="spacer battle-history"><br></div><div class="battle-history"><small>The opposing Lopunny's Lopunnite is reacting to the Key Stone!</small><br>The opposing Lopunny has Mega Evolved into Mega Lopunny!<br></div><div class="spacer battle-history"><br></div><div class="battle-history">The opposing Lopunny used <strong>Fake Out</strong>!<br></div><div class="battle-history"><small>(Pinsir lost <abbr title="−64/271">23.6%</abbr> of its health!)</small><br></div><div class="spacer battle-history"><br></div><div class="battle-history">Pinsir flinched and couldn't move!<br></div><div class="spacer battle-history"><br></div><h2 class="battle-history">Turn 16</h2><div class="spacer battle-history"><br></div><div class="battle-history">Pinsir used <strong>Frustration</strong>!<br></div><div class="battle-history"><small>It's super effective!</small><br></div><div class="battle-history"><small>(The opposing Lopunny lost <abbr title="−272/272">100%</abbr> of its health!)</small><br></div><div class="spacer battle-history"><br></div><div class="battle-history">The opposing Lopunny fainted!<br></div><div class="spacer battle-history"><br></div><div class="battle-history">LoD Naskourge sent out <strong>Blacephalon</strong>!<br></div><div class="battle-history"><small>The opposing Blacephalon was caught in a sticky web!</small><br></div><div class="battle-history"><small>The opposing Blacephalon's Speed fell!</small><br></div><div class="spacer battle-history"><br></div><h2 class="battle-history">Turn 17</h2><div class="spacer battle-history"><br></div><div class="battle-history">Pinsir used <strong>Quick Attack</strong>!<br></div><div class="battle-history"><small>A critical hit!</small><br></div><div class="battle-history"><small>(The opposing Blacephalon lost <abbr title="−86/248">34.7%</abbr> of its health!)</small><br></div><div class="spacer battle-history"><br></div><div class="battle-history">The opposing Blacephalon fainted!<br></div><div class="spacer battle-history"><br></div><div class="battle-history">LoD Naskourge sent out <strong>Volcanion</strong>!<br></div><div class="battle-history"><small>The opposing Volcanion was caught in a sticky web!</small><br></div><div class="battle-history"><small>The opposing Volcanion's Speed fell!</small><br></div><div class="spacer battle-history"><br></div><h2 class="battle-history">Turn 18</h2><div class="chat chatmessage-lodnaskourge"><strong style="color:hsl(341,80%,41%)"><small>☆</small><span class="username" data-name="LoD Naskourge">LoD Naskourge</span>:</strong> <em>gg</em></div><div class="spacer battle-history"><br></div><div class="battle-history">Pinsir used <strong>Earthquake</strong>!<br></div><div class="battle-history"><small>It's super effective!</small><br></div><div class="battle-history"><small>(The opposing Volcanion lost <abbr title="−91/364">25%</abbr> of its health!)</small><br></div><div class="spacer battle-history"><br></div><div class="battle-history">The opposing Volcanion fainted!<br></div><div class="spacer battle-history"><br></div><div class="battle-history"><strong>Macspie</strong> won the battle!<br></div><div class="chat chatmessage-macspie"><strong style="color:hsl(284,53%,49%)"><small>☆</small><span class="username" data-name="Macspie">Macspie</span>:</strong> <em>gg</em></div></div><div class="inner-preempt"></div></div></div>
</div>
<script>
let daily = Math.floor(Date.now()/1000/60/60/24);document.write('<script src="https://play.pokemonshowdown.com/js/replay-embed.js?version'+daily+'"></'+'script>');
</script>
