<!DOCTYPE html>
<meta charset="utf-8" />
<!-- version 1 -->
<title>OU replay: ♥Hаtsυnе~Mіkυ♥ vs. magno777</title>
<style>
html,body {font-family:Verdana, sans-serif;font-size:10pt;margin:0;padding:0;}body{padding:12px 0;} .battle-log {font-family:Verdana, sans-serif;font-size:10pt;} .battle-log-inline {border:1px solid #AAAAAA;background:#EEF2F5;color:black;max-width:640px;margin:0 auto 80px;padding-bottom:5px;} .battle-log .inner {padding:4px 8px 0px 8px;} .battle-log .inner-preempt {padding:0 8px 4px 8px;} .battle-log .inner-after {margin-top:0.5em;} .battle-log h2 {margin:0.5em -8px;padding:4px 8px;border:1px solid #AAAAAA;background:#E0E7EA;border-left:0;border-right:0;font-family:Verdana, sans-serif;font-size:13pt;} .battle-log .chat {vertical-align:middle;padding:3px 0 3px 0;font-size:8pt;} .battle-log .chat strong {color:#40576A;} .battle-log .chat em {padding:1px 4px 1px 3px;color:#000000;font-style:normal;} .chat.mine {background:rgba(0,0,0,0.05);margin-left:-8px;margin-right:-8px;padding-left:8px;padding-right:8px;} .spoiler {color:#BBBBBB;background:#BBBBBB;padding:0px 3px;} .spoiler:hover, .spoiler:active, .spoiler-shown {color:#000000;background:#E2E2E2;padding:0px 3px;} .spoiler a {color:#BBBBBB;} .spoiler:hover a, .spoiler:active a, .spoiler-shown a {color:#2288CC;} .chat code, .chat .spoiler:hover code, .chat .spoiler:active code, .chat .spoiler-shown code {border:1px solid #C0C0C0;background:#EEEEEE;color:black;padding:0 2px;} .chat .spoiler code {border:1px solid #CCCCCC;background:#CCCCCC;color:#CCCCCC;} .battle-log .rated {padding:3px 4px;} .battle-log .rated strong {color:white;background:#89A;padding:1px 4px;border-radius:4px;} .spacer {margin-top:0.5em;} .message-announce {background:#6688AA;color:white;padding:1px 4px 2px;} .message-announce a, .broadcast-green a, .broadcast-blue a, .broadcast-red a {color:#DDEEFF;} .broadcast-green {background-color:#559955;color:white;padding:2px 4px;} .broadcast-blue {background-color:#6688AA;color:white;padding:2px 4px;} .infobox {border:1px solid #6688AA;padding:2px 4px;} .infobox-limited {max-height:200px;overflow:auto;overflow-x:hidden;} .broadcast-red {background-color:#AA5544;color:white;padding:2px 4px;} .message-learn-canlearn {font-weight:bold;color:#228822;text-decoration:underline;} .message-learn-cannotlearn {font-weight:bold;color:#CC2222;text-decoration:underline;} .message-effect-weak {font-weight:bold;color:#CC2222;} .message-effect-resist {font-weight:bold;color:#6688AA;} .message-effect-immune {font-weight:bold;color:#666666;} .message-learn-list {margin-top:0;margin-bottom:0;} .message-throttle-notice, .message-error {color:#992222;} .message-overflow, .chat small.message-overflow {font-size:0pt;} .message-overflow::before {font-size:9pt;content:'...';} .subtle {color:#3A4A66;}
</style>
<div class="wrapper replay-wrapper" style="max-width:1180px;margin:0 auto">
<input type="hidden" name="replayid" value="destiny-ou-459480" />
<div class="battle"></div><div class="battle-log"></div><div class="replay-controls"></div><div class="replay-controls-2"></div>
<h1 style="font-weight:normal;text-align:center"><strong>OU</strong><br /><a href="http://pokemonshowdown.com/users/htsnmk" class="subtle" target="_blank">♥Hаtsυnе~Mіkυ♥</a> vs. <a href="http://pokemonshowdown.com/users/magno777" class="subtle" target="_blank">magno777</a></h1>
<script type="text/plain" class="battle-log-data">|player|p1|♥Hаtsυnе~Mіkυ♥|htsnmk.gif?6910e77d
|teamsize|p1|6
|player|p2|magno777|5
|teamsize|p2|6
|teamsize|p1|6
|teamsize|p2|6
|gametype|singles
|gen|7
|tier|OU
|rated
|seed|55606,7091,38512,19668
|rule|Cláusula-Mod de Dormir: solo puedes dormir a uno de tus oponentes a la vez.
|rule|Cláusula de Especie: Hasta un Pokémon de cada especie
|rule|Cláusula de Golpe Fulminante: los movimientos fulminantes (OHKO) estan prohibidos
|rule|Cláusula de Veleta: la habilidad Veleta está prohibida
|rule|Cláusula de Movimientos Evasivos: los movimientos de Evasión están prohibidos.
|rule|Cláusula de Batallas Eternas: forzar batallas eternas está prohibido
|clearpoke
|poke|p1|Charizard, F|item
|poke|p1|Tapu Koko|item
|poke|p1|Jirachi|item
|poke|p1|Zygarde|item
|poke|p1|Keldeo|item
|poke|p1|Landorus-Therian, M|item
|poke|p2|Volcarona, M|item
|poke|p2|Tyranitar, M|item
|poke|p2|Zapdos|item
|poke|p2|Ferrothorn, M|item
|poke|p2|Landorus-Therian, M|item
|poke|p2|Greninja, M|item
|teampreview|undefined
|choice|*team 623451|*
|choice|*|*team 523416
|choice|*team 523416|*
|choice|team 5, 2, 3, 4, 1, 6|team 5, 2, 3, 4, 1, 6
|
|start
|switch|p1a: Keldeo|Keldeo|323\/323
|switch|p2a: Landorus|Landorus-Therian, M|349\/349
|-ability|p2a: Landorus|Intimidate|boost
|-unboost|p1a: Keldeo|atk|1
|turn|1
|choice|*move 1|*
|choice|*|*switch 3
|choice|move hydropump|switch 3
|
|switch|p2a: Zapdos|Zapdos|383\/383
|move|p1a: Keldeo|Hydro Pump|p2a: Zapdos|[miss]
|-miss|p1a: Keldeo|p2a: Zapdos
|
|upkeep
|turn|2
|choice|*|*switch 6
|choice|*switch 4|*
|choice|switch 4|switch 6
|
|switch|p1a: Zygarde|Zygarde|404\/404
|-ability|p1a: Zygarde|Aura Break
|switch|p2a: Greninja|Greninja, M|285\/285
|
|upkeep
|turn|3
|choice|*|*move 3
|choice|*switch 4|*
|choice|switch 4|move toxic
|
|switch|p1a: Keldeo|Keldeo|323\/323
|move|p2a: Greninja|Toxic|p1a: Keldeo
|-start|p2a: Greninja|typechange|Poison|[from] Protean
|-status|p1a: Keldeo|tox
|
|-damage|p1a: Keldeo|303\/323 tox|[from] psn
|upkeep
|turn|4
|choice|*|*switch 6
|choice|*move 1 zmove|*
|choice|move hydropump zmove|switch 6
|
|switch|p2a: Zapdos|Zapdos|383\/383
|-zpower|p1a: Keldeo
|move|p1a: Keldeo|Hydro Vortex|p2a: Zapdos|[zeffect]
|-damage|p2a: Zapdos|25\/383
|
|-heal|p2a: Zapdos|48\/383|[from] item: Leftovers
|-damage|p1a: Keldeo|263\/323 tox|[from] psn
|upkeep
|turn|5
|choice|*move 1|*
|choice|*|*move 2
|choice|move hydropump|move roost
|
|move|p1a: Keldeo|Hydro Pump|p2a: Zapdos
|-damage|p2a: Zapdos|0 fnt
|faint|p2a: Zapdos
|
|-damage|p1a: Keldeo|203\/323 tox|[from] psn
|upkeep
|choice|*|*switch 3
|choice||switch 3
|
|switch|p2a: Landorus|Landorus-Therian, M|349\/349
|-ability|p2a: Landorus|Intimidate|boost
|-unboost|p1a: Keldeo|atk|1
|turn|6
|choice|*|*move 2
|choice|*switch 6|*
|choice|switch 6|move uturn
|
|switch|p1a: Landorus|Landorus-Therian, M|339\/339
|-ability|p1a: Landorus|Intimidate|boost
|-unboost|p2a: Landorus|atk|1
|move|p2a: Landorus|U-turn|p1a: Landorus
|-resisted|p1a: Landorus
|-damage|p1a: Landorus|311\/339
|choice|*|*switch 6
|choice||switch 6
|
|switch|p2a: Greninja|Greninja, M|285\/285|[from]move: U-turn
|
|upkeep
|turn|7
|choice|*|*move 1
|choice|*switch 6|*
|choice|switch 6|move hydropump
|
|switch|p1a: Keldeo|Keldeo|203\/323 tox
|move|p2a: Greninja|Hydro Pump|p1a: Keldeo
|-start|p2a: Greninja|typechange|Water|[from] Protean
|-resisted|p1a: Keldeo
|-damage|p1a: Keldeo|105\/323 tox
|
|-damage|p1a: Keldeo|85\/323 tox|[from] psn
|upkeep
|turn|8
|choice|*|*move 4
|choice|*move 2|*
|choice|move secretsword|move darkpulse
|
|move|p2a: Greninja|Dark Pulse|p1a: Keldeo
|-start|p2a: Greninja|typechange|Dark|[from] Protean
|-resisted|p1a: Keldeo
|-damage|p1a: Keldeo|14\/323 tox
|-ability|p1a: Keldeo|Justified|boost
|-boost|p1a: Keldeo|atk|1
|move|p1a: Keldeo|Secret Sword|p2a: Greninja
|-supereffective|p2a: Greninja
|-enditem|p2a: Greninja|Focus Sash
|-damage|p2a: Greninja|1\/285
|
|-damage|p1a: Keldeo|0 fnt|[from] psn
|upkeep
|faint|p1a: Keldeo
|choice|*switch 6|*
|choice|switch 6|
|
|switch|p1a: Landorus|Landorus-Therian, M|311\/339
|-ability|p1a: Landorus|Intimidate|boost
|-unboost|p2a: Greninja|atk|1
|turn|9
|choice|*move 2|*
|choice|*|*move 3
|choice|move uturn|move toxic
|
|move|p1a: Landorus|U-turn|p2a: Greninja
|-supereffective|p2a: Greninja
|-damage|p2a: Greninja|0 fnt
|faint|p2a: Greninja
|choice|*switch 4|*
|choice|switch 4|
|
|switch|p1a: Zygarde|Zygarde|404\/404|[from]move: U-turn
|-ability|p1a: Zygarde|Aura Break
|
|upkeep
|choice|*|*switch 6
|choice||switch 6
|
|switch|p2a: Landorus|Landorus-Therian, M|349\/349
|-ability|p2a: Landorus|Intimidate|boost
|-unboost|p1a: Zygarde|atk|1
|turn|10
|choice|*switch 5|*
|choice|*|*move 4
|choice|switch 5|move hiddenpower
|
|switch|p1a: Charizard|Charizard, F|297\/297
|move|p2a: Landorus|Hidden Power|p1a: Charizard
|-damage|p1a: Charizard|236\/297
|
|upkeep
|turn|11
|choice|*move 1 mega|*
|choice|*|*switch 2
|choice|move dragondance mega|switch 2
|
|switch|p2a: Tyranitar|Tyranitar, M|341\/341
|-weather|Sandstorm|[from] ability: Sand Stream|[of] p2a: Tyranitar
|-mega|p1a: Charizard|Charizard|Charizardite X
|detailschange|p1a: Charizard|Charizard-Mega-X, F
|move|p1a: Charizard|Dragon Dance|p1a: Charizard
|-boost|p1a: Charizard|atk|1
|-boost|p1a: Charizard|spe|1
|
|-weather|Sandstorm|[upkeep]
|-damage|p1a: Charizard|218\/297|[from] sandstorm
|upkeep
|turn|12
|choice|*move 4|*
|choice|*|*move 3 mega
|choice|move earthquake|move icepunch mega
|
|-mega|p2a: Tyranitar|Tyranitar|Tyranitarite
|detailschange|p2a: Tyranitar|Tyranitar-Mega, M
|move|p1a: Charizard|Earthquake|p2a: Tyranitar
|-supereffective|p2a: Tyranitar
|-damage|p2a: Tyranitar|91\/341
|move|p2a: Tyranitar|Ice Punch|p1a: Charizard
|-damage|p1a: Charizard|119\/297
|
|-weather|Sandstorm|[upkeep]
|-damage|p1a: Charizard|101\/297|[from] sandstorm
|upkeep
|turn|13
|choice|*move 4|*
|choice|*|*switch 2
|choice|move earthquake|switch 2
|
|switch|p2a: Landorus|Landorus-Therian, M|349\/349
|-ability|p2a: Landorus|Intimidate|boost
|-unboost|p1a: Charizard|atk|1
|move|p1a: Charizard|Earthquake|p2a: Landorus
|-immune|p2a: Landorus|[msg]
|
|-weather|Sandstorm|[upkeep]
|-damage|p1a: Charizard|83\/297|[from] sandstorm
|upkeep
|turn|14
|choice|*|*switch 4
|choice|*switch 4|*
|choice|switch 4|switch 4
|
|switch|p1a: Landorus|Landorus-Therian, M|311\/339
|-ability|p1a: Landorus|Intimidate|boost
|-unboost|p2a: Landorus|atk|1
|switch|p2a: Ferrothorn|Ferrothorn, M|352\/352
|
|-weather|Sandstorm|[upkeep]
|upkeep
|turn|15
|choice|*move 2|*
|choice|*|*move 2
|choice|move uturn|move leechseed
|
|move|p1a: Landorus|U-turn|p2a: Ferrothorn
|-damage|p2a: Ferrothorn|279\/352
|-damage|p1a: Landorus|269\/339|[from] ability: Iron Barbs|[of] p2a: Ferrothorn
|choice|*switch 3|*
|choice|switch 3|
|
|switch|p1a: Jirachi|Jirachi|403\/403|[from]move: U-turn
|move|p2a: Ferrothorn|Leech Seed|p1a: Jirachi
|-start|p1a: Jirachi|move: Leech Seed
|
|-weather|none
|-heal|p2a: Ferrothorn|301\/352|[from] item: Leftovers
|-damage|p1a: Jirachi|353\/403|[from] Leech Seed|[of] p2a: Ferrothorn
|-heal|p2a: Ferrothorn|351\/352|[silent]
|upkeep
|turn|16
|choice|*move 1|*
|choice|*|*move 1
|choice|move stealthrock|move stealthrock
|
|move|p1a: Jirachi|Stealth Rock|p2a: Ferrothorn
|-sidestart|p2: magno777|move: Stealth Rock
|move|p2a: Ferrothorn|Stealth Rock|p1a: Jirachi
|-sidestart|p1: ♥Hаtsυnе~Mіkυ♥|move: Stealth Rock
|
|-heal|p1a: Jirachi|378\/403|[from] item: Leftovers
|-heal|p2a: Ferrothorn|352\/352|[from] item: Leftovers
|-damage|p1a: Jirachi|328\/403|[from] Leech Seed|[of] p2a: Ferrothorn
|upkeep
|turn|17
|choice|*move 4|*
|choice|*|*move 3
|choice|move healingwish|move knockoff
|
|move|p1a: Jirachi|Healing Wish|p1a: Jirachi
|faint|p1a: Jirachi
|move|p2a: Ferrothorn|Knock Off|p1: Jirachi|[notarget]
|-notarget
|
|upkeep
|choice|*switch 4|*
|choice|switch 4|
|
|switch|p1a: Charizard|Charizard-Mega-X, F|83\/297
|-heal|p1a: Charizard|297\/297|[from] move: Healing Wish
|-damage|p1a: Charizard|223\/297|[from] Stealth Rock
|turn|18
|choice|*move 3|*
|choice|*|*move 2
|choice|move flareblitz|move leechseed
|
|move|p1a: Charizard|Flare Blitz|p2a: Ferrothorn
|-supereffective|p2a: Ferrothorn
|-damage|p2a: Ferrothorn|0 fnt
|-damage|p1a: Charizard|186\/297|[from] ability: Iron Barbs|[of] p2a: Ferrothorn
|-damage|p1a: Charizard|70\/297|[from] recoil
|faint|p2a: Ferrothorn
|
|upkeep
|choice|*|*switch 4
|choice||switch 4
|
|switch|p2a: Landorus|Landorus-Therian, M|349\/349
|-damage|p2a: Landorus|306\/349|[from] Stealth Rock
|-ability|p2a: Landorus|Intimidate|boost
|-unboost|p1a: Charizard|atk|1
|turn|19
|choice|*|*move 2
|choice|*switch 3|*
|choice|switch 3|move uturn
|
|switch|p1a: Landorus|Landorus-Therian, M|269\/339
|-damage|p1a: Landorus|227\/339|[from] Stealth Rock
|-ability|p1a: Landorus|Intimidate|boost
|-unboost|p2a: Landorus|atk|1
|move|p2a: Landorus|U-turn|p1a: Landorus
|-resisted|p1a: Landorus
|-damage|p1a: Landorus|199\/339
|choice|*|*switch 2
|choice||switch 2
|
|switch|p2a: Tyranitar|Tyranitar-Mega, M|91\/341|[from]move: U-turn
|-damage|p2a: Tyranitar|49\/341|[from] Stealth Rock
|-weather|Sandstorm|[from] ability: Sand Stream|[of] p2a: Tyranitar
|
|-weather|Sandstorm|[upkeep]
|upkeep
|turn|20
|choice|*move 2|*
|choice|*|*move 1
|choice|move uturn|move pursuit
|
|move|p1a: Landorus|U-turn|p2a: Tyranitar
|-supereffective|p2a: Tyranitar
|-damage|p2a: Tyranitar|0 fnt
|faint|p2a: Tyranitar
|choice|*switch 2|*
|choice|switch 2|
|
|-activate|p1a: Landorus|move: Pursuit
|switch|p1a: Tapu Koko|Tapu Koko|307\/307|[from]move: U-turn
|-damage|p1a: Tapu Koko|269\/307|[from] Stealth Rock
|-fieldstart|move: Electric Terrain|[from] ability: Electric Surge|[of] p1a: Tapu Koko
|
|-weather|Sandstorm|[upkeep]
|-damage|p1a: Tapu Koko|250\/307|[from] sandstorm
|upkeep
|choice|*|*switch 2
|choice||switch 2
|
|switch|p2a: Landorus|Landorus-Therian, M|306\/349
|-damage|p2a: Landorus|263\/349|[from] Stealth Rock
|-ability|p2a: Landorus|Intimidate|boost
|-unboost|p1a: Tapu Koko|atk|1
|turn|21
|choice|*|*move 4
|choice|*move 3|*
|choice|move hiddenpower|move hiddenpower
|
|move|p2a: Landorus|Hidden Power|p1a: Tapu Koko
|-damage|p1a: Tapu Koko|191\/307
|move|p1a: Tapu Koko|Hidden Power|p2a: Landorus
|-supereffective|p2a: Landorus
|-damage|p2a: Landorus|0 fnt
|faint|p2a: Landorus
|
|-weather|Sandstorm|[upkeep]
|-damage|p1a: Tapu Koko|172\/307|[from] sandstorm
|upkeep
|choice|*|*switch 5
|choice||switch 5
|
|switch|p2a: Volcarona|Volcarona, M|311\/311
|-damage|p2a: Volcarona|156\/311|[from] Stealth Rock
|turn|22
|choice|*move 1|*
|choice|*|*move 2
|choice|move thunderbolt|move fireblast
|
|move|p1a: Tapu Koko|Thunderbolt|p2a: Volcarona
|-damage|p2a: Volcarona|0 fnt
|faint|p2a: Volcarona
|
|win|♥Hаtsυnе~Mіkυ♥
♥︎Hаtsυnе~Mіkυ♥︎ ha ganado 5.5 PokeDolares.
|raw|Puntaje de ♥Hаtsυnе~Mіkυ♥: 1297 &rarr; <strong>1321<\/strong><br \/>(+24 por ganar)
|raw|Puntaje de magno777: 1285 &rarr; <strong>1261<\/strong><br \/>(-24 por perder)
</script>
</div>
<div class="battle-log battle-log-inline"><div class="inner"><div class="battle-options"></div><div class="inner"><div class=""><small>Format:</small> <br><strong>OU</strong></div><div class="rated"><strong>Rated battle</strong></div><div class=""><small><em>Cláusula-Mod de Dormir:</em> solo puedes dormir a uno de tus oponentes a la vez.</small></div><div class=""><small><em>Cláusula de Especie:</em> Hasta un Pokémon de cada especie</small></div><div class=""><small><em>Cláusula de Golpe Fulminante:</em> los movimientos fulminantes (OHKO) estan prohibidos</small></div><div class=""><small><em>Cláusula de Veleta:</em> la habilidad Veleta está prohibida</small></div><div class=""><small><em>Cláusula de Movimientos Evasivos:</em> los movimientos de Evasión están prohibidos.</small></div><div class=""><small><em>Cláusula de Batallas Eternas:</em> forzar batallas eternas está prohibido</small></div><div class="chat battle-history"><strong>♥Hаtsυnе~Mіkυ♥'s team:</strong> <em style="color:#445566;display:block;">Charizard / Tapu Koko / Jirachi / Zygarde / Keldeo / Landorus-Therian</em></div><div class="chat battle-history"><strong>magno777's team:</strong> <em style="color:#445566;display:block;">Volcarona / Tyranitar / Zapdos / Ferrothorn / Landorus-Therian / Greninja</em></div><div class="spacer battle-history"><br></div><div class="battle-history">Battle started between ♥Hаtsυnе~Mіkυ♥ and magno777!<br></div><div class="spacer battle-history"><br></div><div class="battle-history">Go! <strong>Keldeo</strong>!<br></div><div class="spacer battle-history"><br></div><div class="battle-history">magno777 sent out Landorus (<strong>Landorus-Therian</strong>)!<br></div><div class="battle-history"><small>[The opposing Landorus's Intimidate]</small><br></div><div class="battle-history"><small>Keldeo's Attack fell!</small><br></div><div class="spacer battle-history"><br></div><h2 class="battle-history">Turn 1</h2><div class="spacer battle-history"><br></div><div class="battle-history">magno777 withdrew Landorus!<br></div><div class="battle-history">magno777 sent out <strong>Zapdos</strong>!<br></div><div class="spacer battle-history"><br></div><div class="battle-history">Keldeo used <strong>Hydro Pump</strong>!<br></div><div class="battle-history"><small>The opposing Zapdos avoided the attack!</small><br></div><div class="spacer battle-history"><br></div><h2 class="battle-history">Turn 2</h2><div class="spacer battle-history"><br></div><div class="battle-history">Keldeo, come back!<br></div><div class="battle-history">Go! <strong>Zygarde</strong>!<br></div><div class="battle-history"><small>[Zygarde's Aura Break]</small><br><small>Zygarde reversed all other Pokémon's auras!</small><br></div><div class="spacer battle-history"><br></div><div class="battle-history">magno777 withdrew Zapdos!<br></div><div class="battle-history">magno777 sent out <strong>Greninja</strong>!<br></div><div class="spacer battle-history"><br></div><h2 class="battle-history">Turn 3</h2><div class="spacer battle-history"><br></div><div class="battle-history">Zygarde, come back!<br></div><div class="battle-history">Go! <strong>Keldeo</strong>!<br></div><div class="spacer battle-history"><br></div><div class="battle-history">The opposing Greninja used <strong>Toxic</strong>!<br></div><div class="spacer battle-history"><br></div><div class="battle-history"><small>[The opposing Greninja's Protean]</small><br><small>The opposing Greninja transformed into the Poison type!</small><br></div><div class="battle-history"><small>Keldeo was badly poisoned!</small><br></div><div class="spacer battle-history"><br></div><div class="battle-history"><small>Keldeo was hurt by poison!</small><br></div><div class="spacer battle-history"><br></div><h2 class="battle-history">Turn 4</h2><div class="spacer battle-history"><br></div><div class="battle-history">magno777 withdrew Greninja!<br></div><div class="battle-history">magno777 sent out <strong>Zapdos</strong>!<br></div><div class="battle-history"><small>Keldeo surrounded itself with its Z-Power!</small><br></div><div class="spacer battle-history"><br></div><div class="battle-history">Keldeo used <strong>Hydro Vortex</strong>!<br></div><div class="battle-history"><small>(The opposing Zapdos lost <abbr title="−358/383">93.5%</abbr> of its health!)</small><br></div><div class="spacer battle-history"><br></div><div class="battle-history"><small>The opposing Zapdos restored a little HP using its Leftovers!</small><br></div><div class="battle-history"><small>Keldeo was hurt by poison!</small><br></div><div class="spacer battle-history"><br></div><h2 class="battle-history">Turn 5</h2><div class="spacer battle-history"><br></div><div class="battle-history">Keldeo used <strong>Hydro Pump</strong>!<br></div><div class="battle-history"><small>(The opposing Zapdos lost <abbr title="−48/383">12.5%</abbr> of its health!)</small><br></div><div class="spacer battle-history"><br></div><div class="battle-history">The opposing Zapdos fainted!<br></div><div class="spacer battle-history"><br></div><div class="battle-history"><small>Keldeo was hurt by poison!</small><br></div><div class="spacer battle-history"><br></div><div class="battle-history">magno777 sent out Landorus (<strong>Landorus-Therian</strong>)!<br></div><div class="battle-history"><small>[The opposing Landorus's Intimidate]</small><br></div><div class="battle-history"><small>Keldeo's Attack fell!</small><br></div><div class="spacer battle-history"><br></div><h2 class="battle-history">Turn 6</h2><div class="spacer battle-history"><br></div><div class="battle-history">Keldeo, come back!<br></div><div class="battle-history">Go! Landorus (<strong>Landorus-Therian</strong>)!<br></div><div class="battle-history"><small>[Landorus's Intimidate]</small><br></div><div class="battle-history"><small>The opposing Landorus's Attack fell!</small><br></div><div class="spacer battle-history"><br></div><div class="battle-history">The opposing Landorus used <strong>U-turn</strong>!<br></div><div class="battle-history"><small>It's not very effective...</small><br></div><div class="battle-history"><small>(Landorus lost <abbr title="−28/339">8.3%</abbr> of its health!)</small><br></div><div class="spacer battle-history"><br></div><div class="battle-history">The opposing Landorus went back to magno777!<br></div><div class="battle-history">magno777 sent out <strong>Greninja</strong>!<br></div><div class="spacer battle-history"><br></div><h2 class="battle-history">Turn 7</h2><div class="spacer battle-history"><br></div><div class="battle-history">Landorus, come back!<br></div><div class="battle-history">Go! <strong>Keldeo</strong>!<br></div><div class="spacer battle-history"><br></div><div class="battle-history">The opposing Greninja used <strong>Hydro Pump</strong>!<br></div><div class="spacer battle-history"><br></div><div class="battle-history"><small>[The opposing Greninja's Protean]</small><br><small>The opposing Greninja transformed into the Water type!</small><br></div><div class="battle-history"><small>It's not very effective...</small><br></div><div class="battle-history"><small>(Keldeo lost <abbr title="−98/323">30.3%</abbr> of its health!)</small><br></div><div class="spacer battle-history"><br></div><div class="battle-history"><small>Keldeo was hurt by poison!</small><br></div><div class="spacer battle-history"><br></div><h2 class="battle-history">Turn 8</h2><div class="spacer battle-history"><br></div><div class="battle-history">The opposing Greninja used <strong>Dark Pulse</strong>!<br></div><div class="spacer battle-history"><br></div><div class="battle-history"><small>[The opposing Greninja's Protean]</small><br><small>The opposing Greninja transformed into the Dark type!</small><br></div><div class="battle-history"><small>It's not very effective...</small><br></div><div class="battle-history"><small>(Keldeo lost <abbr title="−71/323">22.0%</abbr> of its health!)</small><br></div><div class="battle-history"><small>[Keldeo's Justified]</small><br></div><div class="battle-history"><small>Keldeo's Attack rose!</small><br></div><div class="spacer battle-history"><br></div><div class="battle-history">Keldeo used <strong>Secret Sword</strong>!<br></div><div class="battle-history"><small>It's super effective!</small><br></div><div class="battle-history"><small>The opposing Greninja hung on using its Focus Sash!</small><br></div><div class="battle-history"><small>(The opposing Greninja lost <abbr title="−284/285">99.6%</abbr> of its health!)</small><br></div><div class="spacer battle-history"><br></div><div class="battle-history"><small>Keldeo was hurt by poison!</small><br></div><div class="spacer battle-history"><br></div><div class="battle-history">Keldeo fainted!<br></div><div class="spacer battle-history"><br></div><div class="battle-history">Go! Landorus (<strong>Landorus-Therian</strong>)!<br></div><div class="battle-history"><small>[Landorus's Intimidate]</small><br></div><div class="battle-history"><small>The opposing Greninja's Attack fell!</small><br></div><div class="spacer battle-history"><br></div><h2 class="battle-history">Turn 9</h2><div class="spacer battle-history"><br></div><div class="battle-history">Landorus used <strong>U-turn</strong>!<br></div><div class="battle-history"><small>It's super effective!</small><br></div><div class="battle-history"><small>(The opposing Greninja lost <abbr title="−1/285">0.4%</abbr> of its health!)</small><br></div><div class="spacer battle-history"><br></div><div class="battle-history">The opposing Greninja fainted!<br></div><div class="spacer battle-history"><br></div><div class="battle-history">Landorus went back to ♥Hаtsυnе~Mіkυ♥!<br></div><div class="battle-history">Go! <strong>Zygarde</strong>!<br></div><div class="battle-history"><small>[Zygarde's Aura Break]</small><br><small>Zygarde reversed all other Pokémon's auras!</small><br></div><div class="spacer battle-history"><br></div><div class="battle-history">magno777 sent out Landorus (<strong>Landorus-Therian</strong>)!<br></div><div class="battle-history"><small>[The opposing Landorus's Intimidate]</small><br></div><div class="battle-history"><small>Zygarde's Attack fell!</small><br></div><div class="spacer battle-history"><br></div><h2 class="battle-history">Turn 10</h2><div class="spacer battle-history"><br></div><div class="battle-history">Zygarde, come back!<br></div><div class="battle-history">Go! <strong>Charizard</strong>!<br></div><div class="spacer battle-history"><br></div><div class="battle-history">The opposing Landorus used <strong>Hidden Power</strong>!<br></div><div class="battle-history"><small>(Charizard lost <abbr title="−61/297">20.5%</abbr> of its health!)</small><br></div><div class="spacer battle-history"><br></div><h2 class="battle-history">Turn 11</h2><div class="spacer battle-history"><br></div><div class="battle-history">magno777 withdrew Landorus!<br></div><div class="battle-history">magno777 sent out <strong>Tyranitar</strong>!<br></div><div class="battle-history"><small>[The opposing Tyranitar's Sand Stream]</small><br><small>A sandstorm kicked up!</small><br></div><div class="spacer battle-history"><br></div><div class="battle-history"><small>Charizard's Charizardite X is reacting to the Key Stone!</small><br>Charizard has Mega Evolved into Mega Charizard!<br></div><div class="spacer battle-history"><br></div><div class="battle-history">Charizard used <strong>Dragon Dance</strong>!<br></div><div class="battle-history"><small>Charizard's Attack rose!</small><br></div><div class="battle-history"><small>Charizard's Speed rose!</small><br></div><div class="spacer battle-history"><br></div><div class="battle-history"><small>The sandstorm is raging.</small><br></div><div class="battle-history"><small>Charizard is buffeted by the sandstorm!</small><br></div><div class="spacer battle-history"><br></div><h2 class="battle-history">Turn 12</h2><div class="spacer battle-history"><br></div><div class="battle-history"><small>The opposing Tyranitar's Tyranitarite is reacting to the Key Stone!</small><br>The opposing Tyranitar has Mega Evolved into Mega Tyranitar!<br></div><div class="spacer battle-history"><br></div><div class="battle-history">Charizard used <strong>Earthquake</strong>!<br></div><div class="battle-history"><small>It's super effective!</small><br></div><div class="battle-history"><small>(The opposing Tyranitar lost <abbr title="−250/341">73.3%</abbr> of its health!)</small><br></div><div class="spacer battle-history"><br></div><div class="battle-history">The opposing Tyranitar used <strong>Ice Punch</strong>!<br></div><div class="battle-history"><small>(Charizard lost <abbr title="−99/297">33.3%</abbr> of its health!)</small><br></div><div class="spacer battle-history"><br></div><div class="battle-history"><small>The sandstorm is raging.</small><br></div><div class="battle-history"><small>Charizard is buffeted by the sandstorm!</small><br></div><div class="spacer battle-history"><br></div><h2 class="battle-history">Turn 13</h2><div class="spacer battle-history"><br></div><div class="battle-history">magno777 withdrew Tyranitar!<br></div><div class="battle-history">magno777 sent out Landorus (<strong>Landorus-Therian</strong>)!<br></div><div class="battle-history"><small>[The opposing Landorus's Intimidate]</small><br></div><div class="battle-history"><small>Charizard's Attack fell!</small><br></div><div class="spacer battle-history"><br></div><div class="battle-history">Charizard used <strong>Earthquake</strong>!<br></div><div class="battle-history"><small>It doesn't affect the opposing Landorus...</small><br></div><div class="spacer battle-history"><br></div><div class="battle-history"><small>The sandstorm is raging.</small><br></div><div class="battle-history"><small>Charizard is buffeted by the sandstorm!</small><br></div><div class="spacer battle-history"><br></div><h2 class="battle-history">Turn 14</h2><div class="spacer battle-history"><br></div><div class="battle-history">Charizard, come back!<br></div><div class="battle-history">Go! Landorus (<strong>Landorus-Therian</strong>)!<br></div><div class="battle-history"><small>[Landorus's Intimidate]</small><br></div><div class="battle-history"><small>The opposing Landorus's Attack fell!</small><br></div><div class="spacer battle-history"><br></div><div class="battle-history">magno777 withdrew Landorus!<br></div><div class="battle-history">magno777 sent out <strong>Ferrothorn</strong>!<br></div><div class="spacer battle-history"><br></div><div class="battle-history"><small>The sandstorm is raging.</small><br></div><div class="spacer battle-history"><br></div><h2 class="battle-history">Turn 15</h2><div class="spacer battle-history"><br></div><div class="battle-history">Landorus used <strong>U-turn</strong>!<br></div><div class="battle-history"><small>(The opposing Ferrothorn lost <abbr title="−73/352">20.7%</abbr> of its health!)</small><br></div><div class="battle-history"><small>[The opposing Ferrothorn's Iron Barbs]</small><br><small>Landorus was hurt!</small><br></div><div class="spacer battle-history"><br></div><div class="battle-history">Landorus went back to ♥Hаtsυnе~Mіkυ♥!<br></div><div class="battle-history">Go! <strong>Jirachi</strong>!<br></div><div class="spacer battle-history"><br></div><div class="battle-history">The opposing Ferrothorn used <strong>Leech Seed</strong>!<br></div><div class="battle-history"><small>Jirachi was seeded!</small><br></div><div class="spacer battle-history"><br></div><div class="battle-history"><small>The sandstorm subsided.</small><br></div><div class="battle-history"><small>The opposing Ferrothorn restored a little HP using its Leftovers!</small><br></div><div class="battle-history"><small>Jirachi's health is sapped by Leech Seed!</small><br></div><div class="spacer battle-history"><br></div><h2 class="battle-history">Turn 16</h2><div class="spacer battle-history"><br></div><div class="battle-history">Jirachi used <strong>Stealth Rock</strong>!<br></div><div class="battle-history"><small>Pointed stones float in the air around the opposing team!</small><br></div><div class="spacer battle-history"><br></div><div class="battle-history">The opposing Ferrothorn used <strong>Stealth Rock</strong>!<br></div><div class="battle-history"><small>Pointed stones float in the air around your team!</small><br></div><div class="spacer battle-history"><br></div><div class="battle-history"><small>Jirachi restored a little HP using its Leftovers!</small><br></div><div class="battle-history"><small>The opposing Ferrothorn restored a little HP using its Leftovers!</small><br></div><div class="battle-history"><small>Jirachi's health is sapped by Leech Seed!</small><br></div><div class="spacer battle-history"><br></div><h2 class="battle-history">Turn 17</h2><div class="spacer battle-history"><br></div><div class="battle-history">Jirachi used <strong>Healing Wish</strong>!<br></div><div class="spacer battle-history"><br></div><div class="battle-history">Jirachi fainted!<br></div><div class="battle-history">The opposing Ferrothorn used <strong>Knock Off</strong>!<br></div><div class="battle-history"><small>But there was no target...</small><br></div><div class="spacer battle-history"><br></div><div class="battle-history">Go! Charizard (<strong>Charizard-Mega-X</strong>)!<br></div><div class="battle-history"><small>The healing wish came true for Charizard!</small><br></div><div class="battle-history"><small>Pointed stones dug into Charizard!</small><br></div><div class="spacer battle-history"><br></div><h2 class="battle-history">Turn 18</h2><div class="spacer battle-history"><br></div><div class="battle-history">Charizard used <strong>Flare Blitz</strong>!<br></div><div class="battle-history"><small>It's super effective!</small><br></div><div class="battle-history"><small>(The opposing Ferrothorn lost <abbr title="−352/352">100%</abbr> of its health!)</small><br></div><div class="battle-history"><small>[The opposing Ferrothorn's Iron Barbs]</small><br><small>Charizard was hurt!</small><br></div><div class="battle-history"><small>Charizard is damaged by the recoil!</small><br></div><div class="spacer battle-history"><br></div><div class="battle-history">The opposing Ferrothorn fainted!<br></div><div class="spacer battle-history"><br></div><div class="battle-history">magno777 sent out Landorus (<strong>Landorus-Therian</strong>)!<br></div><div class="battle-history"><small>Pointed stones dug into the opposing Landorus!</small><br></div><div class="battle-history"><small>[The opposing Landorus's Intimidate]</small><br></div><div class="battle-history"><small>Charizard's Attack fell!</small><br></div><div class="spacer battle-history"><br></div><h2 class="battle-history">Turn 19</h2><div class="spacer battle-history"><br></div><div class="battle-history">Charizard, come back!<br></div><div class="battle-history">Go! Landorus (<strong>Landorus-Therian</strong>)!<br></div><div class="battle-history"><small>Pointed stones dug into Landorus!</small><br></div><div class="battle-history"><small>[Landorus's Intimidate]</small><br></div><div class="battle-history"><small>The opposing Landorus's Attack fell!</small><br></div><div class="spacer battle-history"><br></div><div class="battle-history">The opposing Landorus used <strong>U-turn</strong>!<br></div><div class="battle-history"><small>It's not very effective...</small><br></div><div class="battle-history"><small>(Landorus lost <abbr title="−28/339">8.3%</abbr> of its health!)</small><br></div><div class="spacer battle-history"><br></div><div class="battle-history">The opposing Landorus went back to magno777!<br></div><div class="battle-history">magno777 sent out Tyranitar (<strong>Tyranitar-Mega</strong>)!<br></div><div class="battle-history"><small>Pointed stones dug into the opposing Tyranitar!</small><br></div><div class="battle-history"><small>[The opposing Tyranitar's Sand Stream]</small><br><small>A sandstorm kicked up!</small><br></div><div class="spacer battle-history"><br></div><div class="battle-history"><small>The sandstorm is raging.</small><br></div><div class="spacer battle-history"><br></div><h2 class="battle-history">Turn 20</h2><div class="spacer battle-history"><br></div><div class="battle-history">Landorus used <strong>U-turn</strong>!<br></div><div class="battle-history"><small>It's super effective!</small><br></div><div class="battle-history"><small>(The opposing Tyranitar lost <abbr title="−49/341">14.4%</abbr> of its health!)</small><br></div><div class="spacer battle-history"><br></div><div class="battle-history">The opposing Tyranitar fainted!<br></div><div class="spacer battle-history"><br></div><div class="battle-history"><small>(Landorus is being withdrawn...)</small><br></div><div class="spacer battle-history"><br></div><div class="battle-history">Landorus went back to ♥Hаtsυnе~Mіkυ♥!<br></div><div class="battle-history">Go! <strong>Tapu Koko</strong>!<br></div><div class="battle-history"><small>Pointed stones dug into Tapu Koko!</small><br></div><div class="battle-history"><small>[Tapu Koko's Electric Surge]</small><br><small>An electric current runs across the battlefield!</small><br></div><div class="spacer battle-history"><br></div><div class="battle-history"><small>The sandstorm is raging.</small><br></div><div class="battle-history"><small>Tapu Koko is buffeted by the sandstorm!</small><br></div><div class="spacer battle-history"><br></div><div class="battle-history">magno777 sent out Landorus (<strong>Landorus-Therian</strong>)!<br></div><div class="battle-history"><small>Pointed stones dug into the opposing Landorus!</small><br></div><div class="battle-history"><small>[The opposing Landorus's Intimidate]</small><br></div><div class="battle-history"><small>Tapu Koko's Attack fell!</small><br></div><div class="spacer battle-history"><br></div><h2 class="battle-history">Turn 21</h2><div class="spacer battle-history"><br></div><div class="battle-history">The opposing Landorus used <strong>Hidden Power</strong>!<br></div><div class="battle-history"><small>(Tapu Koko lost <abbr title="−59/307">19.2%</abbr> of its health!)</small><br></div><div class="spacer battle-history"><br></div><div class="battle-history">Tapu Koko used <strong>Hidden Power</strong>!<br></div><div class="battle-history"><small>It's super effective!</small><br></div><div class="battle-history"><small>(The opposing Landorus lost <abbr title="−263/349">75.4%</abbr> of its health!)</small><br></div><div class="spacer battle-history"><br></div><div class="battle-history">The opposing Landorus fainted!<br></div><div class="spacer battle-history"><br></div><div class="battle-history"><small>The sandstorm is raging.</small><br></div><div class="battle-history"><small>Tapu Koko is buffeted by the sandstorm!</small><br></div><div class="spacer battle-history"><br></div><div class="battle-history">magno777 sent out <strong>Volcarona</strong>!<br></div><div class="battle-history"><small>Pointed stones dug into the opposing Volcarona!</small><br></div><div class="spacer battle-history"><br></div><h2 class="battle-history">Turn 22</h2><div class="spacer battle-history"><br></div><div class="battle-history">Tapu Koko used <strong>Thunderbolt</strong>!<br></div><div class="battle-history"><small>(The opposing Volcarona lost <abbr title="−156/311">50.2%</abbr> of its health!)</small><br></div><div class="spacer battle-history"><br></div><div class="battle-history">The opposing Volcarona fainted!<br></div><div class="spacer battle-history"><br></div><div class="battle-history"><strong>♥Hаtsυnе~Mіkυ♥</strong> won the battle!<br></div><div class="chat">♥︎Hаtsυnе~Mіkυ♥︎ ha ganado 5.5 PokeDolares.</div><div class="chat">Puntaje de ♥Hаtsυnе~Mіkυ♥: 1297 → <strong>1321</strong><br>(+24 por ganar)</div><div class="chat">Puntaje de magno777: 1285 → <strong>1261</strong><br>(-24 por perder)</div></div><div class="inner-preempt"></div></div></div>
</div>
<script>
let daily = Math.floor(Date.now()/1000/60/60/24);document.write('<script src="https://play.pokemonshowdown.com/js/replay-embed.js?version'+daily+'"></'+'script>');
</script>
