<!DOCTYPE html>
<meta charset="utf-8" />
<!-- version 1 -->
<title>OU replay: zoxel19 vs. Alm-2200</title>
<style>
html,body {font-family:Verdana, sans-serif;font-size:10pt;margin:0;padding:0;}body{padding:12px 0;} .battle-log {font-family:Verdana, sans-serif;font-size:10pt;} .battle-log-inline {border:1px solid #AAAAAA;background:#EEF2F5;color:black;max-width:640px;margin:0 auto 80px;padding-bottom:5px;} .battle-log .inner {padding:4px 8px 0px 8px;} .battle-log .inner-preempt {padding:0 8px 4px 8px;} .battle-log .inner-after {margin-top:0.5em;} .battle-log h2 {margin:0.5em -8px;padding:4px 8px;border:1px solid #AAAAAA;background:#E0E7EA;border-left:0;border-right:0;font-family:Verdana, sans-serif;font-size:13pt;} .battle-log .chat {vertical-align:middle;padding:3px 0 3px 0;font-size:8pt;} .battle-log .chat strong {color:#40576A;} .battle-log .chat em {padding:1px 4px 1px 3px;color:#000000;font-style:normal;} .chat.mine {background:rgba(0,0,0,0.05);margin-left:-8px;margin-right:-8px;padding-left:8px;padding-right:8px;} .spoiler {color:#BBBBBB;background:#BBBBBB;padding:0px 3px;} .spoiler:hover, .spoiler:active, .spoiler-shown {color:#000000;background:#E2E2E2;padding:0px 3px;} .spoiler a {color:#BBBBBB;} .spoiler:hover a, .spoiler:active a, .spoiler-shown a {color:#2288CC;} .chat code, .chat .spoiler:hover code, .chat .spoiler:active code, .chat .spoiler-shown code {border:1px solid #C0C0C0;background:#EEEEEE;color:black;padding:0 2px;} .chat .spoiler code {border:1px solid #CCCCCC;background:#CCCCCC;color:#CCCCCC;} .battle-log .rated {padding:3px 4px;} .battle-log .rated strong {color:white;background:#89A;padding:1px 4px;border-radius:4px;} .spacer {margin-top:0.5em;} .message-announce {background:#6688AA;color:white;padding:1px 4px 2px;} .message-announce a, .broadcast-green a, .broadcast-blue a, .broadcast-red a {color:#DDEEFF;} .broadcast-green {background-color:#559955;color:white;padding:2px 4px;} .broadcast-blue {background-color:#6688AA;color:white;padding:2px 4px;} .infobox {border:1px solid #6688AA;padding:2px 4px;} .infobox-limited {max-height:200px;overflow:auto;overflow-x:hidden;} .broadcast-red {background-color:#AA5544;color:white;padding:2px 4px;} .message-learn-canlearn {font-weight:bold;color:#228822;text-decoration:underline;} .message-learn-cannotlearn {font-weight:bold;color:#CC2222;text-decoration:underline;} .message-effect-weak {font-weight:bold;color:#CC2222;} .message-effect-resist {font-weight:bold;color:#6688AA;} .message-effect-immune {font-weight:bold;color:#666666;} .message-learn-list {margin-top:0;margin-bottom:0;} .message-throttle-notice, .message-error {color:#992222;} .message-overflow, .chat small.message-overflow {font-size:0pt;} .message-overflow::before {font-size:9pt;content:'...';} .subtle {color:#3A4A66;}
</style>
<div class="wrapper replay-wrapper" style="max-width:1180px;margin:0 auto">
<input type="hidden" name="replayid" value="destiny-ou-542706" />
<div class="battle"></div><div class="battle-log"></div><div class="replay-controls"></div><div class="replay-controls-2"></div>
<h1 style="font-weight:normal;text-align:center"><strong>OU</strong><br /><a href="http://pokemonshowdown.com/users/zoxel19" class="subtle" target="_blank">zoxel19</a> vs. <a href="http://pokemonshowdown.com/users/alm2200" class="subtle" target="_blank">Alm-2200</a></h1>
<script type="text/plain" class="battle-log-data">|player|p1|zoxel19|170
|teamsize|p1|6
|player|p2|Alm-2200|2063
|teamsize|p2|6
|teamsize|p1|6
|teamsize|p2|6
|gametype|singles
|gen|7
|tier|OU
|rated
|seed|32322,40430,40787,58633
|rule|Cláusula-Mod de Dormir: solo puedes dormir a uno de tus oponentes a la vez.
|rule|Cláusula de Especie: Hasta un Pokémon de cada especie
|rule|Cláusula de Golpe Fulminante: los movimientos fulminantes (OHKO) estan prohibidos
|rule|Cláusula de Veleta: la habilidad Veleta está prohibida
|rule|Cláusula de Movimientos Evasivos: los movimientos de Evasión están prohibidos.
|rule|Cláusula de Batallas Eternas: forzar batallas eternas está prohibido
|clearpoke
|poke|p1|Gardevoir, M|item
|poke|p1|Toxapex, M|item
|poke|p1|Garchomp, F|item
|poke|p1|Scizor, M|item
|poke|p1|Heatran, F|item
|poke|p1|Chansey, F|item
|poke|p2|Zapdos|item
|poke|p2|Aggron, M|item
|poke|p2|Kyurem-Black|item
|poke|p2|Hawlucha, M|item
|poke|p2|Tapu Koko|item
|poke|p2|Conkeldurr, F|item
|teampreview|undefined
|inactive|Reloj de batalla ENCENDIDO. El jugador inactivo será descalificado (solicitado por zoxel19).
|choice|*team 123456|*
|choice|*|*team 523416
|choice|team 1, 2, 3, 4, 5, 6|team 5, 2, 3, 4, 1, 6
|
|start
|switch|p1a: Gardevoir|Gardevoir, M|278\/278
|switch|p2a: Tapu Koko|Tapu Koko|281\/281
|-fieldstart|move: Electric Terrain|[from] ability: Electric Surge|[of] p2a: Tapu Koko
|-ability|p1a: Gardevoir|Electric Surge|[from] ability: Trace|[of] p2a: Tapu Koko
|turn|1
|choice|*|*move 1
|choice|*move 2 mega|*
|choice|move hypervoice mega|move thunderbolt
|
|-mega|p1a: Gardevoir|Gardevoir|Gardevoirite
|detailschange|p1a: Gardevoir|Gardevoir-Mega, M
|move|p2a: Tapu Koko|Thunderbolt|p1a: Gardevoir
|-damage|p1a: Gardevoir|83\/278
|-status|p1a: Gardevoir|par
|move|p1a: Gardevoir|Hyper Voice|p2a: Tapu Koko
|-damage|p2a: Tapu Koko|0 fnt
|faint|p2a: Tapu Koko
|
|upkeep
|inactive|Alm-2200 tiene 135 segundos restantes.
|choice|*|*switch 2
|choice||switch 2
|
|switch|p2a: Aggron|Aggron, M|343\/343
|turn|2
|choice|*|*move 1 mega
|choice|*move 3|*
|choice|move focusblast|move stealthrock mega
|
|-mega|p2a: Aggron|Aggron|Aggronite
|detailschange|p2a: Aggron|Aggron-Mega, M
|move|p1a: Gardevoir|Focus Blast|p2a: Aggron
|-supereffective|p2a: Aggron
|-crit|p2a: Aggron
|-damage|p2a: Aggron|0 fnt
|faint|p2a: Aggron
|
|upkeep
|choice|*|*switch 4
|choice||switch 4
|
|switch|p2a: Hawlucha|Hawlucha, M|323\/323
|-enditem|p2a: Hawlucha|Electric Seed
|-boost|p2a: Hawlucha|def|1
|turn|3
|choice|*|*move 1
|choice|*move 2|*
|choice|move hypervoice|move acrobatics
|
|move|p2a: Hawlucha|Acrobatics|p1a: Gardevoir
|-damage|p1a: Gardevoir|0 fnt
|faint|p1a: Gardevoir
|
|upkeep
|inactive|zoxel19 tiene 135 segundos restantes.
|choice|*switch 2|*
|choice|switch 2|
|
|switch|p1a: Toxapex|Toxapex, M|304\/304
|turn|4
|choice|*|*move 4
|choice|*move 2|*
|choice|move toxicspikes|move swordsdance
|
|move|p2a: Hawlucha|Swords Dance|p2a: Hawlucha
|-boost|p2a: Hawlucha|atk|2
|move|p1a: Toxapex|Toxic Spikes|p2a: Hawlucha
|-sidestart|p2: Alm-2200|move: Toxic Spikes
|
|upkeep
|turn|5
|choice|*move 3|*
|choice|*|*move 1
|choice|move poisonjab|move acrobatics
|
|move|p2a: Hawlucha|Acrobatics|p1a: Toxapex
|-damage|p1a: Toxapex|129\/304
|move|p1a: Toxapex|Poison Jab|p2a: Hawlucha
|-damage|p2a: Hawlucha|272\/323
|-status|p2a: Hawlucha|psn
|
|-heal|p1a: Toxapex|148\/304|[from] item: Leftovers
|-damage|p2a: Hawlucha|232\/323 psn|[from] psn
|-fieldend|move: Electric Terrain
|upkeep
|turn|6
|choice|*|*move 1
|choice|*move 4|*
|choice|move protect|move acrobatics
|
|move|p1a: Toxapex|Protect|p1a: Toxapex
|-singleturn|p1a: Toxapex|Protect
|move|p2a: Hawlucha|Acrobatics|p1a: Toxapex
|-activate|p1a: Toxapex|move: Protect
|
|-heal|p1a: Toxapex|167\/304|[from] item: Leftovers
|-damage|p2a: Hawlucha|192\/323 psn|[from] psn
|upkeep
|turn|7
|choice|*|*move 1
|choice|*switch 3|*
|choice|switch 3|move acrobatics
|
|switch|p1a: Garchomp|Garchomp, F|420\/420
|move|p2a: Hawlucha|Acrobatics|p1a: Garchomp
|-damage|p1a: Garchomp|182\/420
|-damage|p2a: Hawlucha|152\/323 psn|[from] ability: Rough Skin|[of] p1a: Garchomp
|-damage|p2a: Hawlucha|99\/323 psn|[from] item: Rocky Helmet|[of] p1a: Garchomp
|
|-damage|p2a: Hawlucha|59\/323 psn|[from] psn
|upkeep
|turn|8
|choice|*|*move 1
|inactive|zoxel19 tiene 135 segundos restantes.
|choice|*switch 5|*
|choice|switch 5|move acrobatics
|
|switch|p1a: Heatran|Heatran, F|384\/384
|move|p2a: Hawlucha|Acrobatics|p1a: Heatran
|-resisted|p1a: Heatran
|-damage|p1a: Heatran|215\/384
|
|-heal|p1a: Heatran|239\/384|[from] item: Leftovers
|-damage|p2a: Hawlucha|19\/323 psn|[from] psn
|upkeep
|turn|9
|choice|*move 4|*
|choice|*|*move 2
|choice|move protect|move highjumpkick
|
|move|p1a: Heatran|Protect|p1a: Heatran
|-singleturn|p1a: Heatran|Protect
|move|p2a: Hawlucha|High Jump Kick|p1a: Heatran
|-activate|p1a: Heatran|move: Protect
|-damage|p2a: Hawlucha|0 fnt|[from] highjumpkick
|faint|p2a: Hawlucha
|
|-heal|p1a: Heatran|263\/384|[from] item: Leftovers
|upkeep
|choice|*|*switch 6
|choice||switch 6
|
|switch|p2a: Conkeldurr|Conkeldurr, F|351\/351
|-status|p2a: Conkeldurr|psn
|turn|10
|choice|*|*move 2
|choice|*move 4|*
|choice|move protect|move machpunch
|
|move|p1a: Heatran|Protect|p1a: Heatran
|-fail|p1a: Heatran
|move|p2a: Conkeldurr|Mach Punch|p1a: Heatran
|-supereffective|p1a: Heatran
|-damage|p1a: Heatran|5\/384
|
|-heal|p1a: Heatran|29\/384|[from] item: Leftovers
|-damage|p2a: Conkeldurr|308\/351 psn|[from] psn
|upkeep
|turn|11
|choice|*move 4|*
|choice|*|*move 1
|choice|move protect|move icepunch
|
|move|p1a: Heatran|Protect|p1a: Heatran
|-singleturn|p1a: Heatran|Protect
|move|p2a: Conkeldurr|Ice Punch|p1a: Heatran
|-activate|p1a: Heatran|move: Protect
|
|-heal|p1a: Heatran|53\/384|[from] item: Leftovers
|-damage|p2a: Conkeldurr|265\/351 psn|[from] psn
|upkeep
|turn|12
|choice|*|*move 3
|choice|*|*move 2
|choice|*switch 3|*
|choice|switch 3|move machpunch
|
|switch|p1a: Toxapex|Toxapex, M|268\/304
|move|p2a: Conkeldurr|Mach Punch|p1a: Toxapex
|-resisted|p1a: Toxapex
|-damage|p1a: Toxapex|235\/304
|
|-heal|p1a: Toxapex|254\/304|[from] item: Leftovers
|-damage|p2a: Conkeldurr|222\/351 psn|[from] psn
|upkeep
|turn|13
|choice|*|*switch 3
|choice|*|*switch 3
|choice|*move 4|*
|choice|move protect|switch 3
|
|switch|p2a: Kyurem|Kyurem-Black|391\/391
|-status|p2a: Kyurem|psn
|-ability|p2a: Kyurem|Teravolt
|move|p1a: Toxapex|Protect|p1a: Toxapex
|-fail|p1a: Toxapex
|
|-heal|p1a: Toxapex|273\/304|[from] item: Leftovers
|-damage|p2a: Kyurem|343\/391 psn|[from] psn
|upkeep
|turn|14
|choice|*move 4|*
|choice|*|*move 2
|choice|move protect|move earthpower
|
|move|p1a: Toxapex|Protect|p1a: Toxapex
|-singleturn|p1a: Toxapex|Protect
|move|p2a: Kyurem|Earth Power|p1a: Toxapex
|-activate|p1a: Toxapex|move: Protect
|
|-heal|p1a: Toxapex|292\/304|[from] item: Leftovers
|-damage|p2a: Kyurem|295\/391 psn|[from] psn
|upkeep
|turn|15
|choice|*|*move 2
|choice|*switch 6|*
|choice|switch 6|move earthpower
|
|switch|p1a: Chansey|Chansey, F|703\/703
|move|p2a: Kyurem|Earth Power|p1a: Chansey
|-damage|p1a: Chansey|643\/703
|
|-damage|p2a: Kyurem|247\/391 psn|[from] psn
|upkeep
|turn|16
|choice|*|*move 4 zmove
|choice|*move 1|*
|choice|move softboiled|move freezeshock zmove
|
|-zpower|p2a: Kyurem
|move|p2a: Kyurem|Subzero Slammer|p1a: Chansey|[zeffect]
|-damage|p1a: Chansey|93\/703
|move|p1a: Chansey|Soft-Boiled|p1a: Chansey
|-heal|p1a: Chansey|445\/703
|
|-damage|p2a: Kyurem|199\/391 psn|[from] psn
|upkeep
|turn|17
|choice|*move 1|*
|choice|*|*switch 3
|choice|move softboiled|switch 3
|
|switch|p2a: Conkeldurr|Conkeldurr, F|222\/351 psn
|move|p1a: Chansey|Soft-Boiled|p1a: Chansey
|-heal|p1a: Chansey|703\/703
|
|-damage|p2a: Conkeldurr|179\/351 psn|[from] psn
|upkeep
|turn|18
|choice|*|*move 3
|choice|*switch 3|*
|inactive|Alm-2200 tiene 135 segundos restantes.
|choice|*|*move 3
|choice|switch 3|move drainpunch
|
|switch|p1a: Heatran|Heatran, F|53\/384
|move|p2a: Conkeldurr|Drain Punch|p1a: Heatran
|-supereffective|p1a: Heatran
|-damage|p1a: Heatran|0 fnt
|-heal|p2a: Conkeldurr|206\/351 psn|[from] drain|[of] p1a: Heatran
|faint|p1a: Heatran
|
|-damage|p2a: Conkeldurr|163\/351 psn|[from] psn
|upkeep
|choice|*switch 6|*
|choice|switch 6|
|
|switch|p1a: Toxapex|Toxapex, M|304\/304
|turn|19
|choice|*|*switch 5
|choice|*move 1|*
|choice|move scald|switch 5
|
|switch|p2a: Zapdos|Zapdos|359\/359
|move|p1a: Toxapex|Scald|p2a: Zapdos
|-damage|p2a: Zapdos|308\/359
|
|upkeep
|turn|20
|choice|*switch 5|*
|choice|*|*switch 5
|choice|switch 5|switch 5
|
|switch|p2a: Conkeldurr|Conkeldurr, F|163\/351 psn
|switch|p1a: Garchomp|Garchomp, F|182\/420
|
|-damage|p2a: Conkeldurr|120\/351 psn|[from] psn
|upkeep
|turn|21
|choice|*|*switch 5
|choice|*|*switch 5
|choice|*switch 4|*
|choice|switch 4|switch 5
|
|switch|p1a: Scizor|Scizor, M|343\/343
|switch|p2a: Zapdos|Zapdos|308\/359
|
|upkeep
|turn|22
|choice|*|*move 4
|choice|*switch 3|*
|choice|switch 3|move heatwave
|
|switch|p1a: Chansey|Chansey, F|703\/703
|move|p2a: Zapdos|Heat Wave|p1a: Chansey
|-damage|p1a: Chansey|644\/703
|
|upkeep
|turn|23
|choice|*|*switch 5
|choice|*move 2|*
|choice|move seismictoss|switch 5
|
|switch|p2a: Conkeldurr|Conkeldurr, F|120\/351 psn
|move|p1a: Chansey|Seismic Toss|p2a: Conkeldurr
|-damage|p2a: Conkeldurr|20\/351 psn
|
|-damage|p2a: Conkeldurr|0 fnt|[from] psn
|upkeep
|faint|p2a: Conkeldurr
|choice|*|*switch 3
|choice||switch 3
|
|switch|p2a: Kyurem|Kyurem-Black|199\/391 psn
|-ability|p2a: Kyurem|Teravolt
|turn|24
|choice|*|*move 4
|choice|*move 1|*
|choice|move softboiled|move freezeshock
|
|move|p2a: Kyurem|Freeze Shock|p1a: Chansey|[still]
|-prepare|p2a: Kyurem|Freeze Shock|p1a: Chansey
|move|p1a: Chansey|Soft-Boiled|p1a: Chansey
|-heal|p1a: Chansey|703\/703
|
|-damage|p2a: Kyurem|151\/391 psn|[from] psn
|upkeep
|turn|25
|choice|*|*move 1
|choice|*move 1|*
|choice|move softboiled|move freezeshock
|
|move|p2a: Kyurem|Freeze Shock|p1a: Chansey|[from]lockedmove
|-damage|p1a: Chansey|304\/703
|move|p1a: Chansey|Soft-Boiled|p1a: Chansey
|-heal|p1a: Chansey|656\/703
|
|-damage|p2a: Kyurem|103\/391 psn|[from] psn
|upkeep
|turn|26
|choice|*|*move 4
|choice|*move 2|*
|choice|move seismictoss|move freezeshock
|
|move|p2a: Kyurem|Freeze Shock|p1a: Chansey|[still]
|-prepare|p2a: Kyurem|Freeze Shock|p1a: Chansey
|move|p1a: Chansey|Seismic Toss|p2a: Kyurem
|-damage|p2a: Kyurem|3\/391 psn
|
|-damage|p2a: Kyurem|0 fnt|[from] psn
|upkeep
|faint|p2a: Kyurem
|-message|Alm-2200 se rindió.
|
|win|zoxel19
zoxel19 ha ganado 6.75 PokeDolares.
|raw|Puntaje de zoxel19: 1211 &rarr; <strong>1235<\/strong><br \/>(+24 por ganar)
|raw|Puntaje de Alm-2200: 1206 &rarr; <strong>1181<\/strong><br \/>(-25 por perder)
</script>
</div>
<div class="battle-log battle-log-inline"><div class="inner"><div class="battle-options"></div><div class="inner"><div class=""><small>Format:</small> <br><strong>OU</strong></div><div class="rated"><strong>Rated battle</strong></div><div class=""><small><em>Cláusula-Mod de Dormir:</em> solo puedes dormir a uno de tus oponentes a la vez.</small></div><div class=""><small><em>Cláusula de Especie:</em> Hasta un Pokémon de cada especie</small></div><div class=""><small><em>Cláusula de Golpe Fulminante:</em> los movimientos fulminantes (OHKO) estan prohibidos</small></div><div class=""><small><em>Cláusula de Veleta:</em> la habilidad Veleta está prohibida</small></div><div class=""><small><em>Cláusula de Movimientos Evasivos:</em> los movimientos de Evasión están prohibidos.</small></div><div class=""><small><em>Cláusula de Batallas Eternas:</em> forzar batallas eternas está prohibido</small></div><div class="chat battle-history"><strong>zoxel19's team:</strong> <em style="color:#445566;display:block;">Gardevoir / Toxapex / Garchomp / Scizor / Heatran / Chansey</em></div><div class="chat battle-history"><strong>Alm-2200's team:</strong> <em style="color:#445566;display:block;">Zapdos / Aggron / Kyurem-Black / Hawlucha / Tapu Koko / Conkeldurr</em></div><div class="chat message-error">Reloj de batalla ENCENDIDO. El jugador inactivo será descalificado (solicitado por zoxel19).</div><div class="spacer battle-history"><br></div><div class="battle-history">Battle started between zoxel19 and Alm-2200!<br></div><div class="spacer battle-history"><br></div><div class="battle-history">Go! <strong>Gardevoir</strong>!<br></div><div class="spacer battle-history"><br></div><div class="battle-history">Alm-2200 sent out <strong>Tapu Koko</strong>!<br></div><div class="battle-history"><small>[The opposing Tapu Koko's Electric Surge]</small><br><small>An electric current runs across the battlefield!</small><br></div><div class="battle-history"><small>[Gardevoir's Trace]</small><br><small>[Gardevoir's Electric Surge]</small><br><small>Gardevoir traced the opposing Tapu Koko's Electric Surge!</small><br></div><div class="spacer battle-history"><br></div><h2 class="battle-history">Turn 1</h2><div class="spacer battle-history"><br></div><div class="battle-history"><small>Gardevoir's Gardevoirite is reacting to the Key Stone!</small><br>Gardevoir has Mega Evolved into Mega Gardevoir!<br></div><div class="spacer battle-history"><br></div><div class="battle-history">The opposing Tapu Koko used <strong>Thunderbolt</strong>!<br></div><div class="battle-history"><small>(Gardevoir lost <abbr title="−195/278">70.1%</abbr> of its health!)</small><br></div><div class="battle-history"><small>Gardevoir is paralyzed! It may be unable to move!</small><br></div><div class="spacer battle-history"><br></div><div class="battle-history">Gardevoir used <strong>Hyper Voice</strong>!<br></div><div class="battle-history"><small>(The opposing Tapu Koko lost <abbr title="−281/281">100%</abbr> of its health!)</small><br></div><div class="spacer battle-history"><br></div><div class="battle-history">The opposing Tapu Koko fainted!<br></div><div class="chat message-error">Alm-2200 tiene 135 segundos restantes.</div><div class="spacer battle-history"><br></div><div class="battle-history">Alm-2200 sent out <strong>Aggron</strong>!<br></div><div class="spacer battle-history"><br></div><h2 class="battle-history">Turn 2</h2><div class="spacer battle-history"><br></div><div class="battle-history"><small>The opposing Aggron's Aggronite is reacting to the Key Stone!</small><br>The opposing Aggron has Mega Evolved into Mega Aggron!<br></div><div class="spacer battle-history"><br></div><div class="battle-history">Gardevoir used <strong>Focus Blast</strong>!<br></div><div class="battle-history"><small>It's super effective!</small><br></div><div class="battle-history"><small>A critical hit!</small><br></div><div class="battle-history"><small>(The opposing Aggron lost <abbr title="−343/343">100%</abbr> of its health!)</small><br></div><div class="spacer battle-history"><br></div><div class="battle-history">The opposing Aggron fainted!<br></div><div class="spacer battle-history"><br></div><div class="battle-history">Alm-2200 sent out <strong>Hawlucha</strong>!<br></div><div class="battle-history"><small>(The opposing Hawlucha used its Electric Seed!)</small><br></div><div class="battle-history"><small>The opposing Hawlucha's Defense rose!</small><br></div><div class="spacer battle-history"><br></div><h2 class="battle-history">Turn 3</h2><div class="spacer battle-history"><br></div><div class="battle-history">The opposing Hawlucha used <strong>Acrobatics</strong>!<br></div><div class="battle-history"><small>(Gardevoir lost <abbr title="−83/278">29.9%</abbr> of its health!)</small><br></div><div class="spacer battle-history"><br></div><div class="battle-history">Gardevoir fainted!<br></div><div class="chat message-error">zoxel19 tiene 135 segundos restantes.</div><div class="spacer battle-history"><br></div><div class="battle-history">Go! <strong>Toxapex</strong>!<br></div><div class="spacer battle-history"><br></div><h2 class="battle-history">Turn 4</h2><div class="spacer battle-history"><br></div><div class="battle-history">The opposing Hawlucha used <strong>Swords Dance</strong>!<br></div><div class="battle-history"><small>The opposing Hawlucha's Attack rose sharply!</small><br></div><div class="spacer battle-history"><br></div><div class="battle-history">Toxapex used <strong>Toxic Spikes</strong>!<br></div><div class="battle-history"><small>Poison spikes were scattered on the ground all around the opposing team!</small><br></div><div class="spacer battle-history"><br></div><h2 class="battle-history">Turn 5</h2><div class="spacer battle-history"><br></div><div class="battle-history">The opposing Hawlucha used <strong>Acrobatics</strong>!<br></div><div class="battle-history"><small>(Toxapex lost <abbr title="−175/304">57.6%</abbr> of its health!)</small><br></div><div class="spacer battle-history"><br></div><div class="battle-history">Toxapex used <strong>Poison Jab</strong>!<br></div><div class="battle-history"><small>(The opposing Hawlucha lost <abbr title="−51/323">15.8%</abbr> of its health!)</small><br></div><div class="battle-history"><small>The opposing Hawlucha was poisoned!</small><br></div><div class="spacer battle-history"><br></div><div class="battle-history"><small>Toxapex restored a little HP using its Leftovers!</small><br></div><div class="battle-history"><small>The opposing Hawlucha was hurt by poison!</small><br></div><div class="battle-history"><small>The electricity disappeared from the battlefield.</small><br></div><div class="spacer battle-history"><br></div><h2 class="battle-history">Turn 6</h2><div class="spacer battle-history"><br></div><div class="battle-history">Toxapex used <strong>Protect</strong>!<br></div><div class="battle-history"><small>Toxapex protected itself!</small><br></div><div class="spacer battle-history"><br></div><div class="battle-history">The opposing Hawlucha used <strong>Acrobatics</strong>!<br></div><div class="battle-history"><small>Toxapex protected itself!</small><br></div><div class="spacer battle-history"><br></div><div class="battle-history"><small>Toxapex restored a little HP using its Leftovers!</small><br></div><div class="battle-history"><small>The opposing Hawlucha was hurt by poison!</small><br></div><div class="spacer battle-history"><br></div><h2 class="battle-history">Turn 7</h2><div class="spacer battle-history"><br></div><div class="battle-history">Toxapex, come back!<br></div><div class="battle-history">Go! <strong>Garchomp</strong>!<br></div><div class="spacer battle-history"><br></div><div class="battle-history">The opposing Hawlucha used <strong>Acrobatics</strong>!<br></div><div class="battle-history"><small>(Garchomp lost <abbr title="−238/420">56.7%</abbr> of its health!)</small><br></div><div class="battle-history"><small>[Garchomp's Rough Skin]</small><br><small>The opposing Hawlucha was hurt!</small><br></div><div class="battle-history"><small>The opposing Hawlucha was hurt by the Rocky Helmet!</small><br></div><div class="spacer battle-history"><br></div><div class="battle-history"><small>The opposing Hawlucha was hurt by poison!</small><br></div><div class="spacer battle-history"><br></div><h2 class="battle-history">Turn 8</h2><div class="chat message-error">zoxel19 tiene 135 segundos restantes.</div><div class="spacer battle-history"><br></div><div class="battle-history">Garchomp, come back!<br></div><div class="battle-history">Go! <strong>Heatran</strong>!<br></div><div class="spacer battle-history"><br></div><div class="battle-history">The opposing Hawlucha used <strong>Acrobatics</strong>!<br></div><div class="battle-history"><small>It's not very effective...</small><br></div><div class="battle-history"><small>(Heatran lost <abbr title="−169/384">44.0%</abbr> of its health!)</small><br></div><div class="spacer battle-history"><br></div><div class="battle-history"><small>Heatran restored a little HP using its Leftovers!</small><br></div><div class="battle-history"><small>The opposing Hawlucha was hurt by poison!</small><br></div><div class="spacer battle-history"><br></div><h2 class="battle-history">Turn 9</h2><div class="spacer battle-history"><br></div><div class="battle-history">Heatran used <strong>Protect</strong>!<br></div><div class="battle-history"><small>Heatran protected itself!</small><br></div><div class="spacer battle-history"><br></div><div class="battle-history">The opposing Hawlucha used <strong>High Jump Kick</strong>!<br></div><div class="battle-history"><small>Heatran protected itself!</small><br></div><div class="battle-history"><small>The opposing Hawlucha kept going and crashed!</small><br></div><div class="spacer battle-history"><br></div><div class="battle-history">The opposing Hawlucha fainted!<br></div><div class="spacer battle-history"><br></div><div class="battle-history"><small>Heatran restored a little HP using its Leftovers!</small><br></div><div class="spacer battle-history"><br></div><div class="battle-history">Alm-2200 sent out <strong>Conkeldurr</strong>!<br></div><div class="battle-history"><small>The opposing Conkeldurr was poisoned!</small><br></div><div class="spacer battle-history"><br></div><h2 class="battle-history">Turn 10</h2><div class="spacer battle-history"><br></div><div class="battle-history">Heatran used <strong>Protect</strong>!<br></div><div class="battle-history"><small>But it failed!</small><br></div><div class="spacer battle-history"><br></div><div class="battle-history">The opposing Conkeldurr used <strong>Mach Punch</strong>!<br></div><div class="battle-history"><small>It's super effective!</small><br></div><div class="battle-history"><small>(Heatran lost <abbr title="−258/384">67.2%</abbr> of its health!)</small><br></div><div class="spacer battle-history"><br></div><div class="battle-history"><small>Heatran restored a little HP using its Leftovers!</small><br></div><div class="battle-history"><small>The opposing Conkeldurr was hurt by poison!</small><br></div><div class="spacer battle-history"><br></div><h2 class="battle-history">Turn 11</h2><div class="spacer battle-history"><br></div><div class="battle-history">Heatran used <strong>Protect</strong>!<br></div><div class="battle-history"><small>Heatran protected itself!</small><br></div><div class="spacer battle-history"><br></div><div class="battle-history">The opposing Conkeldurr used <strong>Ice Punch</strong>!<br></div><div class="battle-history"><small>Heatran protected itself!</small><br></div><div class="spacer battle-history"><br></div><div class="battle-history"><small>Heatran restored a little HP using its Leftovers!</small><br></div><div class="battle-history"><small>The opposing Conkeldurr was hurt by poison!</small><br></div><div class="spacer battle-history"><br></div><h2 class="battle-history">Turn 12</h2><div class="spacer battle-history"><br></div><div class="battle-history">Heatran, come back!<br></div><div class="battle-history">Go! <strong>Toxapex</strong>!<br></div><div class="spacer battle-history"><br></div><div class="battle-history">The opposing Conkeldurr used <strong>Mach Punch</strong>!<br></div><div class="battle-history"><small>It's not very effective...</small><br></div><div class="battle-history"><small>(Toxapex lost <abbr title="−33/304">10.9%</abbr> of its health!)</small><br></div><div class="spacer battle-history"><br></div><div class="battle-history"><small>Toxapex restored a little HP using its Leftovers!</small><br></div><div class="battle-history"><small>The opposing Conkeldurr was hurt by poison!</small><br></div><div class="spacer battle-history"><br></div><h2 class="battle-history">Turn 13</h2><div class="spacer battle-history"><br></div><div class="battle-history">Alm-2200 withdrew Conkeldurr!<br></div><div class="battle-history">Alm-2200 sent out Kyurem (<strong>Kyurem-Black</strong>)!<br></div><div class="battle-history"><small>The opposing Kyurem was poisoned!</small><br></div><div class="battle-history"><small>[The opposing Kyurem's Teravolt]</small><br><small>The opposing Kyurem is radiating a bursting aura!</small><br></div><div class="spacer battle-history"><br></div><div class="battle-history">Toxapex used <strong>Protect</strong>!<br></div><div class="battle-history"><small>But it failed!</small><br></div><div class="spacer battle-history"><br></div><div class="battle-history"><small>Toxapex restored a little HP using its Leftovers!</small><br></div><div class="battle-history"><small>The opposing Kyurem was hurt by poison!</small><br></div><div class="spacer battle-history"><br></div><h2 class="battle-history">Turn 14</h2><div class="spacer battle-history"><br></div><div class="battle-history">Toxapex used <strong>Protect</strong>!<br></div><div class="battle-history"><small>Toxapex protected itself!</small><br></div><div class="spacer battle-history"><br></div><div class="battle-history">The opposing Kyurem used <strong>Earth Power</strong>!<br></div><div class="battle-history"><small>Toxapex protected itself!</small><br></div><div class="spacer battle-history"><br></div><div class="battle-history"><small>Toxapex restored a little HP using its Leftovers!</small><br></div><div class="battle-history"><small>The opposing Kyurem was hurt by poison!</small><br></div><div class="spacer battle-history"><br></div><h2 class="battle-history">Turn 15</h2><div class="spacer battle-history"><br></div><div class="battle-history">Toxapex, come back!<br></div><div class="battle-history">Go! <strong>Chansey</strong>!<br></div><div class="spacer battle-history"><br></div><div class="battle-history">The opposing Kyurem used <strong>Earth Power</strong>!<br></div><div class="battle-history"><small>(Chansey lost <abbr title="−60/703">8.5%</abbr> of its health!)</small><br></div><div class="spacer battle-history"><br></div><div class="battle-history"><small>The opposing Kyurem was hurt by poison!</small><br></div><div class="spacer battle-history"><br></div><h2 class="battle-history">Turn 16</h2><div class="spacer battle-history"><br></div><div class="battle-history"><small>The opposing Kyurem surrounded itself with its Z-Power!</small><br></div><div class="spacer battle-history"><br></div><div class="battle-history">The opposing Kyurem used <strong>Subzero Slammer</strong>!<br></div><div class="battle-history"><small>(Chansey lost <abbr title="−550/703">78.2%</abbr> of its health!)</small><br></div><div class="spacer battle-history"><br></div><div class="battle-history">Chansey used <strong>Soft-Boiled</strong>!<br></div><div class="battle-history"><small>Chansey restored its HP.</small><br></div><div class="spacer battle-history"><br></div><div class="battle-history"><small>The opposing Kyurem was hurt by poison!</small><br></div><div class="spacer battle-history"><br></div><h2 class="battle-history">Turn 17</h2><div class="spacer battle-history"><br></div><div class="battle-history">Alm-2200 withdrew Kyurem!<br></div><div class="battle-history">Alm-2200 sent out <strong>Conkeldurr</strong>!<br></div><div class="spacer battle-history"><br></div><div class="battle-history">Chansey used <strong>Soft-Boiled</strong>!<br></div><div class="battle-history"><small>Chansey restored its HP.</small><br></div><div class="spacer battle-history"><br></div><div class="battle-history"><small>The opposing Conkeldurr was hurt by poison!</small><br></div><div class="spacer battle-history"><br></div><h2 class="battle-history">Turn 18</h2><div class="chat message-error">Alm-2200 tiene 135 segundos restantes.</div><div class="spacer battle-history"><br></div><div class="battle-history">Chansey, come back!<br></div><div class="battle-history">Go! <strong>Heatran</strong>!<br></div><div class="spacer battle-history"><br></div><div class="battle-history">The opposing Conkeldurr used <strong>Drain Punch</strong>!<br></div><div class="battle-history"><small>It's super effective!</small><br></div><div class="battle-history"><small>(Heatran lost <abbr title="−53/384">13.8%</abbr> of its health!)</small><br></div><div class="battle-history"><small>Heatran had its energy drained!</small><br></div><div class="spacer battle-history"><br></div><div class="battle-history">Heatran fainted!<br></div><div class="spacer battle-history"><br></div><div class="battle-history"><small>The opposing Conkeldurr was hurt by poison!</small><br></div><div class="spacer battle-history"><br></div><div class="battle-history">Go! <strong>Toxapex</strong>!<br></div><div class="spacer battle-history"><br></div><h2 class="battle-history">Turn 19</h2><div class="spacer battle-history"><br></div><div class="battle-history">Alm-2200 withdrew Conkeldurr!<br></div><div class="battle-history">Alm-2200 sent out <strong>Zapdos</strong>!<br></div><div class="spacer battle-history"><br></div><div class="battle-history">Toxapex used <strong>Scald</strong>!<br></div><div class="battle-history"><small>(The opposing Zapdos lost <abbr title="−51/359">14.2%</abbr> of its health!)</small><br></div><div class="spacer battle-history"><br></div><h2 class="battle-history">Turn 20</h2><div class="spacer battle-history"><br></div><div class="battle-history">Alm-2200 withdrew Zapdos!<br></div><div class="battle-history">Alm-2200 sent out <strong>Conkeldurr</strong>!<br></div><div class="spacer battle-history"><br></div><div class="battle-history">Toxapex, come back!<br></div><div class="battle-history">Go! <strong>Garchomp</strong>!<br></div><div class="spacer battle-history"><br></div><div class="battle-history"><small>The opposing Conkeldurr was hurt by poison!</small><br></div><div class="spacer battle-history"><br></div><h2 class="battle-history">Turn 21</h2><div class="spacer battle-history"><br></div><div class="battle-history">Garchomp, come back!<br></div><div class="battle-history">Go! <strong>Scizor</strong>!<br></div><div class="spacer battle-history"><br></div><div class="battle-history">Alm-2200 withdrew Conkeldurr!<br></div><div class="battle-history">Alm-2200 sent out <strong>Zapdos</strong>!<br></div><div class="spacer battle-history"><br></div><h2 class="battle-history">Turn 22</h2><div class="spacer battle-history"><br></div><div class="battle-history">Scizor, come back!<br></div><div class="battle-history">Go! <strong>Chansey</strong>!<br></div><div class="spacer battle-history"><br></div><div class="battle-history">The opposing Zapdos used <strong>Heat Wave</strong>!<br></div><div class="battle-history"><small>(Chansey lost <abbr title="−59/703">8.4%</abbr> of its health!)</small><br></div><div class="spacer battle-history"><br></div><h2 class="battle-history">Turn 23</h2><div class="spacer battle-history"><br></div><div class="battle-history">Alm-2200 withdrew Zapdos!<br></div><div class="battle-history">Alm-2200 sent out <strong>Conkeldurr</strong>!<br></div><div class="spacer battle-history"><br></div><div class="battle-history">Chansey used <strong>Seismic Toss</strong>!<br></div><div class="battle-history"><small>(The opposing Conkeldurr lost <abbr title="−100/351">28.5%</abbr> of its health!)</small><br></div><div class="spacer battle-history"><br></div><div class="battle-history"><small>The opposing Conkeldurr was hurt by poison!</small><br></div><div class="spacer battle-history"><br></div><div class="battle-history">The opposing Conkeldurr fainted!<br></div><div class="spacer battle-history"><br></div><div class="battle-history">Alm-2200 sent out Kyurem (<strong>Kyurem-Black</strong>)!<br></div><div class="battle-history"><small>[The opposing Kyurem's Teravolt]</small><br><small>The opposing Kyurem is radiating a bursting aura!</small><br></div><div class="spacer battle-history"><br></div><h2 class="battle-history">Turn 24</h2><div class="spacer battle-history"><br></div><div class="battle-history">The opposing Kyurem used <strong>Freeze Shock</strong>!<br></div><div class="battle-history"><small>The opposing Kyurem became cloaked in a freezing light!</small><br></div><div class="spacer battle-history"><br></div><div class="battle-history">Chansey used <strong>Soft-Boiled</strong>!<br></div><div class="battle-history"><small>Chansey restored its HP.</small><br></div><div class="spacer battle-history"><br></div><div class="battle-history"><small>The opposing Kyurem was hurt by poison!</small><br></div><div class="spacer battle-history"><br></div><h2 class="battle-history">Turn 25</h2><div class="spacer battle-history"><br></div><div class="battle-history">The opposing Kyurem used <strong>Freeze Shock</strong>!<br></div><div class="battle-history"><small>(Chansey lost <abbr title="−399/703">56.8%</abbr> of its health!)</small><br></div><div class="spacer battle-history"><br></div><div class="battle-history">Chansey used <strong>Soft-Boiled</strong>!<br></div><div class="battle-history"><small>Chansey restored its HP.</small><br></div><div class="spacer battle-history"><br></div><div class="battle-history"><small>The opposing Kyurem was hurt by poison!</small><br></div><div class="spacer battle-history"><br></div><h2 class="battle-history">Turn 26</h2><div class="spacer battle-history"><br></div><div class="battle-history">The opposing Kyurem used <strong>Freeze Shock</strong>!<br></div><div class="battle-history"><small>The opposing Kyurem became cloaked in a freezing light!</small><br></div><div class="spacer battle-history"><br></div><div class="battle-history">Chansey used <strong>Seismic Toss</strong>!<br></div><div class="battle-history"><small>(The opposing Kyurem lost <abbr title="−100/391">25.6%</abbr> of its health!)</small><br></div><div class="spacer battle-history"><br></div><div class="battle-history"><small>The opposing Kyurem was hurt by poison!</small><br></div><div class="spacer battle-history"><br></div><div class="battle-history">The opposing Kyurem fainted!<br></div><div class="battle-history"><small>Alm-2200 se rindió.</small><br></div><div class="spacer battle-history"><br></div><div class="battle-history"><strong>zoxel19</strong> won the battle!<br></div><div class="chat">zoxel19 ha ganado 6.75 PokeDolares.</div><div class="chat">Puntaje de zoxel19: 1211 → <strong>1235</strong><br>(+24 por ganar)</div><div class="chat">Puntaje de Alm-2200: 1206 → <strong>1181</strong><br>(-25 por perder)</div></div><div class="inner-preempt"></div></div></div>
</div>
<script>
let daily = Math.floor(Date.now()/1000/60/60/24);document.write('<script src="https://play.pokemonshowdown.com/js/replay-embed.js?version'+daily+'"></'+'script>');
</script>
