<!DOCTYPE html>
<meta charset="utf-8" />
<!-- version 1 -->
<title>OU replay: AdderJo vs. DannyDjcb</title>
<style>
html,body {font-family:Verdana, sans-serif;font-size:10pt;margin:0;padding:0;}body{padding:12px 0;} .battle-log {font-family:Verdana, sans-serif;font-size:10pt;} .battle-log-inline {border:1px solid #AAAAAA;background:#EEF2F5;color:black;max-width:640px;margin:0 auto 80px;padding-bottom:5px;} .battle-log .inner {padding:4px 8px 0px 8px;} .battle-log .inner-preempt {padding:0 8px 4px 8px;} .battle-log .inner-after {margin-top:0.5em;} .battle-log h2 {margin:0.5em -8px;padding:4px 8px;border:1px solid #AAAAAA;background:#E0E7EA;border-left:0;border-right:0;font-family:Verdana, sans-serif;font-size:13pt;} .battle-log .chat {vertical-align:middle;padding:3px 0 3px 0;font-size:8pt;} .battle-log .chat strong {color:#40576A;} .battle-log .chat em {padding:1px 4px 1px 3px;color:#000000;font-style:normal;} .chat.mine {background:rgba(0,0,0,0.05);margin-left:-8px;margin-right:-8px;padding-left:8px;padding-right:8px;} .spoiler {color:#BBBBBB;background:#BBBBBB;padding:0px 3px;} .spoiler:hover, .spoiler:active, .spoiler-shown {color:#000000;background:#E2E2E2;padding:0px 3px;} .spoiler a {color:#BBBBBB;} .spoiler:hover a, .spoiler:active a, .spoiler-shown a {color:#2288CC;} .chat code, .chat .spoiler:hover code, .chat .spoiler:active code, .chat .spoiler-shown code {border:1px solid #C0C0C0;background:#EEEEEE;color:black;padding:0 2px;} .chat .spoiler code {border:1px solid #CCCCCC;background:#CCCCCC;color:#CCCCCC;} .battle-log .rated {padding:3px 4px;} .battle-log .rated strong {color:white;background:#89A;padding:1px 4px;border-radius:4px;} .spacer {margin-top:0.5em;} .message-announce {background:#6688AA;color:white;padding:1px 4px 2px;} .message-announce a, .broadcast-green a, .broadcast-blue a, .broadcast-red a {color:#DDEEFF;} .broadcast-green {background-color:#559955;color:white;padding:2px 4px;} .broadcast-blue {background-color:#6688AA;color:white;padding:2px 4px;} .infobox {border:1px solid #6688AA;padding:2px 4px;} .infobox-limited {max-height:200px;overflow:auto;overflow-x:hidden;} .broadcast-red {background-color:#AA5544;color:white;padding:2px 4px;} .message-learn-canlearn {font-weight:bold;color:#228822;text-decoration:underline;} .message-learn-cannotlearn {font-weight:bold;color:#CC2222;text-decoration:underline;} .message-effect-weak {font-weight:bold;color:#CC2222;} .message-effect-resist {font-weight:bold;color:#6688AA;} .message-effect-immune {font-weight:bold;color:#666666;} .message-learn-list {margin-top:0;margin-bottom:0;} .message-throttle-notice, .message-error {color:#992222;} .message-overflow, .chat small.message-overflow {font-size:0pt;} .message-overflow::before {font-size:9pt;content:'...';} .subtle {color:#3A4A66;}
</style>
<div class="wrapper replay-wrapper" style="max-width:1180px;margin:0 auto">
<input type="hidden" name="replayid" value="destiny-ou-460771" />
<div class="battle"></div><div class="battle-log"></div><div class="replay-controls"></div><div class="replay-controls-2"></div>
<h1 style="font-weight:normal;text-align:center"><strong>OU</strong><br /><a href="http://pokemonshowdown.com/users/adderjo" class="subtle" target="_blank">AdderJo</a> vs. <a href="http://pokemonshowdown.com/users/dannydjcb" class="subtle" target="_blank">DannyDjcb</a></h1>
<script type="text/plain" class="battle-log-data">|player|p1|AdderJo|1
|teamsize|p1|6
|player|p2|DannyDjcb|1084
|teamsize|p2|6
|teamsize|p1|6
|teamsize|p2|6
|gametype|singles
|gen|7
|tier|OU
|rated
|seed|52031,39384,20799,42712
|rule|Cláusula-Mod de Dormir: solo puedes dormir a uno de tus oponentes a la vez.
|rule|Cláusula de Especie: Hasta un Pokémon de cada especie
|rule|Cláusula de Golpe Fulminante: los movimientos fulminantes (OHKO) estan prohibidos
|rule|Cláusula de Veleta: la habilidad Veleta está prohibida
|rule|Cláusula de Movimientos Evasivos: los movimientos de Evasión están prohibidos.
|rule|Cláusula de Batallas Eternas: forzar batallas eternas está prohibido
|clearpoke
|poke|p1|Beedrill, F|item
|poke|p1|Infernape, F|item
|poke|p1|Tapu Lele|item
|poke|p1|Greninja, M|item
|poke|p1|Chansey, F|item
|poke|p1|Landorus-Therian, M|item
|poke|p2|Amoonguss, F, shiny|item
|poke|p2|Skarmory, M|item
|poke|p2|Lopunny, F, shiny|item
|poke|p2|Greninja, M|item
|poke|p2|Tapu Koko|item
|poke|p2|Latios, M, shiny|item
|teampreview|undefined
|choice|*team 213456|*
|inactive|Reloj de batalla ENCENDIDO. El jugador inactivo será descalificado (solicitado por AdderJo).
|choice|*|*team 423156
|choice|team 2, 1, 3, 4, 5, 6|team 4, 2, 3, 1, 5, 6
|
|start
|switch|p1a: Infernape|Infernape, F|293\/293
|switch|p2a: Greninja|Greninja, M|285\/285
|turn|1
|choice|*move 4|*
|choice|*|*switch 6
|choice|move machpunch|switch 6
|
|switch|p2a: Latios|Latios, M, shiny|301\/301
|move|p1a: Infernape|Mach Punch|p2a: Latios
|-resisted|p2a: Latios
|-damage|p2a: Latios|239\/301
|-damage|p1a: Infernape|264\/293|[from] item: Life Orb
|
|upkeep
|turn|2
|choice|*switch 5|*
|choice|*|*move 4
|choice|*switch 3|*
|choice|switch 3|move trick
|
|switch|p1a: Tapu Lele|Tapu Lele|281\/281
|-fieldstart|move: Psychic Terrain|[from] ability: Psychic Surge|[of] p1a: Tapu Lele
|move|p2a: Latios|Trick|p1a: Tapu Lele
|-activate|p2a: Latios|move: Trick|[of] p1a: Tapu Lele
|-item|p1a: Tapu Lele|Choice Scarf|[from] move: Trick
|-item|p2a: Latios|Choice Scarf|[from] move: Trick
|
|upkeep
|turn|3
|choice|*switch 4|*
|choice|*|*switch 4
|choice|switch 4|switch 4
|
|switch|p2a: Amoonguss|Amoonguss, F, shiny|432\/432
|switch|p1a: Greninja|Greninja, M|285\/285
|
|upkeep
|turn|4
|choice|*move 3|*
|choice|*|*move 1
|choice|move extrasensory|move spore
|
|move|p1a: Greninja|Extrasensory|p2a: Amoonguss
|-start|p1a: Greninja|typechange|Psychic|[from] Protean
|-supereffective|p2a: Amoonguss
|-damage|p2a: Amoonguss|30\/432
|move|p2a: Amoonguss|Spore|p1a: Greninja
|-status|p1a: Greninja|slp
|
|-heal|p2a: Amoonguss|57\/432|[from] item: Black Sludge
|upkeep
|turn|5
|choice|*move 3|*
|choice|*|*move 2
|choice|move extrasensory|move gigadrain
|
|cant|p1a: Greninja|slp
|move|p2a: Amoonguss|Giga Drain|p1a: Greninja
|-damage|p1a: Greninja|146\/285 slp
|-heal|p2a: Amoonguss|127\/432|[from] drain|[of] p1a: Greninja
|
|-heal|p2a: Amoonguss|154\/432|[from] item: Black Sludge
|upkeep
|turn|6
|choice|*move 3|*
|choice|*|*switch 6
|choice|move extrasensory|switch 6
|
|switch|p2a: Greninja|Greninja, M|285\/285
|-curestatus|p1a: Greninja|slp|[msg]
|move|p1a: Greninja|Extrasensory|p2a: Greninja
|-immune|p2a: Greninja|[msg]
|
|-fieldend|move: Psychic Terrain
|upkeep
|turn|7
|choice|*switch 5|*
|choice|*|*move 3
|choice|switch 5|move watershuriken
|
|switch|p1a: Chansey|Chansey, F|703\/703
|move|p2a: Greninja|Water Shuriken|p1a: Chansey
|-damage|p1a: Chansey|682\/703
|-damage|p1a: Chansey|658\/703
|-damage|p1a: Chansey|634\/703
|-hitcount|p1a: Chansey|3
|
|upkeep
|turn|8
|choice|*move 2|*
|choice|*|*switch 6
|choice|move thunderwave|switch 6
|
|switch|p2a: Amoonguss|Amoonguss, F, shiny|298\/432
|move|p1a: Chansey|Thunder Wave|p2a: Amoonguss
|-status|p2a: Amoonguss|par
|
|-heal|p2a: Amoonguss|325\/432 par|[from] item: Black Sludge
|upkeep
|turn|9
|choice|*|*move 1
|choice|*switch 4|*
|choice|switch 4|move spore
|
|switch|p1a: Tapu Lele|Tapu Lele|281\/281
|-fieldstart|move: Psychic Terrain|[from] ability: Psychic Surge|[of] p1a: Tapu Lele
|move|p2a: Amoonguss|Spore|p1a: Tapu Lele
|-status|p1a: Tapu Lele|slp
|
|-heal|p2a: Amoonguss|352\/432 par|[from] item: Black Sludge
|upkeep
|turn|10
|choice|*switch 4|*
|inactive|DannyDjcb tiene 135 segundos restantes.
|choice|*move 1|*
|choice|*move 1|*
|choice|*|*switch 6
|choice|move psychic|switch 6
|
|switch|p2a: Greninja|Greninja, M|285\/285
|cant|p1a: Tapu Lele|slp
|
|upkeep
|turn|11
|choice|*|*switch 4
|choice|*move 2|*
|choice|move moonblast|switch 4
|
|switch|p2a: Latios|Latios, M, shiny|239\/301
|-curestatus|p1a: Tapu Lele|slp|[msg]
|move|p1a: Tapu Lele|Moonblast|p2a: Latios
|-supereffective|p2a: Latios
|-damage|p2a: Latios|0 fnt
|faint|p2a: Latios
|
|upkeep
|choice|*|*switch 5
|choice||switch 5
|
|switch|p2a: Tapu Koko|Tapu Koko|281\/281
|-fieldstart|move: Electric Terrain|[from] ability: Electric Surge|[of] p2a: Tapu Koko
|turn|12
|choice|*move 2|*
|choice|*|*move 4
|choice|move moonblast|move hiddenpower
|
|move|p1a: Tapu Lele|Moonblast|p2a: Tapu Koko
|-damage|p2a: Tapu Koko|52\/281
|move|p2a: Tapu Koko|Hidden Power|p1a: Tapu Lele
|-damage|p1a: Tapu Lele|225\/281
|
|upkeep
|turn|13
|choice|*move 2|*
|choice|*|*switch 2
|choice|move moonblast|switch 2
|
|switch|p2a: Skarmory|Skarmory, M|333\/333
|move|p1a: Tapu Lele|Moonblast|p2a: Skarmory
|-resisted|p2a: Skarmory
|-damage|p2a: Skarmory|221\/333
|-unboost|p2a: Skarmory|spa|1
|
|-heal|p2a: Skarmory|241\/333|[from] item: Leftovers
|upkeep
|turn|14
|choice|*switch 3|*
|choice|*|*move 2
|choice|switch 3|move spikes
|
|switch|p1a: Infernape|Infernape, F|264\/293
|move|p2a: Skarmory|Spikes|p1a: Infernape
|-sidestart|p1: AdderJo|Spikes
|
|-heal|p2a: Skarmory|261\/333|[from] item: Leftovers
|upkeep
|turn|15
|choice|*move 3|*
|choice|*|*switch 4
|choice|move overheat|switch 4
|
|switch|p2a: Greninja|Greninja, M|285\/285
|move|p1a: Infernape|Overheat|p2a: Greninja
|-resisted|p2a: Greninja
|-damage|p2a: Greninja|154\/285
|-unboost|p1a: Infernape|spa|2
|-damage|p1a: Infernape|235\/293|[from] item: Life Orb
|
|upkeep
|turn|16
|choice|*move 4|*
|choice|*|*move 1
|choice|*|*move 3
|choice|*switch 3|*
|choice|switch 3|move watershuriken
|
|switch|p1a: Tapu Lele|Tapu Lele|225\/281
|-damage|p1a: Tapu Lele|190\/281|[from] Spikes
|-fieldstart|move: Psychic Terrain|[from] ability: Psychic Surge|[of] p1a: Tapu Lele
|move|p2a: Greninja|Water Shuriken|p1a: Tapu Lele
|-activate|p1a: Tapu Lele|move: Psychic Terrain
|
|upkeep
|turn|17
|choice|*move 2|*
|choice|*|*switch 4
|choice|move moonblast|switch 4
|
|switch|p2a: Skarmory|Skarmory, M|261\/333
|move|p1a: Tapu Lele|Moonblast|p2a: Skarmory
|-resisted|p2a: Skarmory
|-damage|p2a: Skarmory|156\/333
|
|-heal|p2a: Skarmory|176\/333|[from] item: Leftovers
|upkeep
|turn|18
|choice|*switch 6|*
|choice|*|*move 2
|choice|switch 6|move spikes
|
|switch|p1a: Landorus|Landorus-Therian, M|381\/381
|-ability|p1a: Landorus|Intimidate|boost
|-unboost|p2a: Skarmory|atk|1
|move|p2a: Skarmory|Spikes|p1a: Landorus
|-sidestart|p1: AdderJo|Spikes
|
|-heal|p2a: Skarmory|196\/333|[from] item: Leftovers
|upkeep
|turn|19
|choice|*move 2|*
|choice|*|*move 3
|choice|move defog|move roost
|
|move|p1a: Landorus|Defog|p2a: Skarmory
|-unboost|p2a: Skarmory|evasion|1
|-sideend|p1: AdderJo|Spikes|[from] move: Defog|[of] p1a: Landorus
|move|p2a: Skarmory|Roost|p2a: Skarmory
|-heal|p2a: Skarmory|333\/333
|
|upkeep
|turn|20
|choice|*|*move 2
|choice|*switch 5|*
|choice|switch 5|move spikes
|
|switch|p1a: Greninja|Greninja, M|146\/285
|move|p2a: Skarmory|Spikes|p1a: Greninja
|-sidestart|p1: AdderJo|Spikes
|
|-fieldend|move: Psychic Terrain
|upkeep
|turn|21
|choice|*move 1 zmove|*
|choice|*|*move 2
|choice|move hydropump zmove|move spikes
|
|-zpower|p1a: Greninja
|move|p1a: Greninja|Hydro Vortex|p2a: Skarmory|[zeffect]
|-start|p1a: Greninja|typechange|Water|[from] Protean
|-ability|p2a: Skarmory|Sturdy
|-damage|p2a: Skarmory|1\/333
|move|p2a: Skarmory|Spikes|p1a: Greninja
|-sidestart|p1: AdderJo|Spikes
|
|-heal|p2a: Skarmory|21\/333|[from] item: Leftovers
|upkeep
|turn|22
|choice|*move 2|*
|choice|*|*switch 6
|choice|move icebeam|switch 6
|
|switch|p2a: Amoonguss|Amoonguss, F, shiny|432\/432 par
|move|p1a: Greninja|Ice Beam|p2a: Amoonguss
|-start|p1a: Greninja|typechange|Ice|[from] Protean
|-supereffective|p2a: Amoonguss
|-damage|p2a: Amoonguss|124\/432 par
|
|-heal|p2a: Amoonguss|151\/432 par|[from] item: Black Sludge
|upkeep
|turn|23
|choice|*move 2|*
|choice|*|*switch 4
|choice|move icebeam|switch 4
|
|switch|p2a: Greninja|Greninja, M|154\/285
|move|p1a: Greninja|Ice Beam|p2a: Greninja
|-resisted|p2a: Greninja
|-damage|p2a: Greninja|57\/285
|-status|p2a: Greninja|frz
|
|upkeep
|turn|24
|choice|*move 4|*
|inactive|DannyDjcb se desconectó y tiene un minuto para reconectarse!
|player|p2|
|choice|*move 2|*
|inactive|DannyDjcb tiene 20 segundos restantes!
|inactive|DannyDjcb tiene 15 segundos restantes!
|inactive|DannyDjcb tiene 10 segundos restantes!
|inactive|DannyDjcb tiene 5 segundos restantes!
|-message|DannyDjcb perdió por inactividad.
|
|win|AdderJo
AdderJo ha ganado 6.75 PokeDolares.
|raw|Puntaje de AdderJo: 1266 &rarr; <strong>1285<\/strong><br \/>(+19 por ganar)
|raw|Puntaje de DannyDjcb: 1182 &rarr; <strong>1164<\/strong><br \/>(-18 por perder)
</script>
</div>
<div class="battle-log battle-log-inline"><div class="inner"><div class="battle-options"></div><div class="inner"><div class=""><small>Format:</small> <br><strong>OU</strong></div><div class="rated"><strong>Rated battle</strong></div><div class=""><small><em>Cláusula-Mod de Dormir:</em> solo puedes dormir a uno de tus oponentes a la vez.</small></div><div class=""><small><em>Cláusula de Especie:</em> Hasta un Pokémon de cada especie</small></div><div class=""><small><em>Cláusula de Golpe Fulminante:</em> los movimientos fulminantes (OHKO) estan prohibidos</small></div><div class=""><small><em>Cláusula de Veleta:</em> la habilidad Veleta está prohibida</small></div><div class=""><small><em>Cláusula de Movimientos Evasivos:</em> los movimientos de Evasión están prohibidos.</small></div><div class=""><small><em>Cláusula de Batallas Eternas:</em> forzar batallas eternas está prohibido</small></div><div class="chat battle-history"><strong>AdderJo's team:</strong> <em style="color:#445566;display:block;">Beedrill / Infernape / Tapu Lele / Greninja / Chansey / Landorus-Therian</em></div><div class="chat battle-history"><strong>DannyDjcb's team:</strong> <em style="color:#445566;display:block;">Amoonguss / Skarmory / Lopunny / Greninja / Tapu Koko / Latios</em></div><div class="chat message-error">Reloj de batalla ENCENDIDO. El jugador inactivo será descalificado (solicitado por AdderJo).</div><div class="spacer battle-history"><br></div><div class="battle-history">Battle started between AdderJo and DannyDjcb!<br></div><div class="spacer battle-history"><br></div><div class="battle-history">Go! <strong>Infernape</strong>!<br></div><div class="spacer battle-history"><br></div><div class="battle-history">DannyDjcb sent out <strong>Greninja</strong>!<br></div><div class="spacer battle-history"><br></div><h2 class="battle-history">Turn 1</h2><div class="spacer battle-history"><br></div><div class="battle-history">DannyDjcb withdrew Greninja!<br></div><div class="battle-history">DannyDjcb sent out <strong>Latios</strong>!<br></div><div class="spacer battle-history"><br></div><div class="battle-history">Infernape used <strong>Mach Punch</strong>!<br></div><div class="battle-history"><small>It's not very effective...</small><br></div><div class="battle-history"><small>(The opposing Latios lost <abbr title="−62/301">20.6%</abbr> of its health!)</small><br></div><div class="battle-history"><small>Infernape lost some of its HP!</small><br></div><div class="spacer battle-history"><br></div><h2 class="battle-history">Turn 2</h2><div class="spacer battle-history"><br></div><div class="battle-history">Infernape, come back!<br></div><div class="battle-history">Go! <strong>Tapu Lele</strong>!<br></div><div class="battle-history"><small>[Tapu Lele's Psychic Surge]</small><br><small>The battlefield got weird!</small><br></div><div class="spacer battle-history"><br></div><div class="battle-history">The opposing Latios used <strong>Trick</strong>!<br></div><div class="battle-history"><small>The opposing Latios switched items with its target!</small><br></div><div class="battle-history"><small>Tapu Lele obtained one Choice Scarf.</small><br></div><div class="battle-history"><small>The opposing Latios obtained one Choice Scarf.</small><br></div><div class="spacer battle-history"><br></div><h2 class="battle-history">Turn 3</h2><div class="spacer battle-history"><br></div><div class="battle-history">DannyDjcb withdrew Latios!<br></div><div class="battle-history">DannyDjcb sent out <strong>Amoonguss</strong>!<br></div><div class="spacer battle-history"><br></div><div class="battle-history">Tapu Lele, come back!<br></div><div class="battle-history">Go! <strong>Greninja</strong>!<br></div><div class="spacer battle-history"><br></div><h2 class="battle-history">Turn 4</h2><div class="spacer battle-history"><br></div><div class="battle-history">Greninja used <strong>Extrasensory</strong>!<br></div><div class="spacer battle-history"><br></div><div class="battle-history"><small>[Greninja's Protean]</small><br><small>Greninja transformed into the Psychic type!</small><br></div><div class="battle-history"><small>It's super effective!</small><br></div><div class="battle-history"><small>(The opposing Amoonguss lost <abbr title="−402/432">93.1%</abbr> of its health!)</small><br></div><div class="spacer battle-history"><br></div><div class="battle-history">The opposing Amoonguss used <strong>Spore</strong>!<br></div><div class="battle-history"><small>Greninja fell asleep!</small><br></div><div class="spacer battle-history"><br></div><div class="battle-history"><small>The opposing Amoonguss restored a little HP using its Black Sludge!</small><br></div><div class="spacer battle-history"><br></div><h2 class="battle-history">Turn 5</h2><div class="spacer battle-history"><br></div><div class="battle-history">Greninja is fast asleep.<br></div><div class="spacer battle-history"><br></div><div class="battle-history">The opposing Amoonguss used <strong>Giga Drain</strong>!<br></div><div class="battle-history"><small>(Greninja lost <abbr title="−139/285">48.8%</abbr> of its health!)</small><br></div><div class="battle-history"><small>Greninja had its energy drained!</small><br></div><div class="spacer battle-history"><br></div><div class="battle-history"><small>The opposing Amoonguss restored a little HP using its Black Sludge!</small><br></div><div class="spacer battle-history"><br></div><h2 class="battle-history">Turn 6</h2><div class="spacer battle-history"><br></div><div class="battle-history">DannyDjcb withdrew Amoonguss!<br></div><div class="battle-history">DannyDjcb sent out <strong>Greninja</strong>!<br></div><div class="battle-history"><small>Greninja woke up!</small><br></div><div class="spacer battle-history"><br></div><div class="battle-history">Greninja used <strong>Extrasensory</strong>!<br></div><div class="battle-history"><small>It doesn't affect the opposing Greninja...</small><br></div><div class="spacer battle-history"><br></div><div class="battle-history"><small>The weirdness disappeared from the battlefield!</small><br></div><div class="spacer battle-history"><br></div><h2 class="battle-history">Turn 7</h2><div class="spacer battle-history"><br></div><div class="battle-history">Greninja, come back!<br></div><div class="battle-history">Go! <strong>Chansey</strong>!<br></div><div class="spacer battle-history"><br></div><div class="battle-history">The opposing Greninja used <strong>Water Shuriken</strong>!<br></div><div class="battle-history"><small>(Chansey lost <abbr title="−21/703">3.0%</abbr> of its health!)</small><br></div><div class="battle-history"><small>(Chansey lost <abbr title="−24/703">3.4%</abbr> of its health!)</small><br></div><div class="battle-history"><small>(Chansey lost <abbr title="−24/703">3.4%</abbr> of its health!)</small><br></div><div class="battle-history"><small>Hit 3 times!</small><br></div><div class="spacer battle-history"><br></div><h2 class="battle-history">Turn 8</h2><div class="spacer battle-history"><br></div><div class="battle-history">DannyDjcb withdrew Greninja!<br></div><div class="battle-history">DannyDjcb sent out <strong>Amoonguss</strong>!<br></div><div class="spacer battle-history"><br></div><div class="battle-history">Chansey used <strong>Thunder Wave</strong>!<br></div><div class="battle-history"><small>The opposing Amoonguss is paralyzed! It may be unable to move!</small><br></div><div class="spacer battle-history"><br></div><div class="battle-history"><small>The opposing Amoonguss restored a little HP using its Black Sludge!</small><br></div><div class="spacer battle-history"><br></div><h2 class="battle-history">Turn 9</h2><div class="spacer battle-history"><br></div><div class="battle-history">Chansey, come back!<br></div><div class="battle-history">Go! <strong>Tapu Lele</strong>!<br></div><div class="battle-history"><small>[Tapu Lele's Psychic Surge]</small><br><small>The battlefield got weird!</small><br></div><div class="spacer battle-history"><br></div><div class="battle-history">The opposing Amoonguss used <strong>Spore</strong>!<br></div><div class="battle-history"><small>Tapu Lele fell asleep!</small><br></div><div class="spacer battle-history"><br></div><div class="battle-history"><small>The opposing Amoonguss restored a little HP using its Black Sludge!</small><br></div><div class="spacer battle-history"><br></div><h2 class="battle-history">Turn 10</h2><div class="chat message-error">DannyDjcb tiene 135 segundos restantes.</div><div class="spacer battle-history"><br></div><div class="battle-history">DannyDjcb withdrew Amoonguss!<br></div><div class="battle-history">DannyDjcb sent out <strong>Greninja</strong>!<br></div><div class="spacer battle-history"><br></div><div class="battle-history">Tapu Lele is fast asleep.<br></div><div class="spacer battle-history"><br></div><h2 class="battle-history">Turn 11</h2><div class="spacer battle-history"><br></div><div class="battle-history">DannyDjcb withdrew Greninja!<br></div><div class="battle-history">DannyDjcb sent out <strong>Latios</strong>!<br></div><div class="battle-history"><small>Tapu Lele woke up!</small><br></div><div class="spacer battle-history"><br></div><div class="battle-history">Tapu Lele used <strong>Moonblast</strong>!<br></div><div class="battle-history"><small>It's super effective!</small><br></div><div class="battle-history"><small>(The opposing Latios lost <abbr title="−239/301">79.4%</abbr> of its health!)</small><br></div><div class="spacer battle-history"><br></div><div class="battle-history">The opposing Latios fainted!<br></div><div class="spacer battle-history"><br></div><div class="battle-history">DannyDjcb sent out <strong>Tapu Koko</strong>!<br></div><div class="battle-history"><small>[The opposing Tapu Koko's Electric Surge]</small><br><small>An electric current runs across the battlefield!</small><br></div><div class="spacer battle-history"><br></div><h2 class="battle-history">Turn 12</h2><div class="spacer battle-history"><br></div><div class="battle-history">Tapu Lele used <strong>Moonblast</strong>!<br></div><div class="battle-history"><small>(The opposing Tapu Koko lost <abbr title="−229/281">81.5%</abbr> of its health!)</small><br></div><div class="spacer battle-history"><br></div><div class="battle-history">The opposing Tapu Koko used <strong>Hidden Power</strong>!<br></div><div class="battle-history"><small>(Tapu Lele lost <abbr title="−56/281">19.9%</abbr> of its health!)</small><br></div><div class="spacer battle-history"><br></div><h2 class="battle-history">Turn 13</h2><div class="spacer battle-history"><br></div><div class="battle-history">DannyDjcb withdrew Tapu Koko!<br></div><div class="battle-history">DannyDjcb sent out <strong>Skarmory</strong>!<br></div><div class="spacer battle-history"><br></div><div class="battle-history">Tapu Lele used <strong>Moonblast</strong>!<br></div><div class="battle-history"><small>It's not very effective...</small><br></div><div class="battle-history"><small>(The opposing Skarmory lost <abbr title="−112/333">33.6%</abbr> of its health!)</small><br></div><div class="battle-history"><small>The opposing Skarmory's Special Attack fell!</small><br></div><div class="spacer battle-history"><br></div><div class="battle-history"><small>The opposing Skarmory restored a little HP using its Leftovers!</small><br></div><div class="spacer battle-history"><br></div><h2 class="battle-history">Turn 14</h2><div class="spacer battle-history"><br></div><div class="battle-history">Tapu Lele, come back!<br></div><div class="battle-history">Go! <strong>Infernape</strong>!<br></div><div class="spacer battle-history"><br></div><div class="battle-history">The opposing Skarmory used <strong>Spikes</strong>!<br></div><div class="battle-history"><small>Spikes were scattered on the ground all around your team!</small><br></div><div class="spacer battle-history"><br></div><div class="battle-history"><small>The opposing Skarmory restored a little HP using its Leftovers!</small><br></div><div class="spacer battle-history"><br></div><h2 class="battle-history">Turn 15</h2><div class="spacer battle-history"><br></div><div class="battle-history">DannyDjcb withdrew Skarmory!<br></div><div class="battle-history">DannyDjcb sent out <strong>Greninja</strong>!<br></div><div class="spacer battle-history"><br></div><div class="battle-history">Infernape used <strong>Overheat</strong>!<br></div><div class="battle-history"><small>It's not very effective...</small><br></div><div class="battle-history"><small>(The opposing Greninja lost <abbr title="−131/285">46.0%</abbr> of its health!)</small><br></div><div class="battle-history"><small>Infernape's Special Attack fell harshly!</small><br></div><div class="battle-history"><small>Infernape lost some of its HP!</small><br></div><div class="spacer battle-history"><br></div><h2 class="battle-history">Turn 16</h2><div class="spacer battle-history"><br></div><div class="battle-history">Infernape, come back!<br></div><div class="battle-history">Go! <strong>Tapu Lele</strong>!<br></div><div class="battle-history"><small>Tapu Lele is hurt by the spikes!</small><br></div><div class="battle-history"><small>[Tapu Lele's Psychic Surge]</small><br><small>The battlefield got weird!</small><br></div><div class="spacer battle-history"><br></div><div class="battle-history">The opposing Greninja used <strong>Water Shuriken</strong>!<br></div><div class="battle-history"><small>Tapu Lele surrounds itself with psychic terrain!</small><br></div><div class="spacer battle-history"><br></div><h2 class="battle-history">Turn 17</h2><div class="spacer battle-history"><br></div><div class="battle-history">DannyDjcb withdrew Greninja!<br></div><div class="battle-history">DannyDjcb sent out <strong>Skarmory</strong>!<br></div><div class="spacer battle-history"><br></div><div class="battle-history">Tapu Lele used <strong>Moonblast</strong>!<br></div><div class="battle-history"><small>It's not very effective...</small><br></div><div class="battle-history"><small>(The opposing Skarmory lost <abbr title="−105/333">31.5%</abbr> of its health!)</small><br></div><div class="spacer battle-history"><br></div><div class="battle-history"><small>The opposing Skarmory restored a little HP using its Leftovers!</small><br></div><div class="spacer battle-history"><br></div><h2 class="battle-history">Turn 18</h2><div class="spacer battle-history"><br></div><div class="battle-history">Tapu Lele, come back!<br></div><div class="battle-history">Go! Landorus (<strong>Landorus-Therian</strong>)!<br></div><div class="battle-history"><small>[Landorus's Intimidate]</small><br></div><div class="battle-history"><small>The opposing Skarmory's Attack fell!</small><br></div><div class="spacer battle-history"><br></div><div class="battle-history">The opposing Skarmory used <strong>Spikes</strong>!<br></div><div class="battle-history"><small>Spikes were scattered on the ground all around your team!</small><br></div><div class="spacer battle-history"><br></div><div class="battle-history"><small>The opposing Skarmory restored a little HP using its Leftovers!</small><br></div><div class="spacer battle-history"><br></div><h2 class="battle-history">Turn 19</h2><div class="spacer battle-history"><br></div><div class="battle-history">Landorus used <strong>Defog</strong>!<br></div><div class="battle-history"><small>The opposing Skarmory's evasiveness fell!</small><br></div><div class="battle-history"><small>The spikes disappeared from the ground around your team!</small><br></div><div class="spacer battle-history"><br></div><div class="battle-history">The opposing Skarmory used <strong>Roost</strong>!<br></div><div class="battle-history"><small>The opposing Skarmory restored its HP.</small><br></div><div class="spacer battle-history"><br></div><h2 class="battle-history">Turn 20</h2><div class="spacer battle-history"><br></div><div class="battle-history">Landorus, come back!<br></div><div class="battle-history">Go! <strong>Greninja</strong>!<br></div><div class="spacer battle-history"><br></div><div class="battle-history">The opposing Skarmory used <strong>Spikes</strong>!<br></div><div class="battle-history"><small>Spikes were scattered on the ground all around your team!</small><br></div><div class="spacer battle-history"><br></div><div class="battle-history"><small>The weirdness disappeared from the battlefield!</small><br></div><div class="spacer battle-history"><br></div><h2 class="battle-history">Turn 21</h2><div class="spacer battle-history"><br></div><div class="battle-history"><small>Greninja surrounded itself with its Z-Power!</small><br></div><div class="spacer battle-history"><br></div><div class="battle-history">Greninja used <strong>Hydro Vortex</strong>!<br></div><div class="spacer battle-history"><br></div><div class="battle-history"><small>[Greninja's Protean]</small><br><small>Greninja transformed into the Water type!</small><br></div><div class="battle-history"><small>[The opposing Skarmory's Sturdy]</small><br><small>The opposing Skarmory endured the hit!</small><br></div><div class="battle-history"><small>(The opposing Skarmory lost <abbr title="−332/333">99.7%</abbr> of its health!)</small><br></div><div class="spacer battle-history"><br></div><div class="battle-history">The opposing Skarmory used <strong>Spikes</strong>!<br></div><div class="battle-history"><small>Spikes were scattered on the ground all around your team!</small><br></div><div class="spacer battle-history"><br></div><div class="battle-history"><small>The opposing Skarmory restored a little HP using its Leftovers!</small><br></div><div class="spacer battle-history"><br></div><h2 class="battle-history">Turn 22</h2><div class="spacer battle-history"><br></div><div class="battle-history">DannyDjcb withdrew Skarmory!<br></div><div class="battle-history">DannyDjcb sent out <strong>Amoonguss</strong>!<br></div><div class="spacer battle-history"><br></div><div class="battle-history">Greninja used <strong>Ice Beam</strong>!<br></div><div class="spacer battle-history"><br></div><div class="battle-history"><small>[Greninja's Protean]</small><br><small>Greninja transformed into the Ice type!</small><br></div><div class="battle-history"><small>It's super effective!</small><br></div><div class="battle-history"><small>(The opposing Amoonguss lost <abbr title="−308/432">71.3%</abbr> of its health!)</small><br></div><div class="spacer battle-history"><br></div><div class="battle-history"><small>The opposing Amoonguss restored a little HP using its Black Sludge!</small><br></div><div class="spacer battle-history"><br></div><h2 class="battle-history">Turn 23</h2><div class="spacer battle-history"><br></div><div class="battle-history">DannyDjcb withdrew Amoonguss!<br></div><div class="battle-history">DannyDjcb sent out <strong>Greninja</strong>!<br></div><div class="spacer battle-history"><br></div><div class="battle-history">Greninja used <strong>Ice Beam</strong>!<br></div><div class="battle-history"><small>It's not very effective...</small><br></div><div class="battle-history"><small>(The opposing Greninja lost <abbr title="−97/285">34.0%</abbr> of its health!)</small><br></div><div class="battle-history"><small>The opposing Greninja was frozen solid!</small><br></div><div class="spacer battle-history"><br></div><h2 class="battle-history">Turn 24</h2><div class="chat message-error">DannyDjcb se desconectó y tiene un minuto para reconectarse!</div><div class="chat message-error">DannyDjcb tiene 20 segundos restantes!</div><div class="chat message-error">DannyDjcb tiene 15 segundos restantes!</div><div class="chat message-error">DannyDjcb tiene 10 segundos restantes!</div><div class="chat message-error">DannyDjcb tiene 5 segundos restantes!</div><div class="spacer battle-history"><br></div><div class="battle-history"><small>DannyDjcb perdió por inactividad.</small><br></div><div class="spacer battle-history"><br></div><div class="battle-history"><strong>AdderJo</strong> won the battle!<br></div><div class="chat">AdderJo ha ganado 6.75 PokeDolares.</div><div class="chat">Puntaje de AdderJo: 1266 → <strong>1285</strong><br>(+19 por ganar)</div><div class="chat">Puntaje de DannyDjcb: 1182 → <strong>1164</strong><br>(-18 por perder)</div></div><div class="inner-preempt"></div></div></div>
</div>
<script>
let daily = Math.floor(Date.now()/1000/60/60/24);document.write('<script src="https://play.pokemonshowdown.com/js/replay-embed.js?version'+daily+'"></'+'script>');
</script>
