<!DOCTYPE html>
<meta charset="utf-8" />
<!-- version 1 -->
<title>OU replay: darguacristhian vs. zatum</title>
<style>
html,body {font-family:Verdana, sans-serif;font-size:10pt;margin:0;padding:0;}body{padding:12px 0;} .battle-log {font-family:Verdana, sans-serif;font-size:10pt;} .battle-log-inline {border:1px solid #AAAAAA;background:#EEF2F5;color:black;max-width:640px;margin:0 auto 80px;padding-bottom:5px;} .battle-log .inner {padding:4px 8px 0px 8px;} .battle-log .inner-preempt {padding:0 8px 4px 8px;} .battle-log .inner-after {margin-top:0.5em;} .battle-log h2 {margin:0.5em -8px;padding:4px 8px;border:1px solid #AAAAAA;background:#E0E7EA;border-left:0;border-right:0;font-family:Verdana, sans-serif;font-size:13pt;} .battle-log .chat {vertical-align:middle;padding:3px 0 3px 0;font-size:8pt;} .battle-log .chat strong {color:#40576A;} .battle-log .chat em {padding:1px 4px 1px 3px;color:#000000;font-style:normal;} .chat.mine {background:rgba(0,0,0,0.05);margin-left:-8px;margin-right:-8px;padding-left:8px;padding-right:8px;} .spoiler {color:#BBBBBB;background:#BBBBBB;padding:0px 3px;} .spoiler:hover, .spoiler:active, .spoiler-shown {color:#000000;background:#E2E2E2;padding:0px 3px;} .spoiler a {color:#BBBBBB;} .spoiler:hover a, .spoiler:active a, .spoiler-shown a {color:#2288CC;} .chat code, .chat .spoiler:hover code, .chat .spoiler:active code, .chat .spoiler-shown code {border:1px solid #C0C0C0;background:#EEEEEE;color:black;padding:0 2px;} .chat .spoiler code {border:1px solid #CCCCCC;background:#CCCCCC;color:#CCCCCC;} .battle-log .rated {padding:3px 4px;} .battle-log .rated strong {color:white;background:#89A;padding:1px 4px;border-radius:4px;} .spacer {margin-top:0.5em;} .message-announce {background:#6688AA;color:white;padding:1px 4px 2px;} .message-announce a, .broadcast-green a, .broadcast-blue a, .broadcast-red a {color:#DDEEFF;} .broadcast-green {background-color:#559955;color:white;padding:2px 4px;} .broadcast-blue {background-color:#6688AA;color:white;padding:2px 4px;} .infobox {border:1px solid #6688AA;padding:2px 4px;} .infobox-limited {max-height:200px;overflow:auto;overflow-x:hidden;} .broadcast-red {background-color:#AA5544;color:white;padding:2px 4px;} .message-learn-canlearn {font-weight:bold;color:#228822;text-decoration:underline;} .message-learn-cannotlearn {font-weight:bold;color:#CC2222;text-decoration:underline;} .message-effect-weak {font-weight:bold;color:#CC2222;} .message-effect-resist {font-weight:bold;color:#6688AA;} .message-effect-immune {font-weight:bold;color:#666666;} .message-learn-list {margin-top:0;margin-bottom:0;} .message-throttle-notice, .message-error {color:#992222;} .message-overflow, .chat small.message-overflow {font-size:0pt;} .message-overflow::before {font-size:9pt;content:'...';} .subtle {color:#3A4A66;}
</style>
<div class="wrapper replay-wrapper" style="max-width:1180px;margin:0 auto">
<input type="hidden" name="replayid" value="destiny-ou-567383" />
<div class="battle"></div><div class="battle-log"></div><div class="replay-controls"></div><div class="replay-controls-2"></div>
<h1 style="font-weight:normal;text-align:center"><strong>OU</strong><br /><a href="http://pokemonshowdown.com/users/darguacristhian" class="subtle" target="_blank">darguacristhian</a> vs. <a href="http://pokemonshowdown.com/users/zatum" class="subtle" target="_blank">zatum</a></h1>
<script type="text/plain" class="battle-log-data">|player|p1|darguacristhian|66
|teamsize|p1|6
|player|p2|zatum|293
|teamsize|p2|6
|teamsize|p1|6
|teamsize|p2|6
|gametype|singles
|gen|7
|tier|OU
|seed|5378,20575,18045,43495
|rule|Cláusula-Mod de Dormir: solo puedes dormir a uno de tus oponentes a la vez.
|rule|Cláusula de Especie: Hasta un Pokémon de cada especie
|rule|Cláusula de Golpe Fulminante: los movimientos fulminantes (OHKO) estan prohibidos
|rule|Cláusula de Veleta: la habilidad Veleta está prohibida
|rule|Cláusula de Movimientos Evasivos: los movimientos de Evasión están prohibidos.
|rule|Cláusula de Batallas Eternas: forzar batallas eternas está prohibido
|clearpoke
|poke|p1|Alakazam, M|item
|poke|p1|Gliscor, M|item
|poke|p1|Tapu Lele|item
|poke|p1|Heatran, F|item
|poke|p1|Kartana|item
|poke|p1|Blacephalon|item
|poke|p2|Ferrothorn, M|item
|poke|p2|Chansey, F|item
|poke|p2|Zapdos|item
|poke|p2|Mimikyu, M, shiny|item
|poke|p2|Landorus-Therian, M|item
|poke|p2|Charizard, M|item
|teampreview|undefined
|choice|*team 423156|*
|c|☆zatum|Para probar UwU
|choice|*|*team 523416
|choice|team 4, 2, 3, 1, 5, 6|team 5, 2, 3, 4, 1, 6
|
|start
|switch|p1a: Heatran|Heatran, F|386\/386
|switch|p2a: Landorus|Landorus-Therian, M|319\/319
|-ability|p2a: Landorus|Intimidate|boost
|-unboost|p1a: Heatran|atk|1
|turn|1
|choice|*move 2|*
|choice|*|*move 2
|choice|move willowisp|move uturn
|
|move|p2a: Landorus|U-turn|p1a: Heatran
|-resisted|p1a: Heatran
|-damage|p1a: Heatran|363\/386
|choice|*|*switch 2
|choice||switch 2
|
|switch|p2a: Chansey|Chansey, F|704\/704|[from]move: U-turn
|move|p1a: Heatran|Will-O-Wisp|p2a: Chansey
|-status|p2a: Chansey|brn
|
|-damage|p2a: Chansey|660\/704 brn|[from] brn
|upkeep
|turn|2
|choice|*|*move 3
|choice|*move 3|*
|choice|move stealthrock|move protect
|
|move|p2a: Chansey|Protect|p2a: Chansey
|-singleturn|p2a: Chansey|Protect
|move|p1a: Heatran|Stealth Rock|p2a: Chansey
|-sidestart|p2: zatum|move: Stealth Rock
|
|-damage|p2a: Chansey|616\/704 brn|[from] brn
|upkeep
|turn|3
|choice|*move 4|*
|choice|*|*switch 2
|choice|move earthquake|switch 2
|
|-curestatus|p2a: Chansey|brn|[from] ability: Natural Cure
|switch|p2a: Landorus|Landorus-Therian, M|319\/319
|-damage|p2a: Landorus|280\/319|[from] Stealth Rock
|-ability|p2a: Landorus|Intimidate|boost
|-unboost|p1a: Heatran|atk|1
|move|p1a: Heatran|Earthquake|p2a: Landorus
|-immune|p2a: Landorus|[msg]
|
|upkeep
|turn|4
|choice|*|*move 1
|choice|*switch 6|*
|choice|switch 6|move earthquake
|
|switch|p1a: Blacephalon|Blacephalon|247\/247
|move|p2a: Landorus|Earthquake|p1a: Blacephalon
|-supereffective|p1a: Blacephalon
|-damage|p1a: Blacephalon|0 fnt
|faint|p1a: Blacephalon
|
|upkeep
|choice|*switch 3|*
|choice|switch 3|
|
|switch|p1a: Tapu Lele|Tapu Lele|343\/343
|-fieldstart|move: Psychic Terrain|[from] ability: Psychic Surge|[of] p1a: Tapu Lele
|turn|5
|choice|*move 1|*
|choice|*|*switch 2
|choice|*move 1|*
|choice|move moonblast|switch 2
|
|switch|p2a: Chansey|Chansey, F|616\/704
|-damage|p2a: Chansey|528\/704|[from] Stealth Rock
|move|p1a: Tapu Lele|Moonblast|p2a: Chansey
|-damage|p2a: Chansey|444\/704
|
|upkeep
|turn|6
|choice|*|*move 4
|choice|*move 2|*
|choice|move calmmind|move softboiled
|
|move|p1a: Tapu Lele|Calm Mind|p1a: Tapu Lele
|-boost|p1a: Tapu Lele|spa|1
|-boost|p1a: Tapu Lele|spd|1
|move|p2a: Chansey|Soft-Boiled|p2a: Chansey
|-heal|p2a: Chansey|704\/704
|
|upkeep
|turn|7
|choice|*|*move 1
|choice|*move 2|*
|choice|move calmmind|move toxic
|
|move|p1a: Tapu Lele|Calm Mind|p1a: Tapu Lele
|-boost|p1a: Tapu Lele|spa|1
|-boost|p1a: Tapu Lele|spd|1
|move|p2a: Chansey|Toxic|p1a: Tapu Lele
|-status|p1a: Tapu Lele|tox
|
|-damage|p1a: Tapu Lele|322\/343 tox|[from] psn
|upkeep
|turn|8
|choice|*move 2|*
|choice|*|*move 2
|choice|move calmmind|move seismictoss
|
|move|p1a: Tapu Lele|Calm Mind|p1a: Tapu Lele
|-boost|p1a: Tapu Lele|spa|1
|-boost|p1a: Tapu Lele|spd|1
|move|p2a: Chansey|Seismic Toss|p1a: Tapu Lele
|-damage|p1a: Tapu Lele|222\/343 tox
|-enditem|p1a: Tapu Lele|Eject Button
|choice|*switch 2|*
|choice|switch 2|
|
|switch|p1a: Gliscor|Gliscor, M|337\/337
|
|-status|p1a: Gliscor|tox|[from] item: Toxic Orb
|upkeep
|turn|9
|choice|*move 1|*
|choice|*|*switch 2
|choice|move swordsdance|switch 2
|
|switch|p2a: Landorus|Landorus-Therian, M|280\/319
|-damage|p2a: Landorus|241\/319|[from] Stealth Rock
|-ability|p2a: Landorus|Intimidate|boost
|-unboost|p1a: Gliscor|atk|1
|move|p1a: Gliscor|Swords Dance|p1a: Gliscor
|-boost|p1a: Gliscor|atk|2
|
|-fieldend|move: Psychic Terrain
|upkeep
|turn|10
|choice|*move 3|*
|choice|*|*move 3
|choice|move firefang|move defog
|
|move|p2a: Landorus|Defog|p1a: Gliscor
|-unboost|p1a: Gliscor|evasion|1
|-sideend|p2: zatum|Stealth Rock|[from] move: Defog|[of] p2a: Landorus
|move|p1a: Gliscor|Fire Fang|p2a: Landorus
|-damage|p2a: Landorus|133\/319
|
|upkeep
|turn|11
|choice|*|*switch 6
|choice|*move 3|*
|choice|move firefang|switch 6
|
|switch|p2a: Charizard|Charizard, M|297\/297
|move|p1a: Gliscor|Fire Fang|p2a: Charizard
|-resisted|p2a: Charizard
|-damage|p2a: Charizard|233\/297
|
|upkeep
|turn|12
|choice|*|*move 1
|choice|*move 4|*
|choice|move stoneedge|move dragondance
|
|move|p2a: Charizard|Dragon Dance|p2a: Charizard
|-boost|p2a: Charizard|atk|1
|-boost|p2a: Charizard|spe|1
|move|p1a: Gliscor|Stone Edge|p2a: Charizard
|-supereffective|p2a: Charizard
|-damage|p2a: Charizard|0 fnt
|faint|p2a: Charizard
|
|upkeep
|choice|*|*switch 4
|choice||switch 4
|
|switch|p2a: Mimikyu|Mimikyu, M, shiny|251\/251
|turn|13
|choice|*|*move 1
|choice|*move 3|*
|choice|move firefang|move swordsdance
|
|move|p2a: Mimikyu|Swords Dance|p2a: Mimikyu
|-boost|p2a: Mimikyu|atk|2
|move|p1a: Gliscor|Fire Fang|p2a: Mimikyu
|-activate|p2a: Mimikyu|ability: Disguise
|-damage|p2a: Mimikyu|251\/251
|-status|p2a: Mimikyu|brn
|detailschange|p2a: Mimikyu|Mimikyu-Busted, M, shiny
|
|-damage|p2a: Mimikyu|236\/251 brn|[from] brn
|upkeep
|turn|14
|choice|*move 1|*
|choice|*|*move 4 zmove
|choice|move swordsdance|move playrough zmove
|
|-zpower|p2a: Mimikyu
|move|p2a: Mimikyu|Let's Snuggle Forever|p1a: Gliscor|[zeffect]
|-damage|p1a: Gliscor|129\/337 tox
|move|p1a: Gliscor|Swords Dance|p1a: Gliscor
|-boost|p1a: Gliscor|atk|2
|
|-damage|p2a: Mimikyu|221\/251 brn|[from] brn
|-heal|p1a: Gliscor|171\/337 tox|[from] ability: Poison Heal
|upkeep
|turn|15
|choice|*|*move 4
|choice|*move 4|*
|choice|move stoneedge|move playrough
|
|move|p2a: Mimikyu|Play Rough|p1a: Gliscor
|-damage|p1a: Gliscor|66\/337 tox
|move|p1a: Gliscor|Stone Edge|p2a: Mimikyu
|-damage|p2a: Mimikyu|0 fnt
|faint|p2a: Mimikyu
|
|-heal|p1a: Gliscor|108\/337 tox|[from] ability: Poison Heal
|upkeep
|choice|*|*switch 3
|choice||switch 3
|
|switch|p2a: Zapdos|Zapdos|321\/321
|turn|16
|choice|*|*move 4
|choice|*move 2|*
|choice|move fling|move heatwave
|
|move|p1a: Gliscor|Fling|p2a: Zapdos
|-enditem|p1a: Gliscor|Toxic Orb|[from] move: Fling
|-damage|p2a: Zapdos|244\/321
|-status|p2a: Zapdos|tox
|move|p2a: Zapdos|Heat Wave|p1a: Gliscor
|-damage|p1a: Gliscor|0 fnt
|faint|p1a: Gliscor
|
|-heal|p2a: Zapdos|264\/321 tox|[from] item: Leftovers
|-damage|p2a: Zapdos|244\/321 tox|[from] psn
|upkeep
|choice|*switch 5|*
|choice|switch 5|
|
|switch|p1a: Kartana|Kartana|259\/259
|turn|17
|choice|*|*move 4
|choice|*move 2 zmove|*
|choice|move smartstrike zmove|move heatwave
|
|-zpower|p1a: Kartana
|move|p1a: Kartana|Corkscrew Crash|p2a: Zapdos|[zeffect]
|-resisted|p2a: Zapdos
|-damage|p2a: Zapdos|97\/321 tox
|move|p2a: Zapdos|Heat Wave|p1a: Kartana
|-supereffective|p1a: Kartana
|-damage|p1a: Kartana|0 fnt
|faint|p1a: Kartana
|
|-heal|p2a: Zapdos|117\/321 tox|[from] item: Leftovers
|-damage|p2a: Zapdos|77\/321 tox|[from] psn
|upkeep
|choice|*switch 4|*
|choice|switch 4|
|
|switch|p1a: Alakazam|Alakazam, M|251\/251
|turn|18
|choice|*|*move 3
|choice|*move 1|*
|choice|move psyshock|move toxic
|
|move|p1a: Alakazam|Psyshock|p2a: Zapdos
|-damage|p2a: Zapdos|0 fnt
|faint|p2a: Zapdos
|
|upkeep
|choice|*|*switch 2
|choice||switch 2
|
|switch|p2a: Chansey|Chansey, F|704\/704
|turn|19
|choice|*|*move 1
|choice|*move 2 mega|*
|choice|move calmmind mega|move toxic
|
|-mega|p1a: Alakazam|Alakazam|Alakazite
|detailschange|p1a: Alakazam|Alakazam-Mega, M
|-ability|p1a: Alakazam|Natural Cure|[from] ability: Trace|[of] p2a: Chansey
|move|p1a: Alakazam|Calm Mind|p1a: Alakazam
|-boost|p1a: Alakazam|spa|1
|-boost|p1a: Alakazam|spd|1
|move|p2a: Chansey|Toxic|p1a: Alakazam
|-status|p1a: Alakazam|tox
|
|-damage|p1a: Alakazam|236\/251 tox|[from] psn
|upkeep
|turn|20
|choice|*|*move 2
|choice|*move 2|*
|choice|move calmmind|move seismictoss
|
|move|p1a: Alakazam|Calm Mind|p1a: Alakazam
|-boost|p1a: Alakazam|spa|1
|-boost|p1a: Alakazam|spd|1
|move|p2a: Chansey|Seismic Toss|p1a: Alakazam
|-damage|p1a: Alakazam|136\/251 tox
|
|-damage|p1a: Alakazam|106\/251 tox|[from] psn
|upkeep
|turn|21
|choice|*move 1|*
|choice|*|*switch 5
|choice|move psyshock|switch 5
|
|switch|p2a: Ferrothorn|Ferrothorn, M|326\/326
|move|p1a: Alakazam|Psyshock|p2a: Ferrothorn
|-resisted|p2a: Ferrothorn
|-damage|p2a: Ferrothorn|203\/326
|
|-damage|p1a: Alakazam|61\/251 tox|[from] psn
|upkeep
|turn|22
|choice|*|*move 2
|choice|*switch 6|*
|choice|switch 6|move protect
|
|-curestatus|p1a: Alakazam|tox|[from] ability: Natural Cure
|switch|p1a: Heatran|Heatran, F|363\/386
|move|p2a: Ferrothorn|Protect|p2a: Ferrothorn
|-fail|p2a: Ferrothorn
|
|upkeep
|turn|23
|choice|*move 4|*
|choice|*|*move 2
|choice|move earthquake|move protect
|
|move|p2a: Ferrothorn|Protect|p2a: Ferrothorn
|-singleturn|p2a: Ferrothorn|Protect
|move|p1a: Heatran|Earthquake|p2a: Ferrothorn
|-activate|p2a: Ferrothorn|move: Protect
|
|upkeep
|turn|24
|choice|*|*switch 6
|choice|*move 4|*
|choice|move earthquake|switch 6
|
|switch|p2a: Landorus|Landorus-Therian, M|133\/319
|-ability|p2a: Landorus|Intimidate|boost
|-unboost|p1a: Heatran|atk|1
|move|p1a: Heatran|Earthquake|p2a: Landorus
|-immune|p2a: Landorus|[msg]
|
|upkeep
|turn|25
|choice|*|*move 1
|choice|*move 2|*
|choice|move willowisp|move earthquake
|
|move|p2a: Landorus|Earthquake|p1a: Heatran
|-supereffective|p1a: Heatran
|-damage|p1a: Heatran|0 fnt
|faint|p1a: Heatran
|
|upkeep
|choice|*switch 6|*
|choice|switch 6|
|
|switch|p1a: Alakazam|Alakazam-Mega, M|61\/251
|-ability|p1a: Alakazam|Intimidate|[from] ability: Trace|[of] p2a: Landorus
|-ability|p1a: Alakazam|Intimidate|boost
|-unboost|p2a: Landorus|atk|1
|turn|26
|choice|*|*switch 6
|choice|*move 1|*
|choice|move psyshock|switch 6
|
|switch|p2a: Ferrothorn|Ferrothorn, M|203\/326
|move|p1a: Alakazam|Psyshock|p2a: Ferrothorn
|-resisted|p2a: Ferrothorn
|-damage|p2a: Ferrothorn|148\/326
|
|upkeep
|turn|27
|choice|*|*move 1
|choice|*move 3|*
|choice|move focusblast|move leechseed
|
|move|p1a: Alakazam|Focus Blast|p2a: Ferrothorn
|-supereffective|p2a: Ferrothorn
|-damage|p2a: Ferrothorn|0 fnt
|faint|p2a: Ferrothorn
|
|upkeep
|choice|*|*switch 5
|choice||switch 5
|
|switch|p2a: Chansey|Chansey, F|704\/704
|turn|28
|choice|*|*move 2
|choice|*switch 2|*
|choice|switch 2|move seismictoss
|
|switch|p1a: Tapu Lele|Tapu Lele|222\/343 tox
|-fieldstart|move: Psychic Terrain|[from] ability: Psychic Surge|[of] p1a: Tapu Lele
|move|p2a: Chansey|Seismic Toss|p1a: Tapu Lele
|-damage|p1a: Tapu Lele|122\/343 tox
|
|-damage|p1a: Tapu Lele|101\/343 tox|[from] psn
|upkeep
|turn|29
|choice|*|*move 2
|choice|*move 3|*
|choice|move psyshock|move seismictoss
|
|move|p1a: Tapu Lele|Psyshock|p2a: Chansey
|-damage|p2a: Chansey|0 fnt
|faint|p2a: Chansey
|
|-damage|p1a: Tapu Lele|59\/343 tox|[from] psn
|upkeep
|choice|*|*switch 6
|choice||switch 6
|
|switch|p2a: Landorus|Landorus-Therian, M|133\/319
|-ability|p2a: Landorus|Intimidate|boost
|-unboost|p1a: Tapu Lele|atk|1
|turn|30
|choice|*|*move 1
|choice|*move 3|*
|choice|move psyshock|move earthquake
|
|move|p2a: Landorus|Earthquake|p1a: Tapu Lele
|-damage|p1a: Tapu Lele|0 fnt
|faint|p1a: Tapu Lele
|
|upkeep
|choice|*switch 2|*
|choice|switch 2|
|
|switch|p1a: Alakazam|Alakazam-Mega, M|61\/251
|-ability|p1a: Alakazam|Intimidate|[from] ability: Trace|[of] p2a: Landorus
|-ability|p1a: Alakazam|Intimidate|boost
|-unboost|p2a: Landorus|atk|1
|turn|31
|choice|*|*move 1
|choice|*move 1|*
|choice|move psyshock|move earthquake
|
|move|p1a: Alakazam|Psyshock|p2a: Landorus
|-damage|p2a: Landorus|0 fnt
|faint|p2a: Landorus
|
|win|darguacristhian
</script>
</div>
<div class="battle-log battle-log-inline"><div class="inner"><div class="battle-options"></div><div class="inner"><div class=""><small>Format:</small> <br><strong>OU</strong></div><div class=""><small><em>Cláusula-Mod de Dormir:</em> solo puedes dormir a uno de tus oponentes a la vez.</small></div><div class=""><small><em>Cláusula de Especie:</em> Hasta un Pokémon de cada especie</small></div><div class=""><small><em>Cláusula de Golpe Fulminante:</em> los movimientos fulminantes (OHKO) estan prohibidos</small></div><div class=""><small><em>Cláusula de Veleta:</em> la habilidad Veleta está prohibida</small></div><div class=""><small><em>Cláusula de Movimientos Evasivos:</em> los movimientos de Evasión están prohibidos.</small></div><div class=""><small><em>Cláusula de Batallas Eternas:</em> forzar batallas eternas está prohibido</small></div><div class="chat battle-history"><strong>darguacristhian's team:</strong> <em style="color:#445566;display:block;">Alakazam / Gliscor / Tapu Lele / Heatran / Kartana / Blacephalon</em></div><div class="chat battle-history"><strong>zatum's team:</strong> <em style="color:#445566;display:block;">Ferrothorn / Chansey / Zapdos / Mimikyu / Landorus-Therian / Charizard</em></div><div class="chat chatmessage-zatum"><strong style="color:hsl(181,49%,38.666666666666664%)"><small>☆</small><span class="username" data-name="zatum">zatum</span>:</strong> <em>Para probar UwU</em></div><div class="spacer battle-history"><br></div><div class="battle-history">Battle started between darguacristhian and zatum!<br></div><div class="spacer battle-history"><br></div><div class="battle-history">Go! <strong>Heatran</strong>!<br></div><div class="spacer battle-history"><br></div><div class="battle-history">zatum sent out Landorus (<strong>Landorus-Therian</strong>)!<br></div><div class="battle-history"><small>[The opposing Landorus's Intimidate]</small><br></div><div class="battle-history"><small>Heatran's Attack fell!</small><br></div><div class="spacer battle-history"><br></div><h2 class="battle-history">Turn 1</h2><div class="spacer battle-history"><br></div><div class="battle-history">The opposing Landorus used <strong>U-turn</strong>!<br></div><div class="battle-history"><small>It's not very effective...</small><br></div><div class="battle-history"><small>(Heatran lost <abbr title="−23/386">6.0%</abbr> of its health!)</small><br></div><div class="spacer battle-history"><br></div><div class="battle-history">The opposing Landorus went back to zatum!<br></div><div class="battle-history">zatum sent out <strong>Chansey</strong>!<br></div><div class="spacer battle-history"><br></div><div class="battle-history">Heatran used <strong>Will-O-Wisp</strong>!<br></div><div class="battle-history"><small>The opposing Chansey was burned!</small><br></div><div class="spacer battle-history"><br></div><div class="battle-history"><small>The opposing Chansey was hurt by its burn!</small><br></div><div class="spacer battle-history"><br></div><h2 class="battle-history">Turn 2</h2><div class="spacer battle-history"><br></div><div class="battle-history">The opposing Chansey used <strong>Protect</strong>!<br></div><div class="battle-history"><small>The opposing Chansey protected itself!</small><br></div><div class="spacer battle-history"><br></div><div class="battle-history">Heatran used <strong>Stealth Rock</strong>!<br></div><div class="battle-history"><small>Pointed stones float in the air around the opposing team!</small><br></div><div class="spacer battle-history"><br></div><div class="battle-history"><small>The opposing Chansey was hurt by its burn!</small><br></div><div class="spacer battle-history"><br></div><h2 class="battle-history">Turn 3</h2><div class="spacer battle-history"><br></div><div class="battle-history"><small>(The opposing Chansey is cured by its Natural Cure!)</small><br></div><div class="battle-history">zatum withdrew Chansey!<br></div><div class="battle-history">zatum sent out Landorus (<strong>Landorus-Therian</strong>)!<br></div><div class="battle-history"><small>Pointed stones dug into the opposing Landorus!</small><br></div><div class="battle-history"><small>[The opposing Landorus's Intimidate]</small><br></div><div class="battle-history"><small>Heatran's Attack fell!</small><br></div><div class="spacer battle-history"><br></div><div class="battle-history">Heatran used <strong>Earthquake</strong>!<br></div><div class="battle-history"><small>It doesn't affect the opposing Landorus...</small><br></div><div class="spacer battle-history"><br></div><h2 class="battle-history">Turn 4</h2><div class="spacer battle-history"><br></div><div class="battle-history">Heatran, come back!<br></div><div class="battle-history">Go! <strong>Blacephalon</strong>!<br></div><div class="spacer battle-history"><br></div><div class="battle-history">The opposing Landorus used <strong>Earthquake</strong>!<br></div><div class="battle-history"><small>It's super effective!</small><br></div><div class="battle-history"><small>(Blacephalon lost <abbr title="−247/247">100%</abbr> of its health!)</small><br></div><div class="spacer battle-history"><br></div><div class="battle-history">Blacephalon fainted!<br></div><div class="spacer battle-history"><br></div><div class="battle-history">Go! <strong>Tapu Lele</strong>!<br></div><div class="battle-history"><small>[Tapu Lele's Psychic Surge]</small><br><small>The battlefield got weird!</small><br></div><div class="spacer battle-history"><br></div><h2 class="battle-history">Turn 5</h2><div class="spacer battle-history"><br></div><div class="battle-history">zatum withdrew Landorus!<br></div><div class="battle-history">zatum sent out <strong>Chansey</strong>!<br></div><div class="battle-history"><small>Pointed stones dug into the opposing Chansey!</small><br></div><div class="spacer battle-history"><br></div><div class="battle-history">Tapu Lele used <strong>Moonblast</strong>!<br></div><div class="battle-history"><small>(The opposing Chansey lost <abbr title="−84/704">11.9%</abbr> of its health!)</small><br></div><div class="spacer battle-history"><br></div><h2 class="battle-history">Turn 6</h2><div class="spacer battle-history"><br></div><div class="battle-history">Tapu Lele used <strong>Calm Mind</strong>!<br></div><div class="battle-history"><small>Tapu Lele's Special Attack rose!</small><br></div><div class="battle-history"><small>Tapu Lele's Special Defense rose!</small><br></div><div class="spacer battle-history"><br></div><div class="battle-history">The opposing Chansey used <strong>Soft-Boiled</strong>!<br></div><div class="battle-history"><small>The opposing Chansey restored its HP.</small><br></div><div class="spacer battle-history"><br></div><h2 class="battle-history">Turn 7</h2><div class="spacer battle-history"><br></div><div class="battle-history">Tapu Lele used <strong>Calm Mind</strong>!<br></div><div class="battle-history"><small>Tapu Lele's Special Attack rose!</small><br></div><div class="battle-history"><small>Tapu Lele's Special Defense rose!</small><br></div><div class="spacer battle-history"><br></div><div class="battle-history">The opposing Chansey used <strong>Toxic</strong>!<br></div><div class="battle-history"><small>Tapu Lele was badly poisoned!</small><br></div><div class="spacer battle-history"><br></div><div class="battle-history"><small>Tapu Lele was hurt by poison!</small><br></div><div class="spacer battle-history"><br></div><h2 class="battle-history">Turn 8</h2><div class="spacer battle-history"><br></div><div class="battle-history">Tapu Lele used <strong>Calm Mind</strong>!<br></div><div class="battle-history"><small>Tapu Lele's Special Attack rose!</small><br></div><div class="battle-history"><small>Tapu Lele's Special Defense rose!</small><br></div><div class="spacer battle-history"><br></div><div class="battle-history">The opposing Chansey used <strong>Seismic Toss</strong>!<br></div><div class="battle-history"><small>(Tapu Lele lost <abbr title="−100/343">29.2%</abbr> of its health!)</small><br></div><div class="battle-history"><small>Tapu Lele is switched out with the Eject Button!</small><br></div><div class="spacer battle-history"><br></div><div class="battle-history">Tapu Lele, come back!<br></div><div class="battle-history">Go! <strong>Gliscor</strong>!<br></div><div class="spacer battle-history"><br></div><div class="battle-history"><small>Gliscor was badly poisoned!</small><br></div><div class="spacer battle-history"><br></div><h2 class="battle-history">Turn 9</h2><div class="spacer battle-history"><br></div><div class="battle-history">zatum withdrew Chansey!<br></div><div class="battle-history">zatum sent out Landorus (<strong>Landorus-Therian</strong>)!<br></div><div class="battle-history"><small>Pointed stones dug into the opposing Landorus!</small><br></div><div class="battle-history"><small>[The opposing Landorus's Intimidate]</small><br></div><div class="battle-history"><small>Gliscor's Attack fell!</small><br></div><div class="spacer battle-history"><br></div><div class="battle-history">Gliscor used <strong>Swords Dance</strong>!<br></div><div class="battle-history"><small>Gliscor's Attack rose sharply!</small><br></div><div class="spacer battle-history"><br></div><div class="battle-history"><small>The weirdness disappeared from the battlefield!</small><br></div><div class="spacer battle-history"><br></div><h2 class="battle-history">Turn 10</h2><div class="spacer battle-history"><br></div><div class="battle-history">The opposing Landorus used <strong>Defog</strong>!<br></div><div class="battle-history"><small>Gliscor's evasiveness fell!</small><br></div><div class="battle-history"><small>The pointed stones disappeared from around the opposing team!</small><br></div><div class="spacer battle-history"><br></div><div class="battle-history">Gliscor used <strong>Fire Fang</strong>!<br></div><div class="battle-history"><small>(The opposing Landorus lost <abbr title="−108/319">33.9%</abbr> of its health!)</small><br></div><div class="spacer battle-history"><br></div><h2 class="battle-history">Turn 11</h2><div class="spacer battle-history"><br></div><div class="battle-history">zatum withdrew Landorus!<br></div><div class="battle-history">zatum sent out <strong>Charizard</strong>!<br></div><div class="spacer battle-history"><br></div><div class="battle-history">Gliscor used <strong>Fire Fang</strong>!<br></div><div class="battle-history"><small>It's not very effective...</small><br></div><div class="battle-history"><small>(The opposing Charizard lost <abbr title="−64/297">21.5%</abbr> of its health!)</small><br></div><div class="spacer battle-history"><br></div><h2 class="battle-history">Turn 12</h2><div class="spacer battle-history"><br></div><div class="battle-history">The opposing Charizard used <strong>Dragon Dance</strong>!<br></div><div class="battle-history"><small>The opposing Charizard's Attack rose!</small><br></div><div class="battle-history"><small>The opposing Charizard's Speed rose!</small><br></div><div class="spacer battle-history"><br></div><div class="battle-history">Gliscor used <strong>Stone Edge</strong>!<br></div><div class="battle-history"><small>It's super effective!</small><br></div><div class="battle-history"><small>(The opposing Charizard lost <abbr title="−233/297">78.5%</abbr> of its health!)</small><br></div><div class="spacer battle-history"><br></div><div class="battle-history">The opposing Charizard fainted!<br></div><div class="spacer battle-history"><br></div><div class="battle-history">zatum sent out <strong>Mimikyu</strong>!<br></div><div class="spacer battle-history"><br></div><h2 class="battle-history">Turn 13</h2><div class="spacer battle-history"><br></div><div class="battle-history">The opposing Mimikyu used <strong>Swords Dance</strong>!<br></div><div class="battle-history"><small>The opposing Mimikyu's Attack rose sharply!</small><br></div><div class="spacer battle-history"><br></div><div class="battle-history">Gliscor used <strong>Fire Fang</strong>!<br></div><div class="battle-history"><small>[The opposing Mimikyu's Disguise]</small><br><small>Its disguise served it as a decoy!</small><br></div><div class="battle-history"><small>(The opposing Mimikyu lost <abbr title="0/251">0%</abbr> of its health!)</small><br></div><div class="battle-history"><small>The opposing Mimikyu was burned!</small><br></div><div class="battle-history">The opposing Mimikyu's disguise was busted!<br></div><div class="spacer battle-history"><br></div><div class="battle-history"><small>The opposing Mimikyu was hurt by its burn!</small><br></div><div class="spacer battle-history"><br></div><h2 class="battle-history">Turn 14</h2><div class="spacer battle-history"><br></div><div class="battle-history"><small>The opposing Mimikyu surrounded itself with its Z-Power!</small><br></div><div class="spacer battle-history"><br></div><div class="battle-history">The opposing Mimikyu used <strong>Let's Snuggle Forever</strong>!<br></div><div class="battle-history"><small>(Gliscor lost <abbr title="−208/337">61.7%</abbr> of its health!)</small><br></div><div class="spacer battle-history"><br></div><div class="battle-history">Gliscor used <strong>Swords Dance</strong>!<br></div><div class="battle-history"><small>Gliscor's Attack rose sharply!</small><br></div><div class="spacer battle-history"><br></div><div class="battle-history"><small>The opposing Mimikyu was hurt by its burn!</small><br></div><div class="battle-history"><small>[Gliscor's Poison Heal]</small><br><small>Gliscor restored its HP.</small><br></div><div class="spacer battle-history"><br></div><h2 class="battle-history">Turn 15</h2><div class="spacer battle-history"><br></div><div class="battle-history">The opposing Mimikyu used <strong>Play Rough</strong>!<br></div><div class="battle-history"><small>(Gliscor lost <abbr title="−105/337">31.2%</abbr> of its health!)</small><br></div><div class="spacer battle-history"><br></div><div class="battle-history">Gliscor used <strong>Stone Edge</strong>!<br></div><div class="battle-history"><small>(The opposing Mimikyu lost <abbr title="−221/251">88.0%</abbr> of its health!)</small><br></div><div class="spacer battle-history"><br></div><div class="battle-history">The opposing Mimikyu fainted!<br></div><div class="spacer battle-history"><br></div><div class="battle-history"><small>[Gliscor's Poison Heal]</small><br><small>Gliscor restored its HP.</small><br></div><div class="spacer battle-history"><br></div><div class="battle-history">zatum sent out <strong>Zapdos</strong>!<br></div><div class="spacer battle-history"><br></div><h2 class="battle-history">Turn 16</h2><div class="spacer battle-history"><br></div><div class="battle-history">Gliscor used <strong>Fling</strong>!<br></div><div class="battle-history"><small>Gliscor flung its Toxic Orb!</small><br></div><div class="battle-history"><small>(The opposing Zapdos lost <abbr title="−77/321">24.0%</abbr> of its health!)</small><br></div><div class="battle-history"><small>The opposing Zapdos was badly poisoned!</small><br></div><div class="spacer battle-history"><br></div><div class="battle-history">The opposing Zapdos used <strong>Heat Wave</strong>!<br></div><div class="battle-history"><small>(Gliscor lost <abbr title="−108/337">32.0%</abbr> of its health!)</small><br></div><div class="spacer battle-history"><br></div><div class="battle-history">Gliscor fainted!<br></div><div class="spacer battle-history"><br></div><div class="battle-history"><small>The opposing Zapdos restored a little HP using its Leftovers!</small><br></div><div class="battle-history"><small>The opposing Zapdos was hurt by poison!</small><br></div><div class="spacer battle-history"><br></div><div class="battle-history">Go! <strong>Kartana</strong>!<br></div><div class="spacer battle-history"><br></div><h2 class="battle-history">Turn 17</h2><div class="spacer battle-history"><br></div><div class="battle-history"><small>Kartana surrounded itself with its Z-Power!</small><br></div><div class="spacer battle-history"><br></div><div class="battle-history">Kartana used <strong>Corkscrew Crash</strong>!<br></div><div class="battle-history"><small>It's not very effective...</small><br></div><div class="battle-history"><small>(The opposing Zapdos lost <abbr title="−147/321">45.8%</abbr> of its health!)</small><br></div><div class="spacer battle-history"><br></div><div class="battle-history">The opposing Zapdos used <strong>Heat Wave</strong>!<br></div><div class="battle-history"><small>It's super effective!</small><br></div><div class="battle-history"><small>(Kartana lost <abbr title="−259/259">100%</abbr> of its health!)</small><br></div><div class="spacer battle-history"><br></div><div class="battle-history">Kartana fainted!<br></div><div class="spacer battle-history"><br></div><div class="battle-history"><small>The opposing Zapdos restored a little HP using its Leftovers!</small><br></div><div class="battle-history"><small>The opposing Zapdos was hurt by poison!</small><br></div><div class="spacer battle-history"><br></div><div class="battle-history">Go! <strong>Alakazam</strong>!<br></div><div class="spacer battle-history"><br></div><h2 class="battle-history">Turn 18</h2><div class="spacer battle-history"><br></div><div class="battle-history">Alakazam used <strong>Psyshock</strong>!<br></div><div class="battle-history"><small>(The opposing Zapdos lost <abbr title="−77/321">24.0%</abbr> of its health!)</small><br></div><div class="spacer battle-history"><br></div><div class="battle-history">The opposing Zapdos fainted!<br></div><div class="spacer battle-history"><br></div><div class="battle-history">zatum sent out <strong>Chansey</strong>!<br></div><div class="spacer battle-history"><br></div><h2 class="battle-history">Turn 19</h2><div class="spacer battle-history"><br></div><div class="battle-history"><small>Alakazam's Alakazite is reacting to the Key Stone!</small><br>Alakazam has Mega Evolved into Mega Alakazam!<br></div><div class="battle-history"><small>[Alakazam's Trace]</small><br><small>[Alakazam's Natural Cure]</small><br><small>Alakazam traced the opposing Chansey's Natural Cure!</small><br></div><div class="spacer battle-history"><br></div><div class="battle-history">Alakazam used <strong>Calm Mind</strong>!<br></div><div class="battle-history"><small>Alakazam's Special Attack rose!</small><br></div><div class="battle-history"><small>Alakazam's Special Defense rose!</small><br></div><div class="spacer battle-history"><br></div><div class="battle-history">The opposing Chansey used <strong>Toxic</strong>!<br></div><div class="battle-history"><small>Alakazam was badly poisoned!</small><br></div><div class="spacer battle-history"><br></div><div class="battle-history"><small>Alakazam was hurt by poison!</small><br></div><div class="spacer battle-history"><br></div><h2 class="battle-history">Turn 20</h2><div class="spacer battle-history"><br></div><div class="battle-history">Alakazam used <strong>Calm Mind</strong>!<br></div><div class="battle-history"><small>Alakazam's Special Attack rose!</small><br></div><div class="battle-history"><small>Alakazam's Special Defense rose!</small><br></div><div class="spacer battle-history"><br></div><div class="battle-history">The opposing Chansey used <strong>Seismic Toss</strong>!<br></div><div class="battle-history"><small>(Alakazam lost <abbr title="−100/251">39.8%</abbr> of its health!)</small><br></div><div class="spacer battle-history"><br></div><div class="battle-history"><small>Alakazam was hurt by poison!</small><br></div><div class="spacer battle-history"><br></div><h2 class="battle-history">Turn 21</h2><div class="spacer battle-history"><br></div><div class="battle-history">zatum withdrew Chansey!<br></div><div class="battle-history">zatum sent out <strong>Ferrothorn</strong>!<br></div><div class="spacer battle-history"><br></div><div class="battle-history">Alakazam used <strong>Psyshock</strong>!<br></div><div class="battle-history"><small>It's not very effective...</small><br></div><div class="battle-history"><small>(The opposing Ferrothorn lost <abbr title="−123/326">37.7%</abbr> of its health!)</small><br></div><div class="spacer battle-history"><br></div><div class="battle-history"><small>Alakazam was hurt by poison!</small><br></div><div class="spacer battle-history"><br></div><h2 class="battle-history">Turn 22</h2><div class="spacer battle-history"><br></div><div class="battle-history"><small>(Alakazam is cured by its Natural Cure!)</small><br></div><div class="battle-history">Alakazam, come back!<br></div><div class="battle-history">Go! <strong>Heatran</strong>!<br></div><div class="spacer battle-history"><br></div><div class="battle-history">The opposing Ferrothorn used <strong>Protect</strong>!<br></div><div class="battle-history"><small>But it failed!</small><br></div><div class="spacer battle-history"><br></div><h2 class="battle-history">Turn 23</h2><div class="spacer battle-history"><br></div><div class="battle-history">The opposing Ferrothorn used <strong>Protect</strong>!<br></div><div class="battle-history"><small>The opposing Ferrothorn protected itself!</small><br></div><div class="spacer battle-history"><br></div><div class="battle-history">Heatran used <strong>Earthquake</strong>!<br></div><div class="battle-history"><small>The opposing Ferrothorn protected itself!</small><br></div><div class="spacer battle-history"><br></div><h2 class="battle-history">Turn 24</h2><div class="spacer battle-history"><br></div><div class="battle-history">zatum withdrew Ferrothorn!<br></div><div class="battle-history">zatum sent out Landorus (<strong>Landorus-Therian</strong>)!<br></div><div class="battle-history"><small>[The opposing Landorus's Intimidate]</small><br></div><div class="battle-history"><small>Heatran's Attack fell!</small><br></div><div class="spacer battle-history"><br></div><div class="battle-history">Heatran used <strong>Earthquake</strong>!<br></div><div class="battle-history"><small>It doesn't affect the opposing Landorus...</small><br></div><div class="spacer battle-history"><br></div><h2 class="battle-history">Turn 25</h2><div class="spacer battle-history"><br></div><div class="battle-history">The opposing Landorus used <strong>Earthquake</strong>!<br></div><div class="battle-history"><small>It's super effective!</small><br></div><div class="battle-history"><small>(Heatran lost <abbr title="−363/386">94.0%</abbr> of its health!)</small><br></div><div class="spacer battle-history"><br></div><div class="battle-history">Heatran fainted!<br></div><div class="spacer battle-history"><br></div><div class="battle-history">Go! Alakazam (<strong>Alakazam-Mega</strong>)!<br></div><div class="battle-history"><small>[Alakazam's Trace]</small><br><small>[Alakazam's Intimidate]</small><br><small>Alakazam traced the opposing Landorus's Intimidate!</small><br></div><div class="battle-history"><small>[Alakazam's Intimidate]</small><br></div><div class="battle-history"><small>The opposing Landorus's Attack fell!</small><br></div><div class="spacer battle-history"><br></div><h2 class="battle-history">Turn 26</h2><div class="spacer battle-history"><br></div><div class="battle-history">zatum withdrew Landorus!<br></div><div class="battle-history">zatum sent out <strong>Ferrothorn</strong>!<br></div><div class="spacer battle-history"><br></div><div class="battle-history">Alakazam used <strong>Psyshock</strong>!<br></div><div class="battle-history"><small>It's not very effective...</small><br></div><div class="battle-history"><small>(The opposing Ferrothorn lost <abbr title="−55/326">16.9%</abbr> of its health!)</small><br></div><div class="spacer battle-history"><br></div><h2 class="battle-history">Turn 27</h2><div class="spacer battle-history"><br></div><div class="battle-history">Alakazam used <strong>Focus Blast</strong>!<br></div><div class="battle-history"><small>It's super effective!</small><br></div><div class="battle-history"><small>(The opposing Ferrothorn lost <abbr title="−148/326">45.4%</abbr> of its health!)</small><br></div><div class="spacer battle-history"><br></div><div class="battle-history">The opposing Ferrothorn fainted!<br></div><div class="spacer battle-history"><br></div><div class="battle-history">zatum sent out <strong>Chansey</strong>!<br></div><div class="spacer battle-history"><br></div><h2 class="battle-history">Turn 28</h2><div class="spacer battle-history"><br></div><div class="battle-history">Alakazam, come back!<br></div><div class="battle-history">Go! <strong>Tapu Lele</strong>!<br></div><div class="battle-history"><small>[Tapu Lele's Psychic Surge]</small><br><small>The battlefield got weird!</small><br></div><div class="spacer battle-history"><br></div><div class="battle-history">The opposing Chansey used <strong>Seismic Toss</strong>!<br></div><div class="battle-history"><small>(Tapu Lele lost <abbr title="−100/343">29.2%</abbr> of its health!)</small><br></div><div class="spacer battle-history"><br></div><div class="battle-history"><small>Tapu Lele was hurt by poison!</small><br></div><div class="spacer battle-history"><br></div><h2 class="battle-history">Turn 29</h2><div class="spacer battle-history"><br></div><div class="battle-history">Tapu Lele used <strong>Psyshock</strong>!<br></div><div class="battle-history"><small>(The opposing Chansey lost <abbr title="−704/704">100%</abbr> of its health!)</small><br></div><div class="spacer battle-history"><br></div><div class="battle-history">The opposing Chansey fainted!<br></div><div class="spacer battle-history"><br></div><div class="battle-history"><small>Tapu Lele was hurt by poison!</small><br></div><div class="spacer battle-history"><br></div><div class="battle-history">zatum sent out Landorus (<strong>Landorus-Therian</strong>)!<br></div><div class="battle-history"><small>[The opposing Landorus's Intimidate]</small><br></div><div class="battle-history"><small>Tapu Lele's Attack fell!</small><br></div><div class="spacer battle-history"><br></div><h2 class="battle-history">Turn 30</h2><div class="spacer battle-history"><br></div><div class="battle-history">The opposing Landorus used <strong>Earthquake</strong>!<br></div><div class="battle-history"><small>(Tapu Lele lost <abbr title="−59/343">17.2%</abbr> of its health!)</small><br></div><div class="spacer battle-history"><br></div><div class="battle-history">Tapu Lele fainted!<br></div><div class="spacer battle-history"><br></div><div class="battle-history">Go! Alakazam (<strong>Alakazam-Mega</strong>)!<br></div><div class="battle-history"><small>[Alakazam's Trace]</small><br><small>[Alakazam's Intimidate]</small><br><small>Alakazam traced the opposing Landorus's Intimidate!</small><br></div><div class="battle-history"><small>[Alakazam's Intimidate]</small><br></div><div class="battle-history"><small>The opposing Landorus's Attack fell!</small><br></div><div class="spacer battle-history"><br></div><h2 class="battle-history">Turn 31</h2><div class="spacer battle-history"><br></div><div class="battle-history">Alakazam used <strong>Psyshock</strong>!<br></div><div class="battle-history"><small>(The opposing Landorus lost <abbr title="−133/319">41.7%</abbr> of its health!)</small><br></div><div class="spacer battle-history"><br></div><div class="battle-history">The opposing Landorus fainted!<br></div><div class="spacer battle-history"><br></div><div class="battle-history"><strong>darguacristhian</strong> won the battle!<br></div></div><div class="inner-preempt"></div></div></div>
</div>
<script>
let daily = Math.floor(Date.now()/1000/60/60/24);document.write('<script src="https://play.pokemonshowdown.com/js/replay-embed.js?version'+daily+'"></'+'script>');
</script>
