<!DOCTYPE html>
<meta charset="utf-8" />
<!-- version 1 -->
<title>OU replay: magno777 vs. Beppler✘</title>
<style>
html,body {font-family:Verdana, sans-serif;font-size:10pt;margin:0;padding:0;}body{padding:12px 0;} .battle-log {font-family:Verdana, sans-serif;font-size:10pt;} .battle-log-inline {border:1px solid #AAAAAA;background:#EEF2F5;color:black;max-width:640px;margin:0 auto 80px;padding-bottom:5px;} .battle-log .inner {padding:4px 8px 0px 8px;} .battle-log .inner-preempt {padding:0 8px 4px 8px;} .battle-log .inner-after {margin-top:0.5em;} .battle-log h2 {margin:0.5em -8px;padding:4px 8px;border:1px solid #AAAAAA;background:#E0E7EA;border-left:0;border-right:0;font-family:Verdana, sans-serif;font-size:13pt;} .battle-log .chat {vertical-align:middle;padding:3px 0 3px 0;font-size:8pt;} .battle-log .chat strong {color:#40576A;} .battle-log .chat em {padding:1px 4px 1px 3px;color:#000000;font-style:normal;} .chat.mine {background:rgba(0,0,0,0.05);margin-left:-8px;margin-right:-8px;padding-left:8px;padding-right:8px;} .spoiler {color:#BBBBBB;background:#BBBBBB;padding:0px 3px;} .spoiler:hover, .spoiler:active, .spoiler-shown {color:#000000;background:#E2E2E2;padding:0px 3px;} .spoiler a {color:#BBBBBB;} .spoiler:hover a, .spoiler:active a, .spoiler-shown a {color:#2288CC;} .chat code, .chat .spoiler:hover code, .chat .spoiler:active code, .chat .spoiler-shown code {border:1px solid #C0C0C0;background:#EEEEEE;color:black;padding:0 2px;} .chat .spoiler code {border:1px solid #CCCCCC;background:#CCCCCC;color:#CCCCCC;} .battle-log .rated {padding:3px 4px;} .battle-log .rated strong {color:white;background:#89A;padding:1px 4px;border-radius:4px;} .spacer {margin-top:0.5em;} .message-announce {background:#6688AA;color:white;padding:1px 4px 2px;} .message-announce a, .broadcast-green a, .broadcast-blue a, .broadcast-red a {color:#DDEEFF;} .broadcast-green {background-color:#559955;color:white;padding:2px 4px;} .broadcast-blue {background-color:#6688AA;color:white;padding:2px 4px;} .infobox {border:1px solid #6688AA;padding:2px 4px;} .infobox-limited {max-height:200px;overflow:auto;overflow-x:hidden;} .broadcast-red {background-color:#AA5544;color:white;padding:2px 4px;} .message-learn-canlearn {font-weight:bold;color:#228822;text-decoration:underline;} .message-learn-cannotlearn {font-weight:bold;color:#CC2222;text-decoration:underline;} .message-effect-weak {font-weight:bold;color:#CC2222;} .message-effect-resist {font-weight:bold;color:#6688AA;} .message-effect-immune {font-weight:bold;color:#666666;} .message-learn-list {margin-top:0;margin-bottom:0;} .message-throttle-notice, .message-error {color:#992222;} .message-overflow, .chat small.message-overflow {font-size:0pt;} .message-overflow::before {font-size:9pt;content:'...';} .subtle {color:#3A4A66;}
</style>
<div class="wrapper replay-wrapper" style="max-width:1180px;margin:0 auto">
<input type="hidden" name="replayid" value="destiny-ou-556649" />
<div class="battle"></div><div class="battle-log"></div><div class="replay-controls"></div><div class="replay-controls-2"></div>
<h1 style="font-weight:normal;text-align:center"><strong>OU</strong><br /><a href="http://pokemonshowdown.com/users/magno777" class="subtle" target="_blank">magno777</a> vs. <a href="http://pokemonshowdown.com/users/beppler" class="subtle" target="_blank">Beppler✘</a></h1>
<script type="text/plain" class="battle-log-data">|unlink|||tour
|player|p1|magno777|3
|teamsize|p1|6
|player|p2|Beppler✘|metalikana-21.gif?7227b9be
|teamsize|p2|6
|teamsize|p1|6
|teamsize|p2|6
|gametype|singles
|gen|7
|tier|OU
|seed|49244,26881,58183,52266
|rule|Cláusula-Mod de Dormir: solo puedes dormir a uno de tus oponentes a la vez.
|rule|Cláusula de Especie: Hasta un Pokémon de cada especie
|rule|Cláusula de Golpe Fulminante: los movimientos fulminantes (OHKO) estan prohibidos
|rule|Cláusula de Veleta: la habilidad Veleta está prohibida
|rule|Cláusula de Movimientos Evasivos: los movimientos de Evasión están prohibidos.
|rule|Cláusula de Batallas Eternas: forzar batallas eternas está prohibido
|clearpoke
|poke|p1|Latias, F|item
|poke|p1|Clefable, M|item
|poke|p1|Kartana|item
|poke|p1|Mantine, F|item
|poke|p1|Zygarde|item
|poke|p1|Amoonguss, M|item
|poke|p2|Latias, F|item
|poke|p2|Landorus-Therian, M|item
|poke|p2|Keldeo-Resolute|item
|poke|p2|Mawile, F|item
|poke|p2|Volcarona, M|item
|poke|p2|Ferrothorn, M|item
|teampreview|undefined
|choice|*team 213456|*
|choice|*|*team 423156
|choice|team 2, 1, 3, 4, 5, 6|team 4, 2, 3, 1, 5, 6
|
|start
|switch|p1a: Clefable|Clefable, M|394\/394
|switch|p2a: Mawile|Mawile, F|269\/269
|turn|1
|choice|*|*move 1 mega
|choice|*move 3|*
|choice|move stealthrock|move substitute mega
|
|-mega|p2a: Mawile|Mawile|Mawilite
|detailschange|p2a: Mawile|Mawile-Mega, F
|move|p2a: Mawile|Substitute|p2a: Mawile
|-start|p2a: Mawile|Substitute
|-damage|p2a: Mawile|202\/269
|move|p1a: Clefable|Stealth Rock|p2a: Mawile
|-sidestart|p2: Beppler✘|move: Stealth Rock
|
|upkeep
|turn|2
|choice|*|*move 2
|choice|*switch 4|*
|choice|switch 4|move ironhead
|
|switch|p1a: Mantine|Mantine, F|374\/374
|move|p2a: Mawile|Iron Head|p1a: Mantine
|-resisted|p1a: Mantine
|-damage|p1a: Mantine|253\/374
|
|-heal|p1a: Mantine|276\/374|[from] item: Leftovers
|upkeep
|turn|3
|choice|*|*move 3
|choice|*move 1|*
|choice|move scald|move thunderpunch
|
|move|p2a: Mawile|Thunder Punch|p1a: Mantine
|-supereffective|p1a: Mantine
|-damage|p1a: Mantine|0 fnt
|faint|p1a: Mantine
|
|upkeep
|choice|*switch 5|*
|choice|switch 5|
|
|switch|p1a: Zygarde|Zygarde|358\/358
|-ability|p1a: Zygarde|Aura Break
|turn|4
|choice|*move 1|*
|choice|*|*move 2
|choice|move thousandarrows|move ironhead
|
|move|p1a: Zygarde|Thousand Arrows|p2a: Mawile
|-supereffective|p2a: Mawile
|-end|p2a: Mawile|Substitute
|move|p2a: Mawile|Iron Head|p1a: Zygarde
|-damage|p1a: Zygarde|151\/358
|
|upkeep
|turn|5
|choice|*move 1|*
|choice|*|*switch 2
|choice|move thousandarrows|switch 2
|
|switch|p2a: Landorus|Landorus-Therian, M|382\/382
|-damage|p2a: Landorus|335\/382|[from] Stealth Rock
|-ability|p2a: Landorus|Intimidate|boost
|-unboost|p1a: Zygarde|atk|1
|move|p1a: Zygarde|Thousand Arrows|p2a: Landorus
|-damage|p2a: Landorus|245\/382
|-start|p2a: Landorus|Smack Down
|
|upkeep
|turn|6
|choice|*|*move 4
|choice|*switch 6|*
|choice|switch 6|move defog
|
|switch|p1a: Amoonguss|Amoonguss, M|432\/432
|move|p2a: Landorus|Defog|p1a: Amoonguss
|-unboost|p1a: Amoonguss|evasion|1
|-sideend|p2: Beppler✘|Stealth Rock|[from] move: Defog|[of] p2a: Landorus
|
|upkeep
|turn|7
|choice|*move 3|*
|choice|*|*move 3
|choice|move spore|move uturn
|
|move|p2a: Landorus|U-turn|p1a: Amoonguss
|-damage|p1a: Amoonguss|337\/432
|choice|*|*switch 6
|choice||switch 6
|
|switch|p2a: Ferrothorn|Ferrothorn, M|352\/352|[from]move: U-turn
|move|p1a: Amoonguss|Spore|p2a: Ferrothorn
|-immune|p2a: Ferrothorn|[msg]
|
|-heal|p1a: Amoonguss|364\/432|[from] item: Black Sludge
|upkeep
|turn|8
|choice|*|*move 4
|choice|*switch 4|*
|choice|switch 4|move stealthrock
|
|switch|p1a: Clefable|Clefable, M|394\/394
|move|p2a: Ferrothorn|Stealth Rock|p1a: Clefable
|-sidestart|p1: magno777|move: Stealth Rock
|
|upkeep
|turn|9
|choice|*|*switch 2
|choice|*move 1|*
|choice|move moonblast|switch 2
|
|switch|p2a: Mawile|Mawile-Mega, F|202\/269
|move|p1a: Clefable|Moonblast|p2a: Mawile
|-resisted|p2a: Mawile
|-damage|p2a: Mawile|149\/269
|
|upkeep
|turn|10
|choice|*|*move 2
|choice|*move 3|*
|choice|move stealthrock|move ironhead
|
|move|p2a: Mawile|Iron Head|p1a: Clefable
|-supereffective|p1a: Clefable
|-damage|p1a: Clefable|0 fnt
|faint|p1a: Clefable
|
|upkeep
|choice|*switch 3|*
|choice|switch 3|
|
|switch|p1a: Kartana|Kartana|260\/260
|-damage|p1a: Kartana|244\/260|[from] Stealth Rock
|turn|11
|choice|*move 1|*
|choice|*|*switch 6
|choice|move leafblade|switch 6
|
|switch|p2a: Landorus|Landorus-Therian, M|245\/382
|-ability|p2a: Landorus|Intimidate|boost
|-unboost|p1a: Kartana|atk|1
|move|p1a: Kartana|Leaf Blade|p2a: Landorus
|-damage|p2a: Landorus|134\/382
|
|upkeep
|turn|12
|-message|magno777 se rindió.
|
|win|Beppler✘
</script>
</div>
<div class="battle-log battle-log-inline"><div class="inner"><div class="battle-options"></div><div class="inner"><div class=""><small>Format:</small> <br><strong>OU</strong></div><div class=""><small><em>Cláusula-Mod de Dormir:</em> solo puedes dormir a uno de tus oponentes a la vez.</small></div><div class=""><small><em>Cláusula de Especie:</em> Hasta un Pokémon de cada especie</small></div><div class=""><small><em>Cláusula de Golpe Fulminante:</em> los movimientos fulminantes (OHKO) estan prohibidos</small></div><div class=""><small><em>Cláusula de Veleta:</em> la habilidad Veleta está prohibida</small></div><div class=""><small><em>Cláusula de Movimientos Evasivos:</em> los movimientos de Evasión están prohibidos.</small></div><div class=""><small><em>Cláusula de Batallas Eternas:</em> forzar batallas eternas está prohibido</small></div><div class="chat battle-history"><strong>magno777's team:</strong> <em style="color:#445566;display:block;">Latias / Clefable / Kartana / Mantine / Zygarde / Amoonguss</em></div><div class="chat battle-history"><strong>Beppler✘'s team:</strong> <em style="color:#445566;display:block;">Latias / Landorus-Therian / Keldeo-Resolute / Mawile / Volcarona / Ferrothorn</em></div><div class="spacer battle-history"><br></div><div class="battle-history">Battle started between magno777 and Beppler✘!<br></div><div class="spacer battle-history"><br></div><div class="battle-history">Go! <strong>Clefable</strong>!<br></div><div class="spacer battle-history"><br></div><div class="battle-history">Beppler✘ sent out <strong>Mawile</strong>!<br></div><div class="spacer battle-history"><br></div><h2 class="battle-history">Turn 1</h2><div class="spacer battle-history"><br></div><div class="battle-history"><small>The opposing Mawile's Mawilite is reacting to the Key Stone!</small><br>The opposing Mawile has Mega Evolved into Mega Mawile!<br></div><div class="spacer battle-history"><br></div><div class="battle-history">The opposing Mawile used <strong>Substitute</strong>!<br></div><div class="battle-history"><small>The opposing Mawile put in a substitute!</small><br></div><div class="battle-history"><small>(The opposing Mawile lost <abbr title="−67/269">24.9%</abbr> of its health!)</small><br></div><div class="spacer battle-history"><br></div><div class="battle-history">Clefable used <strong>Stealth Rock</strong>!<br></div><div class="battle-history"><small>Pointed stones float in the air around the opposing team!</small><br></div><div class="spacer battle-history"><br></div><h2 class="battle-history">Turn 2</h2><div class="spacer battle-history"><br></div><div class="battle-history">Clefable, come back!<br></div><div class="battle-history">Go! <strong>Mantine</strong>!<br></div><div class="spacer battle-history"><br></div><div class="battle-history">The opposing Mawile used <strong>Iron Head</strong>!<br></div><div class="battle-history"><small>It's not very effective...</small><br></div><div class="battle-history"><small>(Mantine lost <abbr title="−121/374">32.4%</abbr> of its health!)</small><br></div><div class="spacer battle-history"><br></div><div class="battle-history"><small>Mantine restored a little HP using its Leftovers!</small><br></div><div class="spacer battle-history"><br></div><h2 class="battle-history">Turn 3</h2><div class="spacer battle-history"><br></div><div class="battle-history">The opposing Mawile used <strong>Thunder Punch</strong>!<br></div><div class="battle-history"><small>It's super effective!</small><br></div><div class="battle-history"><small>(Mantine lost <abbr title="−276/374">73.8%</abbr> of its health!)</small><br></div><div class="spacer battle-history"><br></div><div class="battle-history">Mantine fainted!<br></div><div class="spacer battle-history"><br></div><div class="battle-history">Go! <strong>Zygarde</strong>!<br></div><div class="battle-history"><small>[Zygarde's Aura Break]</small><br><small>Zygarde reversed all other Pokémon's auras!</small><br></div><div class="spacer battle-history"><br></div><h2 class="battle-history">Turn 4</h2><div class="spacer battle-history"><br></div><div class="battle-history">Zygarde used <strong>Thousand Arrows</strong>!<br></div><div class="battle-history"><small>It's super effective!</small><br></div><div class="battle-history"><small>The opposing Mawile's substitute faded!</small><br></div><div class="spacer battle-history"><br></div><div class="battle-history">The opposing Mawile used <strong>Iron Head</strong>!<br></div><div class="battle-history"><small>(Zygarde lost <abbr title="−207/358">57.8%</abbr> of its health!)</small><br></div><div class="spacer battle-history"><br></div><h2 class="battle-history">Turn 5</h2><div class="spacer battle-history"><br></div><div class="battle-history">Beppler✘ withdrew Mawile!<br></div><div class="battle-history">Beppler✘ sent out Landorus (<strong>Landorus-Therian</strong>)!<br></div><div class="battle-history"><small>Pointed stones dug into the opposing Landorus!</small><br></div><div class="battle-history"><small>[The opposing Landorus's Intimidate]</small><br></div><div class="battle-history"><small>Zygarde's Attack fell!</small><br></div><div class="spacer battle-history"><br></div><div class="battle-history">Zygarde used <strong>Thousand Arrows</strong>!<br></div><div class="battle-history"><small>(The opposing Landorus lost <abbr title="−90/382">23.6%</abbr> of its health!)</small><br></div><div class="battle-history"><small>The opposing Landorus fell straight down!</small><br></div><div class="spacer battle-history"><br></div><h2 class="battle-history">Turn 6</h2><div class="spacer battle-history"><br></div><div class="battle-history">Zygarde, come back!<br></div><div class="battle-history">Go! <strong>Amoonguss</strong>!<br></div><div class="spacer battle-history"><br></div><div class="battle-history">The opposing Landorus used <strong>Defog</strong>!<br></div><div class="battle-history"><small>Amoonguss's evasiveness fell!</small><br></div><div class="battle-history"><small>The pointed stones disappeared from around the opposing team!</small><br></div><div class="spacer battle-history"><br></div><h2 class="battle-history">Turn 7</h2><div class="spacer battle-history"><br></div><div class="battle-history">The opposing Landorus used <strong>U-turn</strong>!<br></div><div class="battle-history"><small>(Amoonguss lost <abbr title="−95/432">22.0%</abbr> of its health!)</small><br></div><div class="spacer battle-history"><br></div><div class="battle-history">The opposing Landorus went back to Beppler✘!<br></div><div class="battle-history">Beppler✘ sent out <strong>Ferrothorn</strong>!<br></div><div class="spacer battle-history"><br></div><div class="battle-history">Amoonguss used <strong>Spore</strong>!<br></div><div class="battle-history"><small>It doesn't affect the opposing Ferrothorn...</small><br></div><div class="spacer battle-history"><br></div><div class="battle-history"><small>Amoonguss restored a little HP using its Black Sludge!</small><br></div><div class="spacer battle-history"><br></div><h2 class="battle-history">Turn 8</h2><div class="spacer battle-history"><br></div><div class="battle-history">Amoonguss, come back!<br></div><div class="battle-history">Go! <strong>Clefable</strong>!<br></div><div class="spacer battle-history"><br></div><div class="battle-history">The opposing Ferrothorn used <strong>Stealth Rock</strong>!<br></div><div class="battle-history"><small>Pointed stones float in the air around your team!</small><br></div><div class="spacer battle-history"><br></div><h2 class="battle-history">Turn 9</h2><div class="spacer battle-history"><br></div><div class="battle-history">Beppler✘ withdrew Ferrothorn!<br></div><div class="battle-history">Beppler✘ sent out Mawile (<strong>Mawile-Mega</strong>)!<br></div><div class="spacer battle-history"><br></div><div class="battle-history">Clefable used <strong>Moonblast</strong>!<br></div><div class="battle-history"><small>It's not very effective...</small><br></div><div class="battle-history"><small>(The opposing Mawile lost <abbr title="−53/269">19.7%</abbr> of its health!)</small><br></div><div class="spacer battle-history"><br></div><h2 class="battle-history">Turn 10</h2><div class="spacer battle-history"><br></div><div class="battle-history">The opposing Mawile used <strong>Iron Head</strong>!<br></div><div class="battle-history"><small>It's super effective!</small><br></div><div class="battle-history"><small>(Clefable lost <abbr title="−394/394">100%</abbr> of its health!)</small><br></div><div class="spacer battle-history"><br></div><div class="battle-history">Clefable fainted!<br></div><div class="spacer battle-history"><br></div><div class="battle-history">Go! <strong>Kartana</strong>!<br></div><div class="battle-history"><small>Pointed stones dug into Kartana!</small><br></div><div class="spacer battle-history"><br></div><h2 class="battle-history">Turn 11</h2><div class="spacer battle-history"><br></div><div class="battle-history">Beppler✘ withdrew Mawile!<br></div><div class="battle-history">Beppler✘ sent out Landorus (<strong>Landorus-Therian</strong>)!<br></div><div class="battle-history"><small>[The opposing Landorus's Intimidate]</small><br></div><div class="battle-history"><small>Kartana's Attack fell!</small><br></div><div class="spacer battle-history"><br></div><div class="battle-history">Kartana used <strong>Leaf Blade</strong>!<br></div><div class="battle-history"><small>(The opposing Landorus lost <abbr title="−111/382">29.1%</abbr> of its health!)</small><br></div><div class="spacer battle-history"><br></div><h2 class="battle-history">Turn 12</h2><div class="spacer battle-history"><br></div><div class="battle-history"><small>magno777 se rindió.</small><br></div><div class="spacer battle-history"><br></div><div class="battle-history"><strong>Beppler✘</strong> won the battle!<br></div></div><div class="inner-preempt"></div></div></div>
</div>
<script>
let daily = Math.floor(Date.now()/1000/60/60/24);document.write('<script src="https://play.pokemonshowdown.com/js/replay-embed.js?version'+daily+'"></'+'script>');
</script>
