<!DOCTYPE html>
<meta charset="utf-8" />
<!-- version 1 -->
<title>OU replay: Hаtsυnе Mіkυ vs. ms pinguino 2</title>
<style>
html,body {font-family:Verdana, sans-serif;font-size:10pt;margin:0;padding:0;}body{padding:12px 0;} .battle-log {font-family:Verdana, sans-serif;font-size:10pt;} .battle-log-inline {border:1px solid #AAAAAA;background:#EEF2F5;color:black;max-width:640px;margin:0 auto 80px;padding-bottom:5px;} .battle-log .inner {padding:4px 8px 0px 8px;} .battle-log .inner-preempt {padding:0 8px 4px 8px;} .battle-log .inner-after {margin-top:0.5em;} .battle-log h2 {margin:0.5em -8px;padding:4px 8px;border:1px solid #AAAAAA;background:#E0E7EA;border-left:0;border-right:0;font-family:Verdana, sans-serif;font-size:13pt;} .battle-log .chat {vertical-align:middle;padding:3px 0 3px 0;font-size:8pt;} .battle-log .chat strong {color:#40576A;} .battle-log .chat em {padding:1px 4px 1px 3px;color:#000000;font-style:normal;} .chat.mine {background:rgba(0,0,0,0.05);margin-left:-8px;margin-right:-8px;padding-left:8px;padding-right:8px;} .spoiler {color:#BBBBBB;background:#BBBBBB;padding:0px 3px;} .spoiler:hover, .spoiler:active, .spoiler-shown {color:#000000;background:#E2E2E2;padding:0px 3px;} .spoiler a {color:#BBBBBB;} .spoiler:hover a, .spoiler:active a, .spoiler-shown a {color:#2288CC;} .chat code, .chat .spoiler:hover code, .chat .spoiler:active code, .chat .spoiler-shown code {border:1px solid #C0C0C0;background:#EEEEEE;color:black;padding:0 2px;} .chat .spoiler code {border:1px solid #CCCCCC;background:#CCCCCC;color:#CCCCCC;} .battle-log .rated {padding:3px 4px;} .battle-log .rated strong {color:white;background:#89A;padding:1px 4px;border-radius:4px;} .spacer {margin-top:0.5em;} .message-announce {background:#6688AA;color:white;padding:1px 4px 2px;} .message-announce a, .broadcast-green a, .broadcast-blue a, .broadcast-red a {color:#DDEEFF;} .broadcast-green {background-color:#559955;color:white;padding:2px 4px;} .broadcast-blue {background-color:#6688AA;color:white;padding:2px 4px;} .infobox {border:1px solid #6688AA;padding:2px 4px;} .infobox-limited {max-height:200px;overflow:auto;overflow-x:hidden;} .broadcast-red {background-color:#AA5544;color:white;padding:2px 4px;} .message-learn-canlearn {font-weight:bold;color:#228822;text-decoration:underline;} .message-learn-cannotlearn {font-weight:bold;color:#CC2222;text-decoration:underline;} .message-effect-weak {font-weight:bold;color:#CC2222;} .message-effect-resist {font-weight:bold;color:#6688AA;} .message-effect-immune {font-weight:bold;color:#666666;} .message-learn-list {margin-top:0;margin-bottom:0;} .message-throttle-notice, .message-error {color:#992222;} .message-overflow, .chat small.message-overflow {font-size:0pt;} .message-overflow::before {font-size:9pt;content:'...';} .subtle {color:#3A4A66;}
</style>
<div class="wrapper replay-wrapper" style="max-width:1180px;margin:0 auto">
<input type="hidden" name="replayid" value="destiny-ou-453761" />
<div class="battle"></div><div class="battle-log"></div><div class="replay-controls"></div><div class="replay-controls-2"></div>
<h1 style="font-weight:normal;text-align:center"><strong>OU</strong><br /><a href="http://pokemonshowdown.com/users/htsnmk" class="subtle" target="_blank">Hаtsυnе Mіkυ</a> vs. <a href="http://pokemonshowdown.com/users/mspinguino2" class="subtle" target="_blank">ms pinguino 2</a></h1>
<script type="text/plain" class="battle-log-data">|unlink|||tour
|player|p1|Hаtsυnе Mіkυ|1115
|teamsize|p1|6
|player|p2|ms pinguino 2|mspinguino2-2.gif?584eb9aa
|teamsize|p2|6
|teamsize|p1|6
|teamsize|p2|6
|gametype|singles
|gen|7
|tier|OU
|seed|38153,1055,63022,51151
|rule|Cláusula-Mod de Dormir: solo puedes dormir a uno de tus oponentes a la vez.
|rule|Cláusula de Especie: Hasta un Pokémon de cada especie
|rule|Cláusula de Golpe Fulminante: los movimientos fulminantes (OHKO) estan prohibidos
|rule|Cláusula de Veleta: la habilidad Veleta está prohibida
|rule|Cláusula de Movimientos Evasivos: los movimientos de Evasión están prohibidos.
|rule|Cláusula de Batallas Eternas: forzar batallas eternas está prohibido
|clearpoke
|poke|p1|Gengar, M|item
|poke|p1|Garchomp, M|item
|poke|p1|Lopunny, M|item
|poke|p1|Thundurus, M|item
|poke|p1|Kyurem-Black|item
|poke|p1|Azumarill, F|item
|poke|p2|Latias, F|item
|poke|p2|Clefable, F|item
|poke|p2|Kartana|item
|poke|p2|Mantine, M|item
|poke|p2|Zygarde|item
|poke|p2|Amoonguss, F|item
|teampreview|undefined
|c|☆ms pinguino 2|s
|c|☆ms pinguino 2|suerte
|c|☆Hаtsυnе Mіkυ|ya perdi xD
|c|☆ms pinguino 2|por que
|c|☆Hаtsυnе Mіkυ|no juego desde 2015
|choice|*|*team 523416
|c|☆Hаtsυnе Mіkυ|este team era de ese año
|choice|*team 213456|*
|choice|team 2, 1, 3, 4, 5, 6|team 5, 2, 3, 4, 1, 6
|
|start
|switch|p1a: Garchomp|Garchomp, M|417\/417
|switch|p2a: Zygarde|Zygarde|358\/358
|-ability|p2a: Zygarde|Aura Break
|turn|1
|choice|*move 1|*
|choice|*|*switch 4
|choice|move stealthrock|switch 4
|
|switch|p2a: Mantine|Mantine, M|374\/374
|move|p1a: Garchomp|Stealth Rock|p2a: Mantine
|-sidestart|p2: ms pinguino 2|move: Stealth Rock
|
|upkeep
|turn|2
|choice|*|*move 3
|choice|*move 3|*
|choice|move dragontail|move defog
|
|move|p2a: Mantine|Defog|p1a: Garchomp
|-unboost|p1a: Garchomp|evasion|1
|-sideend|p2: ms pinguino 2|Stealth Rock|[from] move: Defog|[of] p2a: Mantine
|move|p1a: Garchomp|Dragon Tail|p2a: Mantine
|-crit|p2a: Mantine
|-damage|p2a: Mantine|253\/374
|drag|p2a: Latias|Latias, F|364\/364
|
|upkeep
|turn|3
|choice|*|*switch 2
|choice|*switch 6|*
|choice|switch 6|switch 2
|
|switch|p2a: Clefable|Clefable, F|394\/394
|switch|p1a: Azumarill|Azumarill, F|384\/384
|
|upkeep
|turn|4
|choice|*|*move 4
|choice|*switch 2|*
|choice|switch 2|move thunderwave
|
|switch|p1a: Gengar|Gengar, M|261\/261
|move|p2a: Clefable|Thunder Wave|p1a: Gengar
|-status|p1a: Gengar|par
|
|upkeep
|turn|5
|choice|*|*switch 3
|choice|*move 4|*
|choice|move sludgewave|switch 3
|
|switch|p2a: Kartana|Kartana|260\/260
|move|p1a: Gengar|Sludge Wave|p2a: Kartana
|-immune|p2a: Kartana|[msg]
|
|upkeep
|turn|6
|choice|*|*move 3
|c|☆Hаtsυnе Mіkυ|!data kartana
|c|~|\/data-pokemon Kartana

|choice|*switch 6|*
|choice|switch 6|move smartstrike
|
|switch|p1a: Garchomp|Garchomp, M|417\/417
|move|p2a: Kartana|Smart Strike|p1a: Garchomp
|-damage|p1a: Garchomp|294\/417
|-damage|p2a: Kartana|228\/260|[from] ability: Rough Skin|[of] p1a: Garchomp
|-damage|p2a: Kartana|185\/260|[from] item: Rocky Helmet|[of] p1a: Garchomp
|
|upkeep
|turn|7
|choice|*move 1|*
|choice|*|*switch 6
|choice|move stealthrock|switch 6
|
|switch|p2a: Amoonguss|Amoonguss, F|432\/432
|move|p1a: Garchomp|Stealth Rock|p2a: Amoonguss
|-sidestart|p2: ms pinguino 2|move: Stealth Rock
|
|upkeep
|turn|8
|choice|*|*move 2
|choice|*switch 6|*
|choice|switch 6|move sludgebomb
|
|switch|p1a: Gengar|Gengar, M|261\/261 par
|move|p2a: Amoonguss|Sludge Bomb|p1a: Gengar
|-resisted|p1a: Gengar
|-damage|p1a: Gengar|232\/261 par
|
|upkeep
|turn|9
|choice|*|*move 3
|choice|*move 1|*
|choice|move shadowball|move stompingtantrum
|
|cant|p1a: Gengar|par
|move|p2a: Amoonguss|Stomping Tantrum|p1a: Gengar
|-supereffective|p1a: Gengar
|-damage|p1a: Gengar|74\/261 par
|-start|p2a: Amoonguss|Disable|Stomping Tantrum|[from] ability: Cursed Body|[of] p1a: Gengar
|
|upkeep
|turn|10
|choice|*move 1|*
|choice|*|*switch 6
|choice|move shadowball|switch 6
|
|switch|p2a: Kartana|Kartana|185\/260
|-damage|p2a: Kartana|169\/260|[from] Stealth Rock
|move|p1a: Gengar|Shadow Ball|p2a: Kartana
|-damage|p2a: Kartana|0 fnt
|-damage|p1a: Gengar|48\/261 par|[from] item: Life Orb
|faint|p2a: Kartana
|
|upkeep
|choice|*|*switch 2
|choice||switch 2
|
|switch|p2a: Latias|Latias, F|364\/364
|-damage|p2a: Latias|319\/364|[from] Stealth Rock
|turn|11
|choice|*|*move 1 mega
|choice|*switch 2|*
|choice|switch 2|move calmmind mega
|
|switch|p1a: Azumarill|Azumarill, F|384\/384
|-mega|p2a: Latias|Latias|Latiasite
|detailschange|p2a: Latias|Latias-Mega, F
|move|p2a: Latias|Calm Mind|p2a: Latias
|-boost|p2a: Latias|spa|1
|-boost|p2a: Latias|spd|1
|
|upkeep
|turn|12
|choice|*|*move 4
|choice|*move 4|*
|choice|move knockoff|move thunderbolt
|
|move|p2a: Latias|Thunderbolt|p1a: Azumarill
|-supereffective|p1a: Azumarill
|-damage|p1a: Azumarill|46\/384
|move|p1a: Azumarill|Knock Off|p2a: Latias
|-supereffective|p2a: Latias
|-damage|p2a: Latias|83\/364
|
|upkeep
|turn|13
|choice|*move 4|*
|choice|*|*move 2
|choice|move knockoff|move recover
|
|move|p2a: Latias|Recover|p2a: Latias
|-heal|p2a: Latias|265\/364
|move|p1a: Azumarill|Knock Off|p2a: Latias
|-supereffective|p2a: Latias
|-damage|p2a: Latias|21\/364
|
|upkeep
|turn|14
|choice|*|*move 4
|choice|*move 4|*
|choice|move knockoff|move thunderbolt
|
|move|p2a: Latias|Thunderbolt|p1a: Azumarill
|-supereffective|p1a: Azumarill
|-damage|p1a: Azumarill|0 fnt
|faint|p1a: Azumarill
|
|upkeep
|choice|*switch 4|*
|choice|switch 4|
|
|switch|p1a: Thundurus|Thundurus, M|299\/299
|turn|15
|choice|*move 3|*
|choice|*|*move 3
|choice|move hiddenpower|move storedpower
|
|move|p1a: Thundurus|Hidden Power|p2a: Latias
|-supereffective|p2a: Latias
|-damage|p2a: Latias|0 fnt
|-damage|p1a: Thundurus|270\/299|[from] item: Life Orb
|faint|p2a: Latias
|
|upkeep
|choice|*|*switch 3
|choice||switch 3
|
|switch|p2a: Clefable|Clefable, F|394\/394
|turn|16
|choice|*|*move 1
|choice|*switch 2|*
|choice|switch 2|move moonblast
|
|switch|p1a: Gengar|Gengar, M|48\/261 par
|move|p2a: Clefable|Moonblast|p1a: Gengar
|-resisted|p1a: Gengar
|-damage|p1a: Gengar|0 fnt
|faint|p1a: Gengar
|
|upkeep
|choice|*switch 2|*
|choice|switch 2|
|
|switch|p1a: Thundurus|Thundurus, M|270\/299
|turn|17
|choice|*move 1|*
|choice|*|*move 1
|choice|move thunderbolt|move moonblast
|
|move|p1a: Thundurus|Thunderbolt|p2a: Clefable
|-damage|p2a: Clefable|190\/394
|-status|p2a: Clefable|par
|-damage|p1a: Thundurus|241\/299|[from] item: Life Orb
|move|p2a: Clefable|Moonblast|p1a: Thundurus
|-damage|p1a: Thundurus|112\/299
|-unboost|p1a: Thundurus|spa|1
|
|-heal|p2a: Clefable|214\/394 par|[from] item: Leftovers
|upkeep
|turn|18
|choice|*|*move 2
|choice|*move 1|*
|choice|move thunderbolt|move softboiled
|
|move|p1a: Thundurus|Thunderbolt|p2a: Clefable
|-damage|p2a: Clefable|61\/394 par
|-damage|p1a: Thundurus|83\/299|[from] item: Life Orb
|move|p2a: Clefable|Soft-Boiled|p2a: Clefable
|-heal|p2a: Clefable|258\/394 par
|
|-heal|p2a: Clefable|282\/394 par|[from] item: Leftovers
|upkeep
|turn|19
|choice|*move 1|*
|choice|*|*move 2
|choice|move thunderbolt|move softboiled
|
|move|p1a: Thundurus|Thunderbolt|p2a: Clefable
|-damage|p2a: Clefable|133\/394 par
|-damage|p1a: Thundurus|54\/299|[from] item: Life Orb
|move|p2a: Clefable|Soft-Boiled|p2a: Clefable
|-heal|p2a: Clefable|330\/394 par
|
|-heal|p2a: Clefable|354\/394 par|[from] item: Leftovers
|upkeep
|turn|20
|choice|*|*move 2
|choice|*move 1|*
|choice|move thunderbolt|move softboiled
|
|move|p1a: Thundurus|Thunderbolt|p2a: Clefable
|-damage|p2a: Clefable|212\/394 par
|-damage|p1a: Thundurus|25\/299|[from] item: Life Orb
|move|p2a: Clefable|Soft-Boiled|p2a: Clefable
|-heal|p2a: Clefable|394\/394 par
|
|upkeep
|turn|21
|choice|*move 1|*
|choice|*|*move 2
|choice|move thunderbolt|move softboiled
|
|move|p1a: Thundurus|Thunderbolt|p2a: Clefable
|-damage|p2a: Clefable|238\/394 par
|-damage|p1a: Thundurus|0 fnt|[from] item: Life Orb
|faint|p1a: Thundurus
|move|p2a: Clefable|Soft-Boiled|p2a: Clefable
|-heal|p2a: Clefable|394\/394 par
|
|upkeep
|choice|*switch 6|*
|choice|switch 6|
|
|switch|p1a: Garchomp|Garchomp, M|294\/417
|turn|22
|choice|*move 2|*
|choice|*|*move 1
|choice|move earthquake|move moonblast
|
|move|p1a: Garchomp|Earthquake|p2a: Clefable
|-damage|p2a: Clefable|259\/394 par
|move|p2a: Clefable|Moonblast|p1a: Garchomp
|-supereffective|p1a: Garchomp
|-damage|p1a: Garchomp|66\/417
|-unboost|p1a: Garchomp|spa|1
|
|-heal|p2a: Clefable|283\/394 par|[from] item: Leftovers
|upkeep
|turn|23
|choice|*move 2|*
|choice|*|*move 2
|choice|move earthquake|move softboiled
|
|move|p1a: Garchomp|Earthquake|p2a: Clefable
|-damage|p2a: Clefable|145\/394 par
|move|p2a: Clefable|Soft-Boiled|p2a: Clefable
|-heal|p2a: Clefable|342\/394 par
|
|-heal|p2a: Clefable|366\/394 par|[from] item: Leftovers
|upkeep
|turn|24
|choice|*move 2|*
|choice|*|*move 1
|choice|move earthquake|move moonblast
|
|move|p1a: Garchomp|Earthquake|p2a: Clefable
|-damage|p2a: Clefable|246\/394 par
|move|p2a: Clefable|Moonblast|p1a: Garchomp
|-supereffective|p1a: Garchomp
|-damage|p1a: Garchomp|0 fnt
|faint|p1a: Garchomp
|
|-heal|p2a: Clefable|270\/394 par|[from] item: Leftovers
|upkeep
|choice|*switch 5|*
|choice|switch 5|
|
|switch|p1a: Kyurem|Kyurem-Black|391\/391
|-ability|p1a: Kyurem|Teravolt
|turn|25
|choice|*move 2|*
|choice|*|*move 1
|choice|move fusionbolt|move moonblast
|
|move|p1a: Kyurem|Fusion Bolt|p2a: Clefable
|-damage|p2a: Clefable|134\/394 par
|-damage|p1a: Kyurem|352\/391|[from] item: Life Orb
|move|p2a: Clefable|Moonblast|p1a: Kyurem
|-supereffective|p1a: Kyurem
|-damage|p1a: Kyurem|134\/391
|-unboost|p1a: Kyurem|spa|1
|
|-heal|p2a: Clefable|158\/394 par|[from] item: Leftovers
|upkeep
|turn|26
|choice|*move 2|*
|choice|*|*move 2
|choice|move fusionbolt|move softboiled
|
|move|p1a: Kyurem|Fusion Bolt|p2a: Clefable
|-damage|p2a: Clefable|3\/394 par
|-damage|p1a: Kyurem|95\/391|[from] item: Life Orb
|cant|p2a: Clefable|par
|
|-heal|p2a: Clefable|27\/394 par|[from] item: Leftovers
|upkeep
|turn|27
|choice|*move 1|*
|choice|*|*move 2
|choice|move icebeam|move softboiled
|
|move|p1a: Kyurem|Ice Beam|p2a: Clefable
|-damage|p2a: Clefable|0 fnt
|-damage|p1a: Kyurem|56\/391|[from] item: Life Orb
|faint|p2a: Clefable
|
|upkeep
|choice|*|*switch 4
|choice||switch 4
|
|switch|p2a: Zygarde|Zygarde|358\/358
|-damage|p2a: Zygarde|336\/358|[from] Stealth Rock
|-ability|p2a: Zygarde|Aura Break
|turn|28
|choice|*|*move 3
|choice|*switch 3|*
|choice|switch 3|move extremespeed
|
|switch|p1a: Lopunny|Lopunny, M|271\/271
|move|p2a: Zygarde|Extreme Speed|p1a: Lopunny
|-damage|p1a: Lopunny|166\/271
|
|upkeep
|turn|29
|choice|*move 4 mega|*
|choice|*|*move 4
|choice|move icepunch mega|move dragondance
|
|-mega|p1a: Lopunny|Lopunny|Lopunnite
|detailschange|p1a: Lopunny|Lopunny-Mega, M
|move|p1a: Lopunny|Ice Punch|p2a: Zygarde
|-supereffective|p2a: Zygarde
|-damage|p2a: Zygarde|20\/358
|move|p2a: Zygarde|Dragon Dance|p2a: Zygarde
|-boost|p2a: Zygarde|atk|1
|-boost|p2a: Zygarde|spe|1
|
|upkeep
|turn|30
|choice|*|*move 1
|choice|*switch 3|*
|choice|switch 3|move thousandarrows
|
|switch|p1a: Kyurem|Kyurem-Black|56\/391
|-ability|p1a: Kyurem|Teravolt
|move|p2a: Zygarde|Thousand Arrows|p1a: Kyurem
|-damage|p1a: Kyurem|0 fnt
|faint|p1a: Kyurem
|
|upkeep
|choice|*switch 3|*
|choice|switch 3|
|
|switch|p1a: Lopunny|Lopunny-Mega, M|166\/271
|turn|31
|choice|*move 1|*
|choice|*|*move 2
|choice|move fakeout|move outrage
|
|move|p1a: Lopunny|Fake Out|p2a: Zygarde
|-damage|p2a: Zygarde|0 fnt
|faint|p2a: Zygarde
|
|upkeep
|choice|*|*switch 6
|choice||switch 6
|
|switch|p2a: Amoonguss|Amoonguss, F|432\/432
|-damage|p2a: Amoonguss|378\/432|[from] Stealth Rock
|turn|32
|choice|*move 4|*
|choice|*|*move 2
|choice|move icepunch|move sludgebomb
|
|move|p1a: Lopunny|Ice Punch|p2a: Amoonguss
|-supereffective|p2a: Amoonguss
|-damage|p2a: Amoonguss|168\/432
|move|p2a: Amoonguss|Sludge Bomb|p1a: Lopunny
|-damage|p1a: Lopunny|66\/271
|
|upkeep
|turn|33
|choice|*move 4|*
|choice|*|*move 2
|choice|move icepunch|move sludgebomb
|
|move|p1a: Lopunny|Ice Punch|p2a: Amoonguss
|-supereffective|p2a: Amoonguss
|-crit|p2a: Amoonguss
|-damage|p2a: Amoonguss|0 fnt
|faint|p2a: Amoonguss
|
|upkeep
|choice|*|*switch 5
|choice||switch 5
|
|switch|p2a: Mantine|Mantine, M|253\/374
|-damage|p2a: Mantine|160\/374|[from] Stealth Rock
|turn|34
|choice|*|*move 2
|choice|*move 2|*
|choice|move return|move roost
|
|move|p1a: Lopunny|Return|p2a: Mantine
|-damage|p2a: Mantine|0 fnt
|faint|p2a: Mantine
|
|win|Hаtsυnе Mіkυ
</script>
</div>
<div class="battle-log battle-log-inline"><div class="inner"><div class="battle-options"></div><div class="inner"><div class=""><small>Format:</small> <br><strong>OU</strong></div><div class=""><small><em>Cláusula-Mod de Dormir:</em> solo puedes dormir a uno de tus oponentes a la vez.</small></div><div class=""><small><em>Cláusula de Especie:</em> Hasta un Pokémon de cada especie</small></div><div class=""><small><em>Cláusula de Golpe Fulminante:</em> los movimientos fulminantes (OHKO) estan prohibidos</small></div><div class=""><small><em>Cláusula de Veleta:</em> la habilidad Veleta está prohibida</small></div><div class=""><small><em>Cláusula de Movimientos Evasivos:</em> los movimientos de Evasión están prohibidos.</small></div><div class=""><small><em>Cláusula de Batallas Eternas:</em> forzar batallas eternas está prohibido</small></div><div class="chat battle-history"><strong>Hаtsυnе Mіkυ's team:</strong> <em style="color:#445566;display:block;">Gengar / Garchomp / Lopunny / Thundurus / Kyurem-Black / Azumarill</em></div><div class="chat battle-history"><strong>ms pinguino 2's team:</strong> <em style="color:#445566;display:block;">Latias / Clefable / Kartana / Mantine / Zygarde / Amoonguss</em></div><div class="chat chatmessage-mspinguino2"><strong style="color:hsl(110,45%,35.69279863040313%)"><small>☆</small><span class="username" data-name="ms pinguino 2">ms pinguino 2</span>:</strong> <em>s</em></div><div class="chat chatmessage-mspinguino2"><strong style="color:hsl(110,45%,35.69279863040313%)"><small>☆</small><span class="username" data-name="ms pinguino 2">ms pinguino 2</span>:</strong> <em>suerte</em></div><div class="chat chatmessage-htsnmk"><strong style="color:hsl(63,86%,32.337642246067425%)"><small>☆</small><span class="username" data-name="Hаtsυnе Mіkυ">Hаtsυnе Mіkυ</span>:</strong> <em>ya perdi xD</em></div><div class="chat chatmessage-mspinguino2"><strong style="color:hsl(110,45%,35.69279863040313%)"><small>☆</small><span class="username" data-name="ms pinguino 2">ms pinguino 2</span>:</strong> <em>por que</em></div><div class="chat chatmessage-htsnmk"><strong style="color:hsl(63,86%,32.337642246067425%)"><small>☆</small><span class="username" data-name="Hаtsυnе Mіkυ">Hаtsυnе Mіkυ</span>:</strong> <em>no juego desde 2015</em></div><div class="chat chatmessage-htsnmk"><strong style="color:hsl(63,86%,32.337642246067425%)"><small>☆</small><span class="username" data-name="Hаtsυnе Mіkυ">Hаtsυnе Mіkυ</span>:</strong> <em>este team era de ese año</em></div><div class="spacer battle-history"><br></div><div class="battle-history">Battle started between Hаtsυnе Mіkυ and ms pinguino 2!<br></div><div class="spacer battle-history"><br></div><div class="battle-history">Go! <strong>Garchomp</strong>!<br></div><div class="spacer battle-history"><br></div><div class="battle-history">ms pinguino 2 sent out <strong>Zygarde</strong>!<br></div><div class="battle-history"><small>[The opposing Zygarde's Aura Break]</small><br><small>The opposing Zygarde reversed all other Pokémon's auras!</small><br></div><div class="spacer battle-history"><br></div><h2 class="battle-history">Turn 1</h2><div class="spacer battle-history"><br></div><div class="battle-history">ms pinguino 2 withdrew Zygarde!<br></div><div class="battle-history">ms pinguino 2 sent out <strong>Mantine</strong>!<br></div><div class="spacer battle-history"><br></div><div class="battle-history">Garchomp used <strong>Stealth Rock</strong>!<br></div><div class="battle-history"><small>Pointed stones float in the air around the opposing team!</small><br></div><div class="spacer battle-history"><br></div><h2 class="battle-history">Turn 2</h2><div class="spacer battle-history"><br></div><div class="battle-history">The opposing Mantine used <strong>Defog</strong>!<br></div><div class="battle-history"><small>Garchomp's evasiveness fell!</small><br></div><div class="battle-history"><small>The pointed stones disappeared from around the opposing team!</small><br></div><div class="spacer battle-history"><br></div><div class="battle-history">Garchomp used <strong>Dragon Tail</strong>!<br></div><div class="battle-history"><small>A critical hit!</small><br></div><div class="battle-history"><small>(The opposing Mantine lost <abbr title="−121/374">32.4%</abbr> of its health!)</small><br></div><div class="spacer battle-history"><br></div><div class="battle-history"><strong>Latias</strong> was dragged out!<br></div><div class="spacer battle-history"><br></div><h2 class="battle-history">Turn 3</h2><div class="spacer battle-history"><br></div><div class="battle-history">ms pinguino 2 withdrew Latias!<br></div><div class="battle-history">ms pinguino 2 sent out <strong>Clefable</strong>!<br></div><div class="spacer battle-history"><br></div><div class="battle-history">Garchomp, come back!<br></div><div class="battle-history">Go! <strong>Azumarill</strong>!<br></div><div class="spacer battle-history"><br></div><h2 class="battle-history">Turn 4</h2><div class="spacer battle-history"><br></div><div class="battle-history">Azumarill, come back!<br></div><div class="battle-history">Go! <strong>Gengar</strong>!<br></div><div class="spacer battle-history"><br></div><div class="battle-history">The opposing Clefable used <strong>Thunder Wave</strong>!<br></div><div class="battle-history"><small>Gengar is paralyzed! It may be unable to move!</small><br></div><div class="spacer battle-history"><br></div><h2 class="battle-history">Turn 5</h2><div class="spacer battle-history"><br></div><div class="battle-history">ms pinguino 2 withdrew Clefable!<br></div><div class="battle-history">ms pinguino 2 sent out <strong>Kartana</strong>!<br></div><div class="spacer battle-history"><br></div><div class="battle-history">Gengar used <strong>Sludge Wave</strong>!<br></div><div class="battle-history"><small>It doesn't affect the opposing Kartana...</small><br></div><div class="spacer battle-history"><br></div><h2 class="battle-history">Turn 6</h2><div class="chat chatmessage-htsnmk"><strong style="color:hsl(63,86%,32.337642246067425%)"><small>☆</small><span class="username" data-name="Hаtsυnе Mіkυ">Hаtsυnе Mіkυ</span>:</strong> <em>!data kartana</em></div><div class="chat message-error">[outdated code no longer supported]</div><div class="spacer battle-history"><br></div><div class="battle-history">Gengar, come back!<br></div><div class="battle-history">Go! <strong>Garchomp</strong>!<br></div><div class="spacer battle-history"><br></div><div class="battle-history">The opposing Kartana used <strong>Smart Strike</strong>!<br></div><div class="battle-history"><small>(Garchomp lost <abbr title="−123/417">29.5%</abbr> of its health!)</small><br></div><div class="battle-history"><small>[Garchomp's Rough Skin]</small><br><small>The opposing Kartana was hurt!</small><br></div><div class="battle-history"><small>The opposing Kartana was hurt by the Rocky Helmet!</small><br></div><div class="spacer battle-history"><br></div><h2 class="battle-history">Turn 7</h2><div class="spacer battle-history"><br></div><div class="battle-history">ms pinguino 2 withdrew Kartana!<br></div><div class="battle-history">ms pinguino 2 sent out <strong>Amoonguss</strong>!<br></div><div class="spacer battle-history"><br></div><div class="battle-history">Garchomp used <strong>Stealth Rock</strong>!<br></div><div class="battle-history"><small>Pointed stones float in the air around the opposing team!</small><br></div><div class="spacer battle-history"><br></div><h2 class="battle-history">Turn 8</h2><div class="spacer battle-history"><br></div><div class="battle-history">Garchomp, come back!<br></div><div class="battle-history">Go! <strong>Gengar</strong>!<br></div><div class="spacer battle-history"><br></div><div class="battle-history">The opposing Amoonguss used <strong>Sludge Bomb</strong>!<br></div><div class="battle-history"><small>It's not very effective...</small><br></div><div class="battle-history"><small>(Gengar lost <abbr title="−29/261">11.1%</abbr> of its health!)</small><br></div><div class="spacer battle-history"><br></div><h2 class="battle-history">Turn 9</h2><div class="spacer battle-history"><br></div><div class="battle-history">Gengar is paralyzed! It can't move!<br></div><div class="spacer battle-history"><br></div><div class="battle-history">The opposing Amoonguss used <strong>Stomping Tantrum</strong>!<br></div><div class="battle-history"><small>It's super effective!</small><br></div><div class="battle-history"><small>(Gengar lost <abbr title="−158/261">60.5%</abbr> of its health!)</small><br></div><div class="battle-history"><small>[Gengar's Cursed Body]</small><br><small>The opposing Amoonguss's Stomping Tantrum was disabled!</small><br></div><div class="spacer battle-history"><br></div><h2 class="battle-history">Turn 10</h2><div class="spacer battle-history"><br></div><div class="battle-history">ms pinguino 2 withdrew Amoonguss!<br></div><div class="battle-history">ms pinguino 2 sent out <strong>Kartana</strong>!<br></div><div class="battle-history"><small>Pointed stones dug into the opposing Kartana!</small><br></div><div class="spacer battle-history"><br></div><div class="battle-history">Gengar used <strong>Shadow Ball</strong>!<br></div><div class="battle-history"><small>(The opposing Kartana lost <abbr title="−169/260">65%</abbr> of its health!)</small><br></div><div class="battle-history"><small>Gengar lost some of its HP!</small><br></div><div class="spacer battle-history"><br></div><div class="battle-history">The opposing Kartana fainted!<br></div><div class="spacer battle-history"><br></div><div class="battle-history">ms pinguino 2 sent out <strong>Latias</strong>!<br></div><div class="battle-history"><small>Pointed stones dug into the opposing Latias!</small><br></div><div class="spacer battle-history"><br></div><h2 class="battle-history">Turn 11</h2><div class="spacer battle-history"><br></div><div class="battle-history">Gengar, come back!<br></div><div class="battle-history">Go! <strong>Azumarill</strong>!<br></div><div class="spacer battle-history"><br></div><div class="battle-history"><small>The opposing Latias's Latiasite is reacting to the Key Stone!</small><br>The opposing Latias has Mega Evolved into Mega Latias!<br></div><div class="spacer battle-history"><br></div><div class="battle-history">The opposing Latias used <strong>Calm Mind</strong>!<br></div><div class="battle-history"><small>The opposing Latias's Special Attack rose!</small><br></div><div class="battle-history"><small>The opposing Latias's Special Defense rose!</small><br></div><div class="spacer battle-history"><br></div><h2 class="battle-history">Turn 12</h2><div class="spacer battle-history"><br></div><div class="battle-history">The opposing Latias used <strong>Thunderbolt</strong>!<br></div><div class="battle-history"><small>It's super effective!</small><br></div><div class="battle-history"><small>(Azumarill lost <abbr title="−338/384">88.0%</abbr> of its health!)</small><br></div><div class="spacer battle-history"><br></div><div class="battle-history">Azumarill used <strong>Knock Off</strong>!<br></div><div class="battle-history"><small>It's super effective!</small><br></div><div class="battle-history"><small>(The opposing Latias lost <abbr title="−236/364">64.8%</abbr> of its health!)</small><br></div><div class="spacer battle-history"><br></div><h2 class="battle-history">Turn 13</h2><div class="spacer battle-history"><br></div><div class="battle-history">The opposing Latias used <strong>Recover</strong>!<br></div><div class="battle-history"><small>The opposing Latias restored its HP.</small><br></div><div class="spacer battle-history"><br></div><div class="battle-history">Azumarill used <strong>Knock Off</strong>!<br></div><div class="battle-history"><small>It's super effective!</small><br></div><div class="battle-history"><small>(The opposing Latias lost <abbr title="−244/364">67.0%</abbr> of its health!)</small><br></div><div class="spacer battle-history"><br></div><h2 class="battle-history">Turn 14</h2><div class="spacer battle-history"><br></div><div class="battle-history">The opposing Latias used <strong>Thunderbolt</strong>!<br></div><div class="battle-history"><small>It's super effective!</small><br></div><div class="battle-history"><small>(Azumarill lost <abbr title="−46/384">12.0%</abbr> of its health!)</small><br></div><div class="spacer battle-history"><br></div><div class="battle-history">Azumarill fainted!<br></div><div class="spacer battle-history"><br></div><div class="battle-history">Go! <strong>Thundurus</strong>!<br></div><div class="spacer battle-history"><br></div><h2 class="battle-history">Turn 15</h2><div class="spacer battle-history"><br></div><div class="battle-history">Thundurus used <strong>Hidden Power</strong>!<br></div><div class="battle-history"><small>It's super effective!</small><br></div><div class="battle-history"><small>(The opposing Latias lost <abbr title="−21/364">5.8%</abbr> of its health!)</small><br></div><div class="battle-history"><small>Thundurus lost some of its HP!</small><br></div><div class="spacer battle-history"><br></div><div class="battle-history">The opposing Latias fainted!<br></div><div class="spacer battle-history"><br></div><div class="battle-history">ms pinguino 2 sent out <strong>Clefable</strong>!<br></div><div class="spacer battle-history"><br></div><h2 class="battle-history">Turn 16</h2><div class="spacer battle-history"><br></div><div class="battle-history">Thundurus, come back!<br></div><div class="battle-history">Go! <strong>Gengar</strong>!<br></div><div class="spacer battle-history"><br></div><div class="battle-history">The opposing Clefable used <strong>Moonblast</strong>!<br></div><div class="battle-history"><small>It's not very effective...</small><br></div><div class="battle-history"><small>(Gengar lost <abbr title="−48/261">18.4%</abbr> of its health!)</small><br></div><div class="spacer battle-history"><br></div><div class="battle-history">Gengar fainted!<br></div><div class="spacer battle-history"><br></div><div class="battle-history">Go! <strong>Thundurus</strong>!<br></div><div class="spacer battle-history"><br></div><h2 class="battle-history">Turn 17</h2><div class="spacer battle-history"><br></div><div class="battle-history">Thundurus used <strong>Thunderbolt</strong>!<br></div><div class="battle-history"><small>(The opposing Clefable lost <abbr title="−204/394">51.8%</abbr> of its health!)</small><br></div><div class="battle-history"><small>The opposing Clefable is paralyzed! It may be unable to move!</small><br></div><div class="battle-history"><small>Thundurus lost some of its HP!</small><br></div><div class="spacer battle-history"><br></div><div class="battle-history">The opposing Clefable used <strong>Moonblast</strong>!<br></div><div class="battle-history"><small>(Thundurus lost <abbr title="−129/299">43.1%</abbr> of its health!)</small><br></div><div class="battle-history"><small>Thundurus's Special Attack fell!</small><br></div><div class="spacer battle-history"><br></div><div class="battle-history"><small>The opposing Clefable restored a little HP using its Leftovers!</small><br></div><div class="spacer battle-history"><br></div><h2 class="battle-history">Turn 18</h2><div class="spacer battle-history"><br></div><div class="battle-history">Thundurus used <strong>Thunderbolt</strong>!<br></div><div class="battle-history"><small>(The opposing Clefable lost <abbr title="−153/394">38.8%</abbr> of its health!)</small><br></div><div class="battle-history"><small>Thundurus lost some of its HP!</small><br></div><div class="spacer battle-history"><br></div><div class="battle-history">The opposing Clefable used <strong>Soft-Boiled</strong>!<br></div><div class="battle-history"><small>The opposing Clefable restored its HP.</small><br></div><div class="spacer battle-history"><br></div><div class="battle-history"><small>The opposing Clefable restored a little HP using its Leftovers!</small><br></div><div class="spacer battle-history"><br></div><h2 class="battle-history">Turn 19</h2><div class="spacer battle-history"><br></div><div class="battle-history">Thundurus used <strong>Thunderbolt</strong>!<br></div><div class="battle-history"><small>(The opposing Clefable lost <abbr title="−149/394">37.8%</abbr> of its health!)</small><br></div><div class="battle-history"><small>Thundurus lost some of its HP!</small><br></div><div class="spacer battle-history"><br></div><div class="battle-history">The opposing Clefable used <strong>Soft-Boiled</strong>!<br></div><div class="battle-history"><small>The opposing Clefable restored its HP.</small><br></div><div class="spacer battle-history"><br></div><div class="battle-history"><small>The opposing Clefable restored a little HP using its Leftovers!</small><br></div><div class="spacer battle-history"><br></div><h2 class="battle-history">Turn 20</h2><div class="spacer battle-history"><br></div><div class="battle-history">Thundurus used <strong>Thunderbolt</strong>!<br></div><div class="battle-history"><small>(The opposing Clefable lost <abbr title="−142/394">36.0%</abbr> of its health!)</small><br></div><div class="battle-history"><small>Thundurus lost some of its HP!</small><br></div><div class="spacer battle-history"><br></div><div class="battle-history">The opposing Clefable used <strong>Soft-Boiled</strong>!<br></div><div class="battle-history"><small>The opposing Clefable restored its HP.</small><br></div><div class="spacer battle-history"><br></div><h2 class="battle-history">Turn 21</h2><div class="spacer battle-history"><br></div><div class="battle-history">Thundurus used <strong>Thunderbolt</strong>!<br></div><div class="battle-history"><small>(The opposing Clefable lost <abbr title="−156/394">39.6%</abbr> of its health!)</small><br></div><div class="battle-history"><small>Thundurus lost some of its HP!</small><br></div><div class="spacer battle-history"><br></div><div class="battle-history">Thundurus fainted!<br></div><div class="battle-history">The opposing Clefable used <strong>Soft-Boiled</strong>!<br></div><div class="battle-history"><small>The opposing Clefable restored its HP.</small><br></div><div class="spacer battle-history"><br></div><div class="battle-history">Go! <strong>Garchomp</strong>!<br></div><div class="spacer battle-history"><br></div><h2 class="battle-history">Turn 22</h2><div class="spacer battle-history"><br></div><div class="battle-history">Garchomp used <strong>Earthquake</strong>!<br></div><div class="battle-history"><small>(The opposing Clefable lost <abbr title="−135/394">34.3%</abbr> of its health!)</small><br></div><div class="spacer battle-history"><br></div><div class="battle-history">The opposing Clefable used <strong>Moonblast</strong>!<br></div><div class="battle-history"><small>It's super effective!</small><br></div><div class="battle-history"><small>(Garchomp lost <abbr title="−228/417">54.7%</abbr> of its health!)</small><br></div><div class="battle-history"><small>Garchomp's Special Attack fell!</small><br></div><div class="spacer battle-history"><br></div><div class="battle-history"><small>The opposing Clefable restored a little HP using its Leftovers!</small><br></div><div class="spacer battle-history"><br></div><h2 class="battle-history">Turn 23</h2><div class="spacer battle-history"><br></div><div class="battle-history">Garchomp used <strong>Earthquake</strong>!<br></div><div class="battle-history"><small>(The opposing Clefable lost <abbr title="−138/394">35.0%</abbr> of its health!)</small><br></div><div class="spacer battle-history"><br></div><div class="battle-history">The opposing Clefable used <strong>Soft-Boiled</strong>!<br></div><div class="battle-history"><small>The opposing Clefable restored its HP.</small><br></div><div class="spacer battle-history"><br></div><div class="battle-history"><small>The opposing Clefable restored a little HP using its Leftovers!</small><br></div><div class="spacer battle-history"><br></div><h2 class="battle-history">Turn 24</h2><div class="spacer battle-history"><br></div><div class="battle-history">Garchomp used <strong>Earthquake</strong>!<br></div><div class="battle-history"><small>(The opposing Clefable lost <abbr title="−120/394">30.5%</abbr> of its health!)</small><br></div><div class="spacer battle-history"><br></div><div class="battle-history">The opposing Clefable used <strong>Moonblast</strong>!<br></div><div class="battle-history"><small>It's super effective!</small><br></div><div class="battle-history"><small>(Garchomp lost <abbr title="−66/417">15.8%</abbr> of its health!)</small><br></div><div class="spacer battle-history"><br></div><div class="battle-history">Garchomp fainted!<br></div><div class="spacer battle-history"><br></div><div class="battle-history"><small>The opposing Clefable restored a little HP using its Leftovers!</small><br></div><div class="spacer battle-history"><br></div><div class="battle-history">Go! Kyurem (<strong>Kyurem-Black</strong>)!<br></div><div class="battle-history"><small>[Kyurem's Teravolt]</small><br><small>Kyurem is radiating a bursting aura!</small><br></div><div class="spacer battle-history"><br></div><h2 class="battle-history">Turn 25</h2><div class="spacer battle-history"><br></div><div class="battle-history">Kyurem used <strong>Fusion Bolt</strong>!<br></div><div class="battle-history"><small>(The opposing Clefable lost <abbr title="−136/394">34.5%</abbr> of its health!)</small><br></div><div class="battle-history"><small>Kyurem lost some of its HP!</small><br></div><div class="spacer battle-history"><br></div><div class="battle-history">The opposing Clefable used <strong>Moonblast</strong>!<br></div><div class="battle-history"><small>It's super effective!</small><br></div><div class="battle-history"><small>(Kyurem lost <abbr title="−218/391">55.8%</abbr> of its health!)</small><br></div><div class="battle-history"><small>Kyurem's Special Attack fell!</small><br></div><div class="spacer battle-history"><br></div><div class="battle-history"><small>The opposing Clefable restored a little HP using its Leftovers!</small><br></div><div class="spacer battle-history"><br></div><h2 class="battle-history">Turn 26</h2><div class="spacer battle-history"><br></div><div class="battle-history">Kyurem used <strong>Fusion Bolt</strong>!<br></div><div class="battle-history"><small>(The opposing Clefable lost <abbr title="−155/394">39.3%</abbr> of its health!)</small><br></div><div class="battle-history"><small>Kyurem lost some of its HP!</small><br></div><div class="spacer battle-history"><br></div><div class="battle-history">The opposing Clefable is paralyzed! It can't move!<br></div><div class="spacer battle-history"><br></div><div class="battle-history"><small>The opposing Clefable restored a little HP using its Leftovers!</small><br></div><div class="spacer battle-history"><br></div><h2 class="battle-history">Turn 27</h2><div class="spacer battle-history"><br></div><div class="battle-history">Kyurem used <strong>Ice Beam</strong>!<br></div><div class="battle-history"><small>(The opposing Clefable lost <abbr title="−27/394">6.9%</abbr> of its health!)</small><br></div><div class="battle-history"><small>Kyurem lost some of its HP!</small><br></div><div class="spacer battle-history"><br></div><div class="battle-history">The opposing Clefable fainted!<br></div><div class="spacer battle-history"><br></div><div class="battle-history">ms pinguino 2 sent out <strong>Zygarde</strong>!<br></div><div class="battle-history"><small>Pointed stones dug into the opposing Zygarde!</small><br></div><div class="battle-history"><small>[The opposing Zygarde's Aura Break]</small><br><small>The opposing Zygarde reversed all other Pokémon's auras!</small><br></div><div class="spacer battle-history"><br></div><h2 class="battle-history">Turn 28</h2><div class="spacer battle-history"><br></div><div class="battle-history">Kyurem, come back!<br></div><div class="battle-history">Go! <strong>Lopunny</strong>!<br></div><div class="spacer battle-history"><br></div><div class="battle-history">The opposing Zygarde used <strong>Extreme Speed</strong>!<br></div><div class="battle-history"><small>(Lopunny lost <abbr title="−105/271">38.7%</abbr> of its health!)</small><br></div><div class="spacer battle-history"><br></div><h2 class="battle-history">Turn 29</h2><div class="spacer battle-history"><br></div><div class="battle-history"><small>Lopunny's Lopunnite is reacting to the Key Stone!</small><br>Lopunny has Mega Evolved into Mega Lopunny!<br></div><div class="spacer battle-history"><br></div><div class="battle-history">Lopunny used <strong>Ice Punch</strong>!<br></div><div class="battle-history"><small>It's super effective!</small><br></div><div class="battle-history"><small>(The opposing Zygarde lost <abbr title="−316/358">88.3%</abbr> of its health!)</small><br></div><div class="spacer battle-history"><br></div><div class="battle-history">The opposing Zygarde used <strong>Dragon Dance</strong>!<br></div><div class="battle-history"><small>The opposing Zygarde's Attack rose!</small><br></div><div class="battle-history"><small>The opposing Zygarde's Speed rose!</small><br></div><div class="spacer battle-history"><br></div><h2 class="battle-history">Turn 30</h2><div class="spacer battle-history"><br></div><div class="battle-history">Lopunny, come back!<br></div><div class="battle-history">Go! Kyurem (<strong>Kyurem-Black</strong>)!<br></div><div class="battle-history"><small>[Kyurem's Teravolt]</small><br><small>Kyurem is radiating a bursting aura!</small><br></div><div class="spacer battle-history"><br></div><div class="battle-history">The opposing Zygarde used <strong>Thousand Arrows</strong>!<br></div><div class="battle-history"><small>(Kyurem lost <abbr title="−56/391">14.3%</abbr> of its health!)</small><br></div><div class="spacer battle-history"><br></div><div class="battle-history">Kyurem fainted!<br></div><div class="spacer battle-history"><br></div><div class="battle-history">Go! Lopunny (<strong>Lopunny-Mega</strong>)!<br></div><div class="spacer battle-history"><br></div><h2 class="battle-history">Turn 31</h2><div class="spacer battle-history"><br></div><div class="battle-history">Lopunny used <strong>Fake Out</strong>!<br></div><div class="battle-history"><small>(The opposing Zygarde lost <abbr title="−20/358">5.6%</abbr> of its health!)</small><br></div><div class="spacer battle-history"><br></div><div class="battle-history">The opposing Zygarde fainted!<br></div><div class="spacer battle-history"><br></div><div class="battle-history">ms pinguino 2 sent out <strong>Amoonguss</strong>!<br></div><div class="battle-history"><small>Pointed stones dug into the opposing Amoonguss!</small><br></div><div class="spacer battle-history"><br></div><h2 class="battle-history">Turn 32</h2><div class="spacer battle-history"><br></div><div class="battle-history">Lopunny used <strong>Ice Punch</strong>!<br></div><div class="battle-history"><small>It's super effective!</small><br></div><div class="battle-history"><small>(The opposing Amoonguss lost <abbr title="−210/432">48.6%</abbr> of its health!)</small><br></div><div class="spacer battle-history"><br></div><div class="battle-history">The opposing Amoonguss used <strong>Sludge Bomb</strong>!<br></div><div class="battle-history"><small>(Lopunny lost <abbr title="−100/271">36.9%</abbr> of its health!)</small><br></div><div class="spacer battle-history"><br></div><h2 class="battle-history">Turn 33</h2><div class="spacer battle-history"><br></div><div class="battle-history">Lopunny used <strong>Ice Punch</strong>!<br></div><div class="battle-history"><small>It's super effective!</small><br></div><div class="battle-history"><small>A critical hit!</small><br></div><div class="battle-history"><small>(The opposing Amoonguss lost <abbr title="−168/432">38.9%</abbr> of its health!)</small><br></div><div class="spacer battle-history"><br></div><div class="battle-history">The opposing Amoonguss fainted!<br></div><div class="spacer battle-history"><br></div><div class="battle-history">ms pinguino 2 sent out <strong>Mantine</strong>!<br></div><div class="battle-history"><small>Pointed stones dug into the opposing Mantine!</small><br></div><div class="spacer battle-history"><br></div><h2 class="battle-history">Turn 34</h2><div class="spacer battle-history"><br></div><div class="battle-history">Lopunny used <strong>Return</strong>!<br></div><div class="battle-history"><small>(The opposing Mantine lost <abbr title="−160/374">42.8%</abbr> of its health!)</small><br></div><div class="spacer battle-history"><br></div><div class="battle-history">The opposing Mantine fainted!<br></div><div class="spacer battle-history"><br></div><div class="battle-history"><strong>Hаtsυnе Mіkυ</strong> won the battle!<br></div></div><div class="inner-preempt"></div></div></div>
</div>
<script>
let daily = Math.floor(Date.now()/1000/60/60/24);document.write('<script src="https://play.pokemonshowdown.com/js/replay-embed.js?version'+daily+'"></'+'script>');
</script>
