<!DOCTYPE html>
<meta charset="utf-8" />
<!-- version 1 -->
<title>OU replay: No man's hax vs. Gеrard Way</title>
<style>
html,body {font-family:Verdana, sans-serif;font-size:10pt;margin:0;padding:0;}body{padding:12px 0;} .battle-log {font-family:Verdana, sans-serif;font-size:10pt;} .battle-log-inline {border:1px solid #AAAAAA;background:#EEF2F5;color:black;max-width:640px;margin:0 auto 80px;padding-bottom:5px;} .battle-log .inner {padding:4px 8px 0px 8px;} .battle-log .inner-preempt {padding:0 8px 4px 8px;} .battle-log .inner-after {margin-top:0.5em;} .battle-log h2 {margin:0.5em -8px;padding:4px 8px;border:1px solid #AAAAAA;background:#E0E7EA;border-left:0;border-right:0;font-family:Verdana, sans-serif;font-size:13pt;} .battle-log .chat {vertical-align:middle;padding:3px 0 3px 0;font-size:8pt;} .battle-log .chat strong {color:#40576A;} .battle-log .chat em {padding:1px 4px 1px 3px;color:#000000;font-style:normal;} .chat.mine {background:rgba(0,0,0,0.05);margin-left:-8px;margin-right:-8px;padding-left:8px;padding-right:8px;} .spoiler {color:#BBBBBB;background:#BBBBBB;padding:0px 3px;} .spoiler:hover, .spoiler:active, .spoiler-shown {color:#000000;background:#E2E2E2;padding:0px 3px;} .spoiler a {color:#BBBBBB;} .spoiler:hover a, .spoiler:active a, .spoiler-shown a {color:#2288CC;} .chat code, .chat .spoiler:hover code, .chat .spoiler:active code, .chat .spoiler-shown code {border:1px solid #C0C0C0;background:#EEEEEE;color:black;padding:0 2px;} .chat .spoiler code {border:1px solid #CCCCCC;background:#CCCCCC;color:#CCCCCC;} .battle-log .rated {padding:3px 4px;} .battle-log .rated strong {color:white;background:#89A;padding:1px 4px;border-radius:4px;} .spacer {margin-top:0.5em;} .message-announce {background:#6688AA;color:white;padding:1px 4px 2px;} .message-announce a, .broadcast-green a, .broadcast-blue a, .broadcast-red a {color:#DDEEFF;} .broadcast-green {background-color:#559955;color:white;padding:2px 4px;} .broadcast-blue {background-color:#6688AA;color:white;padding:2px 4px;} .infobox {border:1px solid #6688AA;padding:2px 4px;} .infobox-limited {max-height:200px;overflow:auto;overflow-x:hidden;} .broadcast-red {background-color:#AA5544;color:white;padding:2px 4px;} .message-learn-canlearn {font-weight:bold;color:#228822;text-decoration:underline;} .message-learn-cannotlearn {font-weight:bold;color:#CC2222;text-decoration:underline;} .message-effect-weak {font-weight:bold;color:#CC2222;} .message-effect-resist {font-weight:bold;color:#6688AA;} .message-effect-immune {font-weight:bold;color:#666666;} .message-learn-list {margin-top:0;margin-bottom:0;} .message-throttle-notice, .message-error {color:#992222;} .message-overflow, .chat small.message-overflow {font-size:0pt;} .message-overflow::before {font-size:9pt;content:'...';} .subtle {color:#3A4A66;}
</style>
<div class="wrapper replay-wrapper" style="max-width:1180px;margin:0 auto">
<input type="hidden" name="replayid" value="destiny-ou-510370" />
<div class="battle"></div><div class="battle-log"></div><div class="replay-controls"></div><div class="replay-controls-2"></div>
<h1 style="font-weight:normal;text-align:center"><strong>OU</strong><br /><a href="http://pokemonshowdown.com/users/nomanshax" class="subtle" target="_blank">No man's hax</a> vs. <a href="http://pokemonshowdown.com/users/grardway" class="subtle" target="_blank">Gеrard Way</a></h1>
<script type="text/plain" class="battle-log-data">|unlink|||tour
|player|p1|No man's hax|nomanshax-13.gif?24765d8f
|teamsize|p1|6
|player|p2|Gеrard Way|grardway-9.gif?a103bcc6
|teamsize|p2|6
|teamsize|p1|6
|teamsize|p2|6
|gametype|singles
|gen|7
|tier|OU
|seed|9287,20363,14596,29756
|rule|Cláusula-Mod de Dormir: solo puedes dormir a uno de tus oponentes a la vez.
|rule|Cláusula de Especie: Hasta un Pokémon de cada especie
|rule|Cláusula de Golpe Fulminante: los movimientos fulminantes (OHKO) estan prohibidos
|rule|Cláusula de Veleta: la habilidad Veleta está prohibida
|rule|Cláusula de Movimientos Evasivos: los movimientos de Evasión están prohibidos.
|rule|Cláusula de Batallas Eternas: forzar batallas eternas está prohibido
|clearpoke
|poke|p1|Pinsir, F|item
|poke|p1|Zapdos|item
|poke|p1|Ferrothorn, M|item
|poke|p1|Landorus-Therian, M|item
|poke|p1|Greninja, M|item
|poke|p1|Volcarona, M|item
|poke|p2|Azumarill, M|item
|poke|p2|Tapu Bulu|item
|poke|p2|Heatran, M|item
|poke|p2|Tornadus-Therian, M|item
|poke|p2|Zygarde|item
|poke|p2|Scizor, M|item
|teampreview|undefined
|c|☆No man's hax|que la hax te acompañe
|choice|*team 423156|*
|c|☆Gеrard Way|A ti no :<
|choice|*|*team 321456
|choice|team 4, 2, 3, 1, 5, 6|team 3, 2, 1, 4, 5, 6
|
|start
|switch|p1a: Landorus|Landorus-Therian, M|339\/339
|switch|p2a: Heatran|Heatran, M|323\/323
|-ability|p1a: Landorus|Intimidate|boost
|-unboost|p2a: Heatran|atk|1
|turn|1
|choice|*move 2|*
|choice|*|*switch 4
|choice|move earthquake|switch 4
|
|switch|p2a: Tornadus|Tornadus-Therian, M|362\/362
|move|p1a: Landorus|Earthquake|p2a: Tornadus
|-immune|p2a: Tornadus|[msg]
|
|upkeep
|turn|2
|choice|*switch 2|*
|choice|*|*move 2
|choice|switch 2|move knockoff
|
|switch|p1a: Zapdos|Zapdos|383\/383
|move|p2a: Tornadus|Knock Off|p1a: Zapdos
|-damage|p1a: Zapdos|327\/383
|-status|p2a: Tornadus|par|[from] ability: Static|[of] p1a: Zapdos
|-enditem|p1a: Zapdos|Leftovers|[from] move: Knock Off|[of] p2a: Tornadus
|
|upkeep
|turn|3
|c|☆No man's hax|bueno empezamos bien
|choice|*|*switch 5
|choice|*move 4|*
|choice|*|*switch 5
|choice|move discharge|switch 5
|
|switch|p2a: Zygarde|Zygarde|358\/358
|-ability|p2a: Zygarde|Aura Break
|move|p1a: Zapdos|Discharge|p2a: Zygarde
|-immune|p2a: Zygarde|[msg]
|
|upkeep
|turn|4
|choice|*switch 2|*
|choice|*|*move 1
|choice|switch 2|move thousandarrows
|
|switch|p1a: Landorus|Landorus-Therian, M|339\/339
|-ability|p1a: Landorus|Intimidate|boost
|-unboost|p2a: Zygarde|atk|1
|move|p2a: Zygarde|Thousand Arrows|p1a: Landorus
|-damage|p1a: Landorus|186\/339
|-start|p1a: Landorus|Smack Down
|
|upkeep
|turn|5
|choice|*move 4|*
|choice|*|*switch 5
|choice|move uturn|switch 5
|
|switch|p2a: Tornadus|Tornadus-Therian, M|362\/362 par
|move|p1a: Landorus|U-turn|p2a: Tornadus
|-resisted|p2a: Tornadus
|-damage|p2a: Tornadus|308\/362 par
|-damage|p1a: Landorus|130\/339|[from] item: Rocky Helmet|[of] p2a: Tornadus
|choice|*switch 3|*
|choice|switch 3|
|
|switch|p1a: Ferrothorn|Ferrothorn, M|352\/352|[from]move: U-turn
|
|upkeep
|turn|6
|choice|*move 1|*
|choice|*|*switch 4
|choice|move stealthrock|switch 4
|
|switch|p2a: Heatran|Heatran, M|323\/323
|move|p1a: Ferrothorn|Stealth Rock|p2a: Heatran
|-sidestart|p2: Gеrard Way|move: Stealth Rock
|
|upkeep
|turn|7
|choice|*|*move 4
|choice|*move 2|*
|choice|move leechseed|move stealthrock
|
|move|p2a: Heatran|Stealth Rock|p1a: Ferrothorn
|-sidestart|p1: No man's hax|move: Stealth Rock
|move|p1a: Ferrothorn|Leech Seed|p2a: Heatran|[miss]
|-miss|p1a: Ferrothorn|p2a: Heatran
|
|upkeep
|turn|8
|choice|*move 4|*
|choice|*|*move 2
|choice|move protect|move lavaplume
|
|move|p1a: Ferrothorn|Protect|p1a: Ferrothorn
|-singleturn|p1a: Ferrothorn|Protect
|move|p2a: Heatran|Lava Plume|p1a: Ferrothorn
|-activate|p1a: Ferrothorn|move: Protect
|
|upkeep
|turn|9
|choice|*|*move 2
|choice|*switch 5|*
|choice|switch 5|move lavaplume
|
|switch|p1a: Greninja|Greninja, M|285\/285
|-damage|p1a: Greninja|250\/285|[from] Stealth Rock
|move|p2a: Heatran|Lava Plume|p1a: Greninja
|-resisted|p1a: Greninja
|-damage|p1a: Greninja|150\/285
|
|upkeep
|turn|10
|choice|*move 4|*
|choice|*|*switch 3
|choice|move hydropump|switch 3
|
|switch|p2a: Azumarill|Azumarill, M|404\/404
|-damage|p2a: Azumarill|354\/404|[from] Stealth Rock
|move|p1a: Greninja|Hydro Pump|p2a: Azumarill
|-resisted|p2a: Azumarill
|-damage|p2a: Azumarill|245\/404
|
|-heal|p2a: Azumarill|270\/404|[from] item: Leftovers
|upkeep
|turn|11
|choice|*switch 5|*
|choice|*|*move 2
|choice|switch 5|move whirlpool
|
|switch|p1a: Ferrothorn|Ferrothorn, M|352\/352
|-damage|p1a: Ferrothorn|330\/352|[from] Stealth Rock
|move|p2a: Azumarill|Whirlpool|p1a: Ferrothorn
|-resisted|p1a: Ferrothorn
|-damage|p1a: Ferrothorn|321\/352
|-activate|p1a: Ferrothorn|move: Whirlpool|[of] p2a: Azumarill
|
|-heal|p2a: Azumarill|295\/404|[from] item: Leftovers
|-heal|p1a: Ferrothorn|343\/352|[from] item: Leftovers
|-damage|p1a: Ferrothorn|299\/352|[from] move: Whirlpool|[partiallytrapped]
|upkeep
|turn|12
|choice|*move 2|*
|choice|*|*move 1
|choice|move leechseed|move perishsong
|
|move|p2a: Azumarill|Perish Song|p2a: Azumarill
|-start|p1a: Ferrothorn|perish3|[silent]
|-start|p2a: Azumarill|perish3|[silent]
|-fieldactivate|move: Perish Song
|move|p1a: Ferrothorn|Leech Seed|p2a: Azumarill
|-ability|p2a: Azumarill|Sap Sipper|boost
|-boost|p2a: Azumarill|atk|1
|
|-heal|p2a: Azumarill|320\/404|[from] item: Leftovers
|-heal|p1a: Ferrothorn|321\/352|[from] item: Leftovers
|-damage|p1a: Ferrothorn|277\/352|[from] move: Whirlpool|[partiallytrapped]
|-start|p2a: Azumarill|perish3
|-start|p1a: Ferrothorn|perish3
|upkeep
|turn|13
|choice|*move 1|*
|c|☆Gеrard Way|Ripazo
|c|☆No man's hax|rip
|choice|*|*move 3
|choice|move stealthrock|move protect
|
|move|p2a: Azumarill|Protect|p2a: Azumarill
|-singleturn|p2a: Azumarill|Protect
|move|p1a: Ferrothorn|Stealth Rock|p2a: Azumarill
|-fail|p1a: Ferrothorn
|
|-heal|p2a: Azumarill|345\/404|[from] item: Leftovers
|-heal|p1a: Ferrothorn|299\/352|[from] item: Leftovers
|-damage|p1a: Ferrothorn|255\/352|[from] move: Whirlpool|[partiallytrapped]
|-start|p2a: Azumarill|perish2
|-start|p1a: Ferrothorn|perish2
|upkeep
|turn|14
|choice|*move 1|*
|choice|*|*move 2
|choice|move stealthrock|move whirlpool
|
|move|p2a: Azumarill|Whirlpool|p1a: Ferrothorn
|-resisted|p1a: Ferrothorn
|-damage|p1a: Ferrothorn|246\/352
|move|p1a: Ferrothorn|Stealth Rock|p2a: Azumarill
|-fail|p1a: Ferrothorn
|
|-heal|p2a: Azumarill|370\/404|[from] item: Leftovers
|-heal|p1a: Ferrothorn|268\/352|[from] item: Leftovers
|-damage|p1a: Ferrothorn|224\/352|[from] move: Whirlpool|[partiallytrapped]
|-start|p2a: Azumarill|perish1
|-start|p1a: Ferrothorn|perish1
|upkeep
|turn|15
|choice|*move 1|*
|choice|*|*switch 3
|choice|move stealthrock|switch 3
|
|switch|p2a: Heatran|Heatran, M|323\/323
|-damage|p2a: Heatran|283\/323|[from] Stealth Rock
|move|p1a: Ferrothorn|Stealth Rock|p2a: Heatran
|-fail|p1a: Ferrothorn
|
|-heal|p1a: Ferrothorn|246\/352|[from] item: Leftovers
|-end|p1a: Ferrothorn|Whirlpool|[partiallytrapped]
|-start|p1a: Ferrothorn|perish0
|upkeep
|faint|p1a: Ferrothorn
|choice|*switch 4|*
|choice|switch 4|
|
|switch|p1a: Pinsir|Pinsir, F|272\/272
|-damage|p1a: Pinsir|204\/272|[from] Stealth Rock
|turn|16
|choice|*move 3 mega|*
|choice|*move 1|*
|choice|*|*move 2
|choice|move swordsdance|move lavaplume
|
|move|p1a: Pinsir|Swords Dance|p1a: Pinsir
|-boost|p1a: Pinsir|atk|2
|move|p2a: Heatran|Lava Plume|p1a: Pinsir
|-supereffective|p1a: Pinsir
|-damage|p1a: Pinsir|0 fnt
|faint|p1a: Pinsir
|
|upkeep
|c|☆Gеrard Way|Ez
|c|☆No man's hax|vaya que juego horrible hoy
|choice|*switch 5|*
|choice|switch 5|
|
|switch|p1a: Greninja|Greninja, M|150\/285
|-damage|p1a: Greninja|115\/285|[from] Stealth Rock
|turn|17
|choice|*move 3|*
|choice|*move 1|*
|choice|*|*switch 2
|choice|move spikes|switch 2
|
|switch|p2a: Tapu Bulu|Tapu Bulu|343\/343
|-damage|p2a: Tapu Bulu|301\/343|[from] Stealth Rock
|-fieldstart|move: Grassy Terrain|[from] ability: Grassy Surge|[of] p2a: Tapu Bulu
|move|p1a: Greninja|Spikes|p2a: Tapu Bulu
|-sidestart|p2: Gеrard Way|Spikes
|
|-heal|p1a: Greninja|132\/285|[from] Grassy Terrain
|-heal|p2a: Tapu Bulu|322\/343|[from] item: Leftovers
|-heal|p2a: Tapu Bulu|343\/343|[from] Grassy Terrain
|upkeep
|turn|18
|choice|*move 1|*
|choice|*|*move 1
|choice|move spikes|move swordsdance
|
|move|p1a: Greninja|Spikes|p2a: Tapu Bulu
|-sidestart|p2: Gеrard Way|Spikes
|move|p2a: Tapu Bulu|Swords Dance|p2a: Tapu Bulu
|-boost|p2a: Tapu Bulu|atk|2
|
|-heal|p1a: Greninja|149\/285|[from] Grassy Terrain
|upkeep
|turn|19
|choice|*|*move 2
|choice|*move 1|*
|choice|move spikes|move hornleech
|
|move|p1a: Greninja|Spikes|p2a: Tapu Bulu
|-sidestart|p2: Gеrard Way|Spikes
|move|p2a: Tapu Bulu|Horn Leech|p1a: Greninja
|-supereffective|p1a: Greninja
|-damage|p1a: Greninja|0 fnt
|faint|p1a: Greninja
|
|upkeep
|choice|*switch 6|*
|choice|switch 6|
|
|switch|p1a: Volcarona|Volcarona, M|311\/311
|-damage|p1a: Volcarona|156\/311|[from] Stealth Rock
|turn|20
|choice|*move 2|*
|choice|*|*move 3
|choice|move fierydance|move superpower
|
|move|p1a: Volcarona|Fiery Dance|p2a: Tapu Bulu
|-supereffective|p2a: Tapu Bulu
|-damage|p2a: Tapu Bulu|113\/343
|-boost|p1a: Volcarona|spa|1
|move|p2a: Tapu Bulu|Superpower|p1a: Volcarona
|-resisted|p1a: Volcarona
|-damage|p1a: Volcarona|0 fnt
|-unboost|p2a: Tapu Bulu|atk|1
|-unboost|p2a: Tapu Bulu|def|1
|faint|p1a: Volcarona
|
|-heal|p2a: Tapu Bulu|134\/343|[from] item: Leftovers
|-heal|p2a: Tapu Bulu|155\/343|[from] Grassy Terrain
|upkeep
|choice|*switch 2|*
|choice|switch 2|
|
|switch|p1a: Zapdos|Zapdos|327\/383
|-damage|p1a: Zapdos|232\/383|[from] Stealth Rock
|turn|21
|choice|*move 4|*
|choice|*|*move 4
|choice|move discharge|move synthesis
|
|move|p1a: Zapdos|Discharge|p2a: Tapu Bulu
|-resisted|p2a: Tapu Bulu
|-damage|p2a: Tapu Bulu|110\/343
|-status|p2a: Tapu Bulu|par
|move|p2a: Tapu Bulu|Synthesis|p2a: Tapu Bulu
|-heal|p2a: Tapu Bulu|281\/343 par
|
|-heal|p2a: Tapu Bulu|302\/343 par|[from] item: Leftovers
|-heal|p2a: Tapu Bulu|323\/343 par|[from] Grassy Terrain
|-fieldend|move: Grassy Terrain
|upkeep
|turn|22
|c|☆No man's hax|bueno,gg
|c|☆Gеrard Way|gg
|-message|No man's hax se rindió.
|
|win|Gеrard Way
</script>
</div>
<div class="battle-log battle-log-inline"><div class="inner"><div class="battle-options"></div><div class="inner"><div class=""><small>Format:</small> <br><strong>OU</strong></div><div class=""><small><em>Cláusula-Mod de Dormir:</em> solo puedes dormir a uno de tus oponentes a la vez.</small></div><div class=""><small><em>Cláusula de Especie:</em> Hasta un Pokémon de cada especie</small></div><div class=""><small><em>Cláusula de Golpe Fulminante:</em> los movimientos fulminantes (OHKO) estan prohibidos</small></div><div class=""><small><em>Cláusula de Veleta:</em> la habilidad Veleta está prohibida</small></div><div class=""><small><em>Cláusula de Movimientos Evasivos:</em> los movimientos de Evasión están prohibidos.</small></div><div class=""><small><em>Cláusula de Batallas Eternas:</em> forzar batallas eternas está prohibido</small></div><div class="chat battle-history"><strong>No man's hax's team:</strong> <em style="color:#445566;display:block;">Pinsir / Zapdos / Ferrothorn / Landorus-Therian / Greninja / Volcarona</em></div><div class="chat battle-history"><strong>Gеrard Way's team:</strong> <em style="color:#445566;display:block;">Azumarill / Tapu Bulu / Heatran / Tornadus-Therian / Zygarde / Scizor</em></div><div class="chat chatmessage-nomanshax"><strong style="color:hsl(105,82%,35%)"><small>☆</small><span class="username" data-name="No man's hax">No man's hax</span>:</strong> <em>que la hax te acompañe</em></div><div class="chat chatmessage-grardway"><strong style="color:hsl(23,56%,44%)"><small>☆</small><span class="username" data-name="Gеrard Way">Gеrard Way</span>:</strong> <em>A ti no :&lt;</em></div><div class="spacer battle-history"><br></div><div class="battle-history">Battle started between No man's hax and Gеrard Way!<br></div><div class="spacer battle-history"><br></div><div class="battle-history">Go! Landorus (<strong>Landorus-Therian</strong>)!<br></div><div class="spacer battle-history"><br></div><div class="battle-history">Gеrard Way sent out <strong>Heatran</strong>!<br></div><div class="battle-history"><small>[Landorus's Intimidate]</small><br></div><div class="battle-history"><small>The opposing Heatran's Attack fell!</small><br></div><div class="spacer battle-history"><br></div><h2 class="battle-history">Turn 1</h2><div class="spacer battle-history"><br></div><div class="battle-history">Gеrard Way withdrew Heatran!<br></div><div class="battle-history">Gеrard Way sent out Tornadus (<strong>Tornadus-Therian</strong>)!<br></div><div class="spacer battle-history"><br></div><div class="battle-history">Landorus used <strong>Earthquake</strong>!<br></div><div class="battle-history"><small>It doesn't affect the opposing Tornadus...</small><br></div><div class="spacer battle-history"><br></div><h2 class="battle-history">Turn 2</h2><div class="spacer battle-history"><br></div><div class="battle-history">Landorus, come back!<br></div><div class="battle-history">Go! <strong>Zapdos</strong>!<br></div><div class="spacer battle-history"><br></div><div class="battle-history">The opposing Tornadus used <strong>Knock Off</strong>!<br></div><div class="battle-history"><small>(Zapdos lost <abbr title="−56/383">14.6%</abbr> of its health!)</small><br></div><div class="battle-history"><small>[Zapdos's Static]</small><br><small>The opposing Tornadus is paralyzed! It may be unable to move!</small><br></div><div class="battle-history"><small>The opposing Tornadus knocked off Zapdos's Leftovers!</small><br></div><div class="spacer battle-history"><br></div><h2 class="battle-history">Turn 3</h2><div class="chat chatmessage-nomanshax"><strong style="color:hsl(105,82%,35%)"><small>☆</small><span class="username" data-name="No man's hax">No man's hax</span>:</strong> <em>bueno empezamos bien</em></div><div class="spacer battle-history"><br></div><div class="battle-history">Gеrard Way withdrew Tornadus!<br></div><div class="battle-history">Gеrard Way sent out <strong>Zygarde</strong>!<br></div><div class="battle-history"><small>[The opposing Zygarde's Aura Break]</small><br><small>The opposing Zygarde reversed all other Pokémon's auras!</small><br></div><div class="spacer battle-history"><br></div><div class="battle-history">Zapdos used <strong>Discharge</strong>!<br></div><div class="battle-history"><small>It doesn't affect the opposing Zygarde...</small><br></div><div class="spacer battle-history"><br></div><h2 class="battle-history">Turn 4</h2><div class="spacer battle-history"><br></div><div class="battle-history">Zapdos, come back!<br></div><div class="battle-history">Go! Landorus (<strong>Landorus-Therian</strong>)!<br></div><div class="battle-history"><small>[Landorus's Intimidate]</small><br></div><div class="battle-history"><small>The opposing Zygarde's Attack fell!</small><br></div><div class="spacer battle-history"><br></div><div class="battle-history">The opposing Zygarde used <strong>Thousand Arrows</strong>!<br></div><div class="battle-history"><small>(Landorus lost <abbr title="−153/339">45.1%</abbr> of its health!)</small><br></div><div class="battle-history"><small>Landorus fell straight down!</small><br></div><div class="spacer battle-history"><br></div><h2 class="battle-history">Turn 5</h2><div class="spacer battle-history"><br></div><div class="battle-history">Gеrard Way withdrew Zygarde!<br></div><div class="battle-history">Gеrard Way sent out Tornadus (<strong>Tornadus-Therian</strong>)!<br></div><div class="spacer battle-history"><br></div><div class="battle-history">Landorus used <strong>U-turn</strong>!<br></div><div class="battle-history"><small>It's not very effective...</small><br></div><div class="battle-history"><small>(The opposing Tornadus lost <abbr title="−54/362">14.9%</abbr> of its health!)</small><br></div><div class="battle-history"><small>Landorus was hurt by the Rocky Helmet!</small><br></div><div class="spacer battle-history"><br></div><div class="battle-history">Landorus went back to No man's hax!<br></div><div class="battle-history">Go! <strong>Ferrothorn</strong>!<br></div><div class="spacer battle-history"><br></div><h2 class="battle-history">Turn 6</h2><div class="spacer battle-history"><br></div><div class="battle-history">Gеrard Way withdrew Tornadus!<br></div><div class="battle-history">Gеrard Way sent out <strong>Heatran</strong>!<br></div><div class="spacer battle-history"><br></div><div class="battle-history">Ferrothorn used <strong>Stealth Rock</strong>!<br></div><div class="battle-history"><small>Pointed stones float in the air around the opposing team!</small><br></div><div class="spacer battle-history"><br></div><h2 class="battle-history">Turn 7</h2><div class="spacer battle-history"><br></div><div class="battle-history">The opposing Heatran used <strong>Stealth Rock</strong>!<br></div><div class="battle-history"><small>Pointed stones float in the air around your team!</small><br></div><div class="spacer battle-history"><br></div><div class="battle-history">Ferrothorn used <strong>Leech Seed</strong>!<br></div><div class="battle-history"><small>The opposing Heatran avoided the attack!</small><br></div><div class="spacer battle-history"><br></div><h2 class="battle-history">Turn 8</h2><div class="spacer battle-history"><br></div><div class="battle-history">Ferrothorn used <strong>Protect</strong>!<br></div><div class="battle-history"><small>Ferrothorn protected itself!</small><br></div><div class="spacer battle-history"><br></div><div class="battle-history">The opposing Heatran used <strong>Lava Plume</strong>!<br></div><div class="battle-history"><small>Ferrothorn protected itself!</small><br></div><div class="spacer battle-history"><br></div><h2 class="battle-history">Turn 9</h2><div class="spacer battle-history"><br></div><div class="battle-history">Ferrothorn, come back!<br></div><div class="battle-history">Go! <strong>Greninja</strong>!<br></div><div class="battle-history"><small>Pointed stones dug into Greninja!</small><br></div><div class="spacer battle-history"><br></div><div class="battle-history">The opposing Heatran used <strong>Lava Plume</strong>!<br></div><div class="battle-history"><small>It's not very effective...</small><br></div><div class="battle-history"><small>(Greninja lost <abbr title="−100/285">35.1%</abbr> of its health!)</small><br></div><div class="spacer battle-history"><br></div><h2 class="battle-history">Turn 10</h2><div class="spacer battle-history"><br></div><div class="battle-history">Gеrard Way withdrew Heatran!<br></div><div class="battle-history">Gеrard Way sent out <strong>Azumarill</strong>!<br></div><div class="battle-history"><small>Pointed stones dug into the opposing Azumarill!</small><br></div><div class="spacer battle-history"><br></div><div class="battle-history">Greninja used <strong>Hydro Pump</strong>!<br></div><div class="battle-history"><small>It's not very effective...</small><br></div><div class="battle-history"><small>(The opposing Azumarill lost <abbr title="−109/404">27.0%</abbr> of its health!)</small><br></div><div class="spacer battle-history"><br></div><div class="battle-history"><small>The opposing Azumarill restored a little HP using its Leftovers!</small><br></div><div class="spacer battle-history"><br></div><h2 class="battle-history">Turn 11</h2><div class="spacer battle-history"><br></div><div class="battle-history">Greninja, come back!<br></div><div class="battle-history">Go! <strong>Ferrothorn</strong>!<br></div><div class="battle-history"><small>Pointed stones dug into Ferrothorn!</small><br></div><div class="spacer battle-history"><br></div><div class="battle-history">The opposing Azumarill used <strong>Whirlpool</strong>!<br></div><div class="battle-history"><small>It's not very effective...</small><br></div><div class="battle-history"><small>(Ferrothorn lost <abbr title="−9/352">2.6%</abbr> of its health!)</small><br></div><div class="battle-history"><small>Ferrothorn became trapped in the vortex!</small><br></div><div class="spacer battle-history"><br></div><div class="battle-history"><small>The opposing Azumarill restored a little HP using its Leftovers!</small><br></div><div class="battle-history"><small>Ferrothorn restored a little HP using its Leftovers!</small><br></div><div class="battle-history"><small>Ferrothorn is hurt by Whirlpool!</small><br></div><div class="spacer battle-history"><br></div><h2 class="battle-history">Turn 12</h2><div class="spacer battle-history"><br></div><div class="battle-history">The opposing Azumarill used <strong>Perish Song</strong>!<br></div><div class="battle-history"><small>All Pokémon that heard the song will faint in three turns!</small><br></div><div class="spacer battle-history"><br></div><div class="battle-history">Ferrothorn used <strong>Leech Seed</strong>!<br></div><div class="battle-history"><small>[The opposing Azumarill's Sap Sipper]</small><br></div><div class="battle-history"><small>The opposing Azumarill's Attack rose!</small><br></div><div class="spacer battle-history"><br></div><div class="battle-history"><small>The opposing Azumarill restored a little HP using its Leftovers!</small><br></div><div class="battle-history"><small>Ferrothorn restored a little HP using its Leftovers!</small><br></div><div class="battle-history"><small>Ferrothorn is hurt by Whirlpool!</small><br></div><div class="battle-history"><small>The opposing Azumarill's perish count fell to 3.</small><br></div><div class="battle-history"><small>Ferrothorn's perish count fell to 3.</small><br></div><div class="spacer battle-history"><br></div><h2 class="battle-history">Turn 13</h2><div class="chat chatmessage-grardway"><strong style="color:hsl(23,56%,44%)"><small>☆</small><span class="username" data-name="Gеrard Way">Gеrard Way</span>:</strong> <em>Ripazo</em></div><div class="chat chatmessage-nomanshax"><strong style="color:hsl(105,82%,35%)"><small>☆</small><span class="username" data-name="No man's hax">No man's hax</span>:</strong> <em>rip</em></div><div class="spacer battle-history"><br></div><div class="battle-history">The opposing Azumarill used <strong>Protect</strong>!<br></div><div class="battle-history"><small>The opposing Azumarill protected itself!</small><br></div><div class="spacer battle-history"><br></div><div class="battle-history">Ferrothorn used <strong>Stealth Rock</strong>!<br></div><div class="battle-history"><small>But it failed!</small><br></div><div class="spacer battle-history"><br></div><div class="battle-history"><small>The opposing Azumarill restored a little HP using its Leftovers!</small><br></div><div class="battle-history"><small>Ferrothorn restored a little HP using its Leftovers!</small><br></div><div class="battle-history"><small>Ferrothorn is hurt by Whirlpool!</small><br></div><div class="battle-history"><small>The opposing Azumarill's perish count fell to 2.</small><br></div><div class="battle-history"><small>Ferrothorn's perish count fell to 2.</small><br></div><div class="spacer battle-history"><br></div><h2 class="battle-history">Turn 14</h2><div class="spacer battle-history"><br></div><div class="battle-history">The opposing Azumarill used <strong>Whirlpool</strong>!<br></div><div class="battle-history"><small>It's not very effective...</small><br></div><div class="battle-history"><small>(Ferrothorn lost <abbr title="−9/352">2.6%</abbr> of its health!)</small><br></div><div class="spacer battle-history"><br></div><div class="battle-history">Ferrothorn used <strong>Stealth Rock</strong>!<br></div><div class="battle-history"><small>But it failed!</small><br></div><div class="spacer battle-history"><br></div><div class="battle-history"><small>The opposing Azumarill restored a little HP using its Leftovers!</small><br></div><div class="battle-history"><small>Ferrothorn restored a little HP using its Leftovers!</small><br></div><div class="battle-history"><small>Ferrothorn is hurt by Whirlpool!</small><br></div><div class="battle-history"><small>The opposing Azumarill's perish count fell to 1.</small><br></div><div class="battle-history"><small>Ferrothorn's perish count fell to 1.</small><br></div><div class="spacer battle-history"><br></div><h2 class="battle-history">Turn 15</h2><div class="spacer battle-history"><br></div><div class="battle-history">Gеrard Way withdrew Azumarill!<br></div><div class="battle-history">Gеrard Way sent out <strong>Heatran</strong>!<br></div><div class="battle-history"><small>Pointed stones dug into the opposing Heatran!</small><br></div><div class="spacer battle-history"><br></div><div class="battle-history">Ferrothorn used <strong>Stealth Rock</strong>!<br></div><div class="battle-history"><small>But it failed!</small><br></div><div class="spacer battle-history"><br></div><div class="battle-history"><small>Ferrothorn restored a little HP using its Leftovers!</small><br></div><div class="battle-history"><small>Ferrothorn was freed from Whirlpool!</small><br></div><div class="battle-history"><small>Ferrothorn's perish count fell to 0.</small><br></div><div class="spacer battle-history"><br></div><div class="battle-history">Ferrothorn fainted!<br></div><div class="spacer battle-history"><br></div><div class="battle-history">Go! <strong>Pinsir</strong>!<br></div><div class="battle-history"><small>Pointed stones dug into Pinsir!</small><br></div><div class="spacer battle-history"><br></div><h2 class="battle-history">Turn 16</h2><div class="spacer battle-history"><br></div><div class="battle-history">Pinsir used <strong>Swords Dance</strong>!<br></div><div class="battle-history"><small>Pinsir's Attack rose sharply!</small><br></div><div class="spacer battle-history"><br></div><div class="battle-history">The opposing Heatran used <strong>Lava Plume</strong>!<br></div><div class="battle-history"><small>It's super effective!</small><br></div><div class="battle-history"><small>(Pinsir lost <abbr title="−204/272">75%</abbr> of its health!)</small><br></div><div class="spacer battle-history"><br></div><div class="battle-history">Pinsir fainted!<br></div><div class="chat chatmessage-grardway"><strong style="color:hsl(23,56%,44%)"><small>☆</small><span class="username" data-name="Gеrard Way">Gеrard Way</span>:</strong> <em>Ez</em></div><div class="chat chatmessage-nomanshax"><strong style="color:hsl(105,82%,35%)"><small>☆</small><span class="username" data-name="No man's hax">No man's hax</span>:</strong> <em>vaya que juego horrible hoy</em></div><div class="spacer battle-history"><br></div><div class="battle-history">Go! <strong>Greninja</strong>!<br></div><div class="battle-history"><small>Pointed stones dug into Greninja!</small><br></div><div class="spacer battle-history"><br></div><h2 class="battle-history">Turn 17</h2><div class="spacer battle-history"><br></div><div class="battle-history">Gеrard Way withdrew Heatran!<br></div><div class="battle-history">Gеrard Way sent out <strong>Tapu Bulu</strong>!<br></div><div class="battle-history"><small>Pointed stones dug into the opposing Tapu Bulu!</small><br></div><div class="battle-history"><small>[The opposing Tapu Bulu's Grassy Surge]</small><br><small>Grass grew to cover the battlefield!</small><br></div><div class="spacer battle-history"><br></div><div class="battle-history">Greninja used <strong>Spikes</strong>!<br></div><div class="battle-history"><small>Spikes were scattered on the ground all around the opposing team!</small><br></div><div class="spacer battle-history"><br></div><div class="battle-history"><small>Greninja restored HP using its Grassy Terrain!</small><br></div><div class="battle-history"><small>The opposing Tapu Bulu restored a little HP using its Leftovers!</small><br></div><div class="battle-history"><small>The opposing Tapu Bulu restored HP using its Grassy Terrain!</small><br></div><div class="spacer battle-history"><br></div><h2 class="battle-history">Turn 18</h2><div class="spacer battle-history"><br></div><div class="battle-history">Greninja used <strong>Spikes</strong>!<br></div><div class="battle-history"><small>Spikes were scattered on the ground all around the opposing team!</small><br></div><div class="spacer battle-history"><br></div><div class="battle-history">The opposing Tapu Bulu used <strong>Swords Dance</strong>!<br></div><div class="battle-history"><small>The opposing Tapu Bulu's Attack rose sharply!</small><br></div><div class="spacer battle-history"><br></div><div class="battle-history"><small>Greninja restored HP using its Grassy Terrain!</small><br></div><div class="spacer battle-history"><br></div><h2 class="battle-history">Turn 19</h2><div class="spacer battle-history"><br></div><div class="battle-history">Greninja used <strong>Spikes</strong>!<br></div><div class="battle-history"><small>Spikes were scattered on the ground all around the opposing team!</small><br></div><div class="spacer battle-history"><br></div><div class="battle-history">The opposing Tapu Bulu used <strong>Horn Leech</strong>!<br></div><div class="battle-history"><small>It's super effective!</small><br></div><div class="battle-history"><small>(Greninja lost <abbr title="−149/285">52.3%</abbr> of its health!)</small><br></div><div class="spacer battle-history"><br></div><div class="battle-history">Greninja fainted!<br></div><div class="spacer battle-history"><br></div><div class="battle-history">Go! <strong>Volcarona</strong>!<br></div><div class="battle-history"><small>Pointed stones dug into Volcarona!</small><br></div><div class="spacer battle-history"><br></div><h2 class="battle-history">Turn 20</h2><div class="spacer battle-history"><br></div><div class="battle-history">Volcarona used <strong>Fiery Dance</strong>!<br></div><div class="battle-history"><small>It's super effective!</small><br></div><div class="battle-history"><small>(The opposing Tapu Bulu lost <abbr title="−230/343">67.1%</abbr> of its health!)</small><br></div><div class="battle-history"><small>Volcarona's Special Attack rose!</small><br></div><div class="spacer battle-history"><br></div><div class="battle-history">The opposing Tapu Bulu used <strong>Superpower</strong>!<br></div><div class="battle-history"><small>It's not very effective...</small><br></div><div class="battle-history"><small>(Volcarona lost <abbr title="−156/311">50.2%</abbr> of its health!)</small><br></div><div class="battle-history"><small>The opposing Tapu Bulu's Attack fell!</small><br></div><div class="battle-history"><small>The opposing Tapu Bulu's Defense fell!</small><br></div><div class="spacer battle-history"><br></div><div class="battle-history">Volcarona fainted!<br></div><div class="spacer battle-history"><br></div><div class="battle-history"><small>The opposing Tapu Bulu restored a little HP using its Leftovers!</small><br></div><div class="battle-history"><small>The opposing Tapu Bulu restored HP using its Grassy Terrain!</small><br></div><div class="spacer battle-history"><br></div><div class="battle-history">Go! <strong>Zapdos</strong>!<br></div><div class="battle-history"><small>Pointed stones dug into Zapdos!</small><br></div><div class="spacer battle-history"><br></div><h2 class="battle-history">Turn 21</h2><div class="spacer battle-history"><br></div><div class="battle-history">Zapdos used <strong>Discharge</strong>!<br></div><div class="battle-history"><small>It's not very effective...</small><br></div><div class="battle-history"><small>(The opposing Tapu Bulu lost <abbr title="−45/343">13.1%</abbr> of its health!)</small><br></div><div class="battle-history"><small>The opposing Tapu Bulu is paralyzed! It may be unable to move!</small><br></div><div class="spacer battle-history"><br></div><div class="battle-history">The opposing Tapu Bulu used <strong>Synthesis</strong>!<br></div><div class="battle-history"><small>The opposing Tapu Bulu restored its HP.</small><br></div><div class="spacer battle-history"><br></div><div class="battle-history"><small>The opposing Tapu Bulu restored a little HP using its Leftovers!</small><br></div><div class="battle-history"><small>The opposing Tapu Bulu restored HP using its Grassy Terrain!</small><br></div><div class="battle-history"><small>The grass disappeared from the battlefield.</small><br></div><div class="spacer battle-history"><br></div><h2 class="battle-history">Turn 22</h2><div class="chat chatmessage-nomanshax"><strong style="color:hsl(105,82%,35%)"><small>☆</small><span class="username" data-name="No man's hax">No man's hax</span>:</strong> <em>bueno,gg</em></div><div class="chat chatmessage-grardway"><strong style="color:hsl(23,56%,44%)"><small>☆</small><span class="username" data-name="Gеrard Way">Gеrard Way</span>:</strong> <em>gg</em></div><div class="spacer battle-history"><br></div><div class="battle-history"><small>No man's hax se rindió.</small><br></div><div class="spacer battle-history"><br></div><div class="battle-history"><strong>Gеrard Way</strong> won the battle!<br></div></div><div class="inner-preempt"></div></div></div>
</div>
<script>
let daily = Math.floor(Date.now()/1000/60/60/24);document.write('<script src="https://play.pokemonshowdown.com/js/replay-embed.js?version'+daily+'"></'+'script>');
</script>
