<!DOCTYPE html>
<meta charset="utf-8" />
<!-- version 1 -->
<title>OU replay: pepinoxo vs. darkarrow</title>
<style>
html,body {font-family:Verdana, sans-serif;font-size:10pt;margin:0;padding:0;}body{padding:12px 0;} .battle-log {font-family:Verdana, sans-serif;font-size:10pt;} .battle-log-inline {border:1px solid #AAAAAA;background:#EEF2F5;color:black;max-width:640px;margin:0 auto 80px;padding-bottom:5px;} .battle-log .inner {padding:4px 8px 0px 8px;} .battle-log .inner-preempt {padding:0 8px 4px 8px;} .battle-log .inner-after {margin-top:0.5em;} .battle-log h2 {margin:0.5em -8px;padding:4px 8px;border:1px solid #AAAAAA;background:#E0E7EA;border-left:0;border-right:0;font-family:Verdana, sans-serif;font-size:13pt;} .battle-log .chat {vertical-align:middle;padding:3px 0 3px 0;font-size:8pt;} .battle-log .chat strong {color:#40576A;} .battle-log .chat em {padding:1px 4px 1px 3px;color:#000000;font-style:normal;} .chat.mine {background:rgba(0,0,0,0.05);margin-left:-8px;margin-right:-8px;padding-left:8px;padding-right:8px;} .spoiler {color:#BBBBBB;background:#BBBBBB;padding:0px 3px;} .spoiler:hover, .spoiler:active, .spoiler-shown {color:#000000;background:#E2E2E2;padding:0px 3px;} .spoiler a {color:#BBBBBB;} .spoiler:hover a, .spoiler:active a, .spoiler-shown a {color:#2288CC;} .chat code, .chat .spoiler:hover code, .chat .spoiler:active code, .chat .spoiler-shown code {border:1px solid #C0C0C0;background:#EEEEEE;color:black;padding:0 2px;} .chat .spoiler code {border:1px solid #CCCCCC;background:#CCCCCC;color:#CCCCCC;} .battle-log .rated {padding:3px 4px;} .battle-log .rated strong {color:white;background:#89A;padding:1px 4px;border-radius:4px;} .spacer {margin-top:0.5em;} .message-announce {background:#6688AA;color:white;padding:1px 4px 2px;} .message-announce a, .broadcast-green a, .broadcast-blue a, .broadcast-red a {color:#DDEEFF;} .broadcast-green {background-color:#559955;color:white;padding:2px 4px;} .broadcast-blue {background-color:#6688AA;color:white;padding:2px 4px;} .infobox {border:1px solid #6688AA;padding:2px 4px;} .infobox-limited {max-height:200px;overflow:auto;overflow-x:hidden;} .broadcast-red {background-color:#AA5544;color:white;padding:2px 4px;} .message-learn-canlearn {font-weight:bold;color:#228822;text-decoration:underline;} .message-learn-cannotlearn {font-weight:bold;color:#CC2222;text-decoration:underline;} .message-effect-weak {font-weight:bold;color:#CC2222;} .message-effect-resist {font-weight:bold;color:#6688AA;} .message-effect-immune {font-weight:bold;color:#666666;} .message-learn-list {margin-top:0;margin-bottom:0;} .message-throttle-notice, .message-error {color:#992222;} .message-overflow, .chat small.message-overflow {font-size:0pt;} .message-overflow::before {font-size:9pt;content:'...';} .subtle {color:#3A4A66;}
</style>
<div class="wrapper replay-wrapper" style="max-width:1180px;margin:0 auto">
<input type="hidden" name="replayid" value="destiny-ou-501021" />
<div class="battle"></div><div class="battle-log"></div><div class="replay-controls"></div><div class="replay-controls-2"></div>
<h1 style="font-weight:normal;text-align:center"><strong>OU</strong><br /><a href="http://pokemonshowdown.com/users/pepinoxo" class="subtle" target="_blank">pepinoxo</a> vs. <a href="http://pokemonshowdown.com/users/darkarrow" class="subtle" target="_blank">darkarrow</a></h1>
<script type="text/plain" class="battle-log-data">|player|p1|pepinoxo|pepinoxo.gif?f78def04
|teamsize|p1|6
|player|p2|darkarrow|266
|teamsize|p2|6
|teamsize|p1|6
|teamsize|p2|6
|gametype|singles
|gen|7
|tier|OU
|seed|17468,23013,38701,31867
|rule|Cláusula-Mod de Dormir: solo puedes dormir a uno de tus oponentes a la vez.
|rule|Cláusula de Especie: Hasta un Pokémon de cada especie
|rule|Cláusula de Golpe Fulminante: los movimientos fulminantes (OHKO) estan prohibidos
|rule|Cláusula de Veleta: la habilidad Veleta está prohibida
|rule|Cláusula de Movimientos Evasivos: los movimientos de Evasión están prohibidos.
|rule|Cláusula de Batallas Eternas: forzar batallas eternas está prohibido
|clearpoke
|poke|p1|Mawile, M|item
|poke|p1|Blacephalon|item
|poke|p1|Serperior, F|item
|poke|p1|Druddigon, M|item
|poke|p1|Kartana|item
|poke|p1|Zygarde|item
|poke|p2|Greninja, M|item
|poke|p2|Magearna|item
|poke|p2|Medicham, M|item
|poke|p2|Tapu Koko|item
|poke|p2|Landorus-Therian, M|item
|poke|p2|Blacephalon|item
|teampreview|undefined
|choice|*team 423156|*
|choice|*|*team 321456
|choice|team 4, 2, 3, 1, 5, 6|team 3, 2, 1, 4, 5, 6
|
|start
|switch|p1a: Druddigon|Druddigon, M|358\/358
|switch|p2a: Medicham|Medicham, M|261\/261
|turn|1
|choice|*|*move 1 mega
|choice|*|*move 4 mega
|c|☆darkarrow|Ahora si prro
|c|☆darkarrow|Prepara tu ano
|c|☆darkarrow|Tu sash me vale dick
|choice|*switch 2|*
|choice|switch 2|move zenheadbutt mega
|
|switch|p1a: Blacephalon|Blacephalon|248\/248
|-mega|p2a: Medicham|Medicham|Medichamite
|detailschange|p2a: Medicham|Medicham-Mega, M
|move|p2a: Medicham|Zen Headbutt|p1a: Blacephalon
|-damage|p1a: Blacephalon|0 fnt
|faint|p1a: Blacephalon
|
|upkeep
|c|☆pepinoxo|awa
|choice|*switch 4|*
|choice|switch 4|
|
|switch|p1a: Mawile|Mawile, M|291\/291
|-ability|p1a: Mawile|Intimidate|boost
|-unboost|p2a: Medicham|atk|1
|turn|2
|choice|*switch 3|*
|c|☆darkarrow|Mira esa psicologia
|c|☆darkarrow|Que me aviento
|c|☆pepinoxo|por qué haces eso ::
|c|☆darkarrow|Me meto a tu cabesa prro
|c|☆darkarrow|Mencione lo del sash
|c|☆pepinoxo|te hubiera metido unglare
|c|☆pepinoxo|y bye medio
|c|☆pepinoxo|medi*
|c|☆darkarrow|Para que creyeras en el fake out
|c|☆darkarrow|O un ice punch directo
|c|☆darkarrow|Y pues con blacheon aguanta
|c|☆darkarrow|B)
|c|☆darkarrow|Simpre eh sabido predecir bien
|c|☆darkarrow|Pero los que saben como juego soy izi pa ellos o me juegan a la inversa
|choice|*|*switch 5
|choice|switch 3|switch 5
|
|switch|p2a: Landorus|Landorus-Therian, M|319\/319
|-ability|p2a: Landorus|Intimidate|boost
|-unboost|p1a: Mawile|atk|1
|switch|p1a: Serperior|Serperior, F|305\/305
|
|upkeep
|turn|3
|choice|*|*move 3
|choice|*move 1|*
|choice|move leafstorm|move uturn
|
|move|p1a: Serperior|Leaf Storm|p2a: Landorus
|-damage|p2a: Landorus|141\/319
|-boost|p1a: Serperior|spa|2
|move|p2a: Landorus|U-turn|p1a: Serperior
|-supereffective|p1a: Serperior
|-damage|p1a: Serperior|85\/305
|choice|*|*switch 4
|choice||switch 4
|
|switch|p2a: Tapu Koko|Tapu Koko|282\/282|[from]move: U-turn
|-fieldstart|move: Electric Terrain|[from] ability: Electric Surge|[of] p2a: Tapu Koko
|
|-heal|p1a: Serperior|104\/305|[from] item: Leftovers
|upkeep
|turn|4
|choice|*|*move 4
|choice|*switch 2|*
|choice|switch 2|move uturn
|
|switch|p1a: Druddigon|Druddigon, M|358\/358
|move|p2a: Tapu Koko|U-turn|p1a: Druddigon
|-damage|p1a: Druddigon|292\/358
|choice|*|*switch 6
|choice||switch 6
|
|switch|p2a: Blacephalon|Blacephalon|247\/247|[from]move: U-turn
|
|upkeep
|turn|5
|choice|*|*move 3
|c|☆pepinoxo|más bien
|c|☆pepinoxo|te la juegas mucho :v
|choice|*move 2|*
|choice|move glare|move substitute
|
|move|p2a: Blacephalon|Substitute|p2a: Blacephalon
|-start|p2a: Blacephalon|Substitute
|-damage|p2a: Blacephalon|186\/247
|move|p1a: Druddigon|Glare|p2a: Blacephalon
|-fail|p2a: Blacephalon
|
|upkeep
|turn|6
|choice|*move 4|*
|choice|*|*move 4
|choice|move roar|move shadowball
|
|move|p2a: Blacephalon|Shadow Ball|p1a: Druddigon
|-damage|p1a: Druddigon|117\/358
|move|p1a: Druddigon|Roar|p2a: Blacephalon
|drag|p2a: Greninja|Greninja, M|285\/285
|
|upkeep
|turn|7
|c|☆pepinoxo|ja
|c|☆pepinoxo|olvidé el campo
|choice|*move 2|*
|choice|*|*move 2
|choice|move glare|move darkpulse
|
|move|p2a: Greninja|Dark Pulse|p1a: Druddigon
|-damage|p1a: Druddigon|0 fnt
|faint|p1a: Druddigon
|-activate|p2a: Greninja|ability: Battle Bond
|detailschange|p2a: Greninja|Greninja-Ash, M
|
|-fieldend|move: Electric Terrain
|upkeep
|c|☆darkarrow|El campo?
|choice|*switch 3|*
|choice|switch 3|
|
|switch|p1a: Mawile|Mawile, M|291\/291
|-ability|p1a: Mawile|Intimidate|boost
|-unboost|p2a: Greninja|atk|1
|turn|8
|c|☆darkarrow|De que hablas?
|choice|*switch 5|*
|choice|*|*switch 2
|choice|switch 5|switch 2
|
|switch|p2a: Magearna|Magearna|301\/301
|switch|p1a: Kartana|Kartana|322\/322
|
|upkeep
|turn|9
|choice|*|*move 1
|choice|*switch 6|*
|choice|switch 6|move shiftgear
|
|switch|p1a: Zygarde|Zygarde|404\/404
|-ability|p1a: Zygarde|Aura Break
|move|p2a: Magearna|Shift Gear|p2a: Magearna
|-boost|p2a: Magearna|spe|2
|-boost|p2a: Magearna|atk|1
|
|upkeep
|turn|10
|choice|*|*move 3
|choice|*switch 5|*
|choice|switch 5|move icebeam
|
|switch|p1a: Mawile|Mawile, M|291\/291
|-ability|p1a: Mawile|Intimidate|boost
|-unboost|p2a: Magearna|atk|1
|move|p2a: Magearna|Ice Beam|p1a: Mawile
|-resisted|p1a: Mawile
|-damage|p1a: Mawile|216\/291
|
|upkeep
|turn|11
|choice|*|*move 2
|choice|*move 2 mega|*
|choice|move knockoff mega|move ironhead
|
|-mega|p1a: Mawile|Mawile|Mawilite
|detailschange|p1a: Mawile|Mawile-Mega, M
|move|p2a: Magearna|Iron Head|p1a: Mawile
|-damage|p1a: Mawile|120\/291
|move|p1a: Mawile|Knock Off|p2a: Magearna
|-resisted|p2a: Magearna
|-damage|p2a: Magearna|192\/301
|-enditem|p2a: Magearna|Leftovers|[from] move: Knock Off|[of] p1a: Mawile
|
|upkeep
|turn|12
|choice|*move 3|*
|choice|*|*move 2
|choice|move playrough|move ironhead
|
|move|p2a: Magearna|Iron Head|p1a: Mawile
|-damage|p1a: Mawile|30\/291
|cant|p1a: Mawile|flinch
|
|upkeep
|turn|13
|choice|*|*move 2
|player|p1|
|c|☆darkarrow|6-0
|player|p1|pepinoxo|pepinoxo.gif?f78def04
|c|☆darkarrow|Es mas mira un shift para ver que hacia
|choice|*move 4|*
|choice|*|*move 1
|choice|move suckerpunch|move shiftgear
|
|move|p1a: Mawile|Sucker Punch|p2a: Magearna|[still]
|-fail|p1a: Mawile
|move|p2a: Magearna|Shift Gear|p2a: Magearna
|-boost|p2a: Magearna|spe|2
|-boost|p2a: Magearna|atk|1
|
|upkeep
|turn|14
|choice|*move 3|*
|choice|*|*move 2
|choice|*move 3|*
|choice|move playrough|move ironhead
|
|move|p2a: Magearna|Iron Head|p1a: Mawile
|-damage|p1a: Mawile|0 fnt
|faint|p1a: Mawile
|-ability|p2a: Magearna|Soul-Heart|boost
|-boost|p2a: Magearna|spa|1
|
|upkeep
|choice|*switch 6|*
|choice|switch 6|
|
|switch|p1a: Kartana|Kartana|322\/322
|turn|15
|choice|*|*move 3
|choice|*move 4|*
|choice|move sacredsword|move icebeam
|
|move|p2a: Magearna|Ice Beam|p1a: Kartana
|-damage|p1a: Kartana|0 fnt
|faint|p1a: Kartana
|-ability|p2a: Magearna|Soul-Heart|boost
|-boost|p2a: Magearna|spa|1
|
|upkeep
|-message|pepinoxo se rindió.
|
|win|darkarrow
</script>
</div>
<div class="battle-log battle-log-inline"><div class="inner"><div class="battle-options"></div><div class="inner"><div class=""><small>Format:</small> <br><strong>OU</strong></div><div class=""><small><em>Cláusula-Mod de Dormir:</em> solo puedes dormir a uno de tus oponentes a la vez.</small></div><div class=""><small><em>Cláusula de Especie:</em> Hasta un Pokémon de cada especie</small></div><div class=""><small><em>Cláusula de Golpe Fulminante:</em> los movimientos fulminantes (OHKO) estan prohibidos</small></div><div class=""><small><em>Cláusula de Veleta:</em> la habilidad Veleta está prohibida</small></div><div class=""><small><em>Cláusula de Movimientos Evasivos:</em> los movimientos de Evasión están prohibidos.</small></div><div class=""><small><em>Cláusula de Batallas Eternas:</em> forzar batallas eternas está prohibido</small></div><div class="chat battle-history"><strong>pepinoxo's team:</strong> <em style="color:#445566;display:block;">Mawile / Blacephalon / Serperior / Druddigon / Kartana / Zygarde</em></div><div class="chat battle-history"><strong>darkarrow's team:</strong> <em style="color:#445566;display:block;">Greninja / Magearna / Medicham / Tapu Koko / Landorus-Therian / Blacephalon</em></div><div class="spacer battle-history"><br></div><div class="battle-history">Battle started between pepinoxo and darkarrow!<br></div><div class="spacer battle-history"><br></div><div class="battle-history">Go! <strong>Druddigon</strong>!<br></div><div class="spacer battle-history"><br></div><div class="battle-history">darkarrow sent out <strong>Medicham</strong>!<br></div><div class="spacer battle-history"><br></div><h2 class="battle-history">Turn 1</h2><div class="chat chatmessage-darkarrow"><strong style="color:hsl(286,70%,49.43546465826002%)"><small>☆</small><span class="username" data-name="darkarrow">darkarrow</span>:</strong> <em>Ahora si prro</em></div><div class="chat chatmessage-darkarrow"><strong style="color:hsl(286,70%,49.43546465826002%)"><small>☆</small><span class="username" data-name="darkarrow">darkarrow</span>:</strong> <em>Prepara tu ano</em></div><div class="chat chatmessage-darkarrow"><strong style="color:hsl(286,70%,49.43546465826002%)"><small>☆</small><span class="username" data-name="darkarrow">darkarrow</span>:</strong> <em>Tu sash me vale dick</em></div><div class="spacer battle-history"><br></div><div class="battle-history">Druddigon, come back!<br></div><div class="battle-history">Go! <strong>Blacephalon</strong>!<br></div><div class="spacer battle-history"><br></div><div class="battle-history"><small>The opposing Medicham's Medichamite is reacting to the Key Stone!</small><br>The opposing Medicham has Mega Evolved into Mega Medicham!<br></div><div class="spacer battle-history"><br></div><div class="battle-history">The opposing Medicham used <strong>Zen Headbutt</strong>!<br></div><div class="battle-history"><small>(Blacephalon lost <abbr title="−248/248">100%</abbr> of its health!)</small><br></div><div class="spacer battle-history"><br></div><div class="battle-history">Blacephalon fainted!<br></div><div class="chat chatmessage-pepinoxo"><strong style="color:hsl(47,57%,34%)"><small>☆</small><span class="username" data-name="pepinoxo">pepinoxo</span>:</strong> <em>awa</em></div><div class="spacer battle-history"><br></div><div class="battle-history">Go! <strong>Mawile</strong>!<br></div><div class="battle-history"><small>[Mawile's Intimidate]</small><br></div><div class="battle-history"><small>The opposing Medicham's Attack fell!</small><br></div><div class="spacer battle-history"><br></div><h2 class="battle-history">Turn 2</h2><div class="chat chatmessage-darkarrow"><strong style="color:hsl(286,70%,49.43546465826002%)"><small>☆</small><span class="username" data-name="darkarrow">darkarrow</span>:</strong> <em>Mira esa psicologia</em></div><div class="chat chatmessage-darkarrow"><strong style="color:hsl(286,70%,49.43546465826002%)"><small>☆</small><span class="username" data-name="darkarrow">darkarrow</span>:</strong> <em>Que me aviento</em></div><div class="chat chatmessage-pepinoxo"><strong style="color:hsl(47,57%,34%)"><small>☆</small><span class="username" data-name="pepinoxo">pepinoxo</span>:</strong> <em>por qué haces eso ::</em></div><div class="chat chatmessage-darkarrow"><strong style="color:hsl(286,70%,49.43546465826002%)"><small>☆</small><span class="username" data-name="darkarrow">darkarrow</span>:</strong> <em>Me meto a tu cabesa prro</em></div><div class="chat chatmessage-darkarrow"><strong style="color:hsl(286,70%,49.43546465826002%)"><small>☆</small><span class="username" data-name="darkarrow">darkarrow</span>:</strong> <em>Mencione lo del sash</em></div><div class="chat chatmessage-pepinoxo"><strong style="color:hsl(47,57%,34%)"><small>☆</small><span class="username" data-name="pepinoxo">pepinoxo</span>:</strong> <em>te hubiera metido unglare</em></div><div class="chat chatmessage-pepinoxo"><strong style="color:hsl(47,57%,34%)"><small>☆</small><span class="username" data-name="pepinoxo">pepinoxo</span>:</strong> <em>y bye medio</em></div><div class="chat chatmessage-pepinoxo"><strong style="color:hsl(47,57%,34%)"><small>☆</small><span class="username" data-name="pepinoxo">pepinoxo</span>:</strong> <em>medi*</em></div><div class="chat chatmessage-darkarrow"><strong style="color:hsl(286,70%,49.43546465826002%)"><small>☆</small><span class="username" data-name="darkarrow">darkarrow</span>:</strong> <em>Para que creyeras en el fake out</em></div><div class="chat chatmessage-darkarrow"><strong style="color:hsl(286,70%,49.43546465826002%)"><small>☆</small><span class="username" data-name="darkarrow">darkarrow</span>:</strong> <em>O un ice punch directo</em></div><div class="chat chatmessage-darkarrow"><strong style="color:hsl(286,70%,49.43546465826002%)"><small>☆</small><span class="username" data-name="darkarrow">darkarrow</span>:</strong> <em>Y pues con blacheon aguanta</em></div><div class="chat chatmessage-darkarrow"><strong style="color:hsl(286,70%,49.43546465826002%)"><small>☆</small><span class="username" data-name="darkarrow">darkarrow</span>:</strong> <em>B)</em></div><div class="chat chatmessage-darkarrow"><strong style="color:hsl(286,70%,49.43546465826002%)"><small>☆</small><span class="username" data-name="darkarrow">darkarrow</span>:</strong> <em>Simpre eh sabido predecir bien</em></div><div class="chat chatmessage-darkarrow"><strong style="color:hsl(286,70%,49.43546465826002%)"><small>☆</small><span class="username" data-name="darkarrow">darkarrow</span>:</strong> <em>Pero los que saben como juego soy izi pa ellos o me juegan a la inversa</em></div><div class="spacer battle-history"><br></div><div class="battle-history">darkarrow withdrew Medicham!<br></div><div class="battle-history">darkarrow sent out Landorus (<strong>Landorus-Therian</strong>)!<br></div><div class="battle-history"><small>[The opposing Landorus's Intimidate]</small><br></div><div class="battle-history"><small>Mawile's Attack fell!</small><br></div><div class="spacer battle-history"><br></div><div class="battle-history">Mawile, come back!<br></div><div class="battle-history">Go! <strong>Serperior</strong>!<br></div><div class="spacer battle-history"><br></div><h2 class="battle-history">Turn 3</h2><div class="spacer battle-history"><br></div><div class="battle-history">Serperior used <strong>Leaf Storm</strong>!<br></div><div class="battle-history"><small>(The opposing Landorus lost <abbr title="−178/319">55.8%</abbr> of its health!)</small><br></div><div class="battle-history"><small>Serperior's Special Attack rose sharply!</small><br></div><div class="spacer battle-history"><br></div><div class="battle-history">The opposing Landorus used <strong>U-turn</strong>!<br></div><div class="battle-history"><small>It's super effective!</small><br></div><div class="battle-history"><small>(Serperior lost <abbr title="−220/305">72.1%</abbr> of its health!)</small><br></div><div class="spacer battle-history"><br></div><div class="battle-history">The opposing Landorus went back to darkarrow!<br></div><div class="battle-history">darkarrow sent out <strong>Tapu Koko</strong>!<br></div><div class="battle-history"><small>[The opposing Tapu Koko's Electric Surge]</small><br><small>An electric current runs across the battlefield!</small><br></div><div class="spacer battle-history"><br></div><div class="battle-history"><small>Serperior restored a little HP using its Leftovers!</small><br></div><div class="spacer battle-history"><br></div><h2 class="battle-history">Turn 4</h2><div class="spacer battle-history"><br></div><div class="battle-history">Serperior, come back!<br></div><div class="battle-history">Go! <strong>Druddigon</strong>!<br></div><div class="spacer battle-history"><br></div><div class="battle-history">The opposing Tapu Koko used <strong>U-turn</strong>!<br></div><div class="battle-history"><small>(Druddigon lost <abbr title="−66/358">18.4%</abbr> of its health!)</small><br></div><div class="spacer battle-history"><br></div><div class="battle-history">The opposing Tapu Koko went back to darkarrow!<br></div><div class="battle-history">darkarrow sent out <strong>Blacephalon</strong>!<br></div><div class="spacer battle-history"><br></div><h2 class="battle-history">Turn 5</h2><div class="chat chatmessage-pepinoxo"><strong style="color:hsl(47,57%,34%)"><small>☆</small><span class="username" data-name="pepinoxo">pepinoxo</span>:</strong> <em>más bien</em></div><div class="chat chatmessage-pepinoxo"><strong style="color:hsl(47,57%,34%)"><small>☆</small><span class="username" data-name="pepinoxo">pepinoxo</span>:</strong> <em>te la juegas mucho :v</em></div><div class="spacer battle-history"><br></div><div class="battle-history">The opposing Blacephalon used <strong>Substitute</strong>!<br></div><div class="battle-history"><small>The opposing Blacephalon put in a substitute!</small><br></div><div class="battle-history"><small>(The opposing Blacephalon lost <abbr title="−61/247">24.7%</abbr> of its health!)</small><br></div><div class="spacer battle-history"><br></div><div class="battle-history">Druddigon used <strong>Glare</strong>!<br></div><div class="battle-history"><small>But it failed!</small><br></div><div class="spacer battle-history"><br></div><h2 class="battle-history">Turn 6</h2><div class="spacer battle-history"><br></div><div class="battle-history">The opposing Blacephalon used <strong>Shadow Ball</strong>!<br></div><div class="battle-history"><small>(Druddigon lost <abbr title="−175/358">48.9%</abbr> of its health!)</small><br></div><div class="spacer battle-history"><br></div><div class="battle-history">Druddigon used <strong>Roar</strong>!<br></div><div class="spacer battle-history"><br></div><div class="battle-history"><strong>Greninja</strong> was dragged out!<br></div><div class="spacer battle-history"><br></div><h2 class="battle-history">Turn 7</h2><div class="chat chatmessage-pepinoxo"><strong style="color:hsl(47,57%,34%)"><small>☆</small><span class="username" data-name="pepinoxo">pepinoxo</span>:</strong> <em>ja</em></div><div class="chat chatmessage-pepinoxo"><strong style="color:hsl(47,57%,34%)"><small>☆</small><span class="username" data-name="pepinoxo">pepinoxo</span>:</strong> <em>olvidé el campo</em></div><div class="spacer battle-history"><br></div><div class="battle-history">The opposing Greninja used <strong>Dark Pulse</strong>!<br></div><div class="battle-history"><small>(Druddigon lost <abbr title="−117/358">32.7%</abbr> of its health!)</small><br></div><div class="spacer battle-history"><br></div><div class="battle-history">Druddigon fainted!<br></div><div class="battle-history"><small>[The opposing Greninja's Battle Bond]</small><br><small>The opposing Greninja became fully charged due to its bond with its Trainer!</small><br></div><div class="battle-history">The opposing Greninja became Ash-Greninja!<br></div><div class="spacer battle-history"><br></div><div class="battle-history"><small>The electricity disappeared from the battlefield.</small><br></div><div class="chat chatmessage-darkarrow"><strong style="color:hsl(286,70%,49.43546465826002%)"><small>☆</small><span class="username" data-name="darkarrow">darkarrow</span>:</strong> <em>El campo?</em></div><div class="spacer battle-history"><br></div><div class="battle-history">Go! <strong>Mawile</strong>!<br></div><div class="battle-history"><small>[Mawile's Intimidate]</small><br></div><div class="battle-history"><small>The opposing Greninja's Attack fell!</small><br></div><div class="spacer battle-history"><br></div><h2 class="battle-history">Turn 8</h2><div class="chat chatmessage-darkarrow"><strong style="color:hsl(286,70%,49.43546465826002%)"><small>☆</small><span class="username" data-name="darkarrow">darkarrow</span>:</strong> <em>De que hablas?</em></div><div class="spacer battle-history"><br></div><div class="battle-history">darkarrow withdrew Greninja!<br></div><div class="battle-history">darkarrow sent out <strong>Magearna</strong>!<br></div><div class="spacer battle-history"><br></div><div class="battle-history">Mawile, come back!<br></div><div class="battle-history">Go! <strong>Kartana</strong>!<br></div><div class="spacer battle-history"><br></div><h2 class="battle-history">Turn 9</h2><div class="spacer battle-history"><br></div><div class="battle-history">Kartana, come back!<br></div><div class="battle-history">Go! <strong>Zygarde</strong>!<br></div><div class="battle-history"><small>[Zygarde's Aura Break]</small><br><small>Zygarde reversed all other Pokémon's auras!</small><br></div><div class="spacer battle-history"><br></div><div class="battle-history">The opposing Magearna used <strong>Shift Gear</strong>!<br></div><div class="battle-history"><small>The opposing Magearna's Speed rose sharply!</small><br></div><div class="battle-history"><small>The opposing Magearna's Attack rose!</small><br></div><div class="spacer battle-history"><br></div><h2 class="battle-history">Turn 10</h2><div class="spacer battle-history"><br></div><div class="battle-history">Zygarde, come back!<br></div><div class="battle-history">Go! <strong>Mawile</strong>!<br></div><div class="battle-history"><small>[Mawile's Intimidate]</small><br></div><div class="battle-history"><small>The opposing Magearna's Attack fell!</small><br></div><div class="spacer battle-history"><br></div><div class="battle-history">The opposing Magearna used <strong>Ice Beam</strong>!<br></div><div class="battle-history"><small>It's not very effective...</small><br></div><div class="battle-history"><small>(Mawile lost <abbr title="−75/291">25.8%</abbr> of its health!)</small><br></div><div class="spacer battle-history"><br></div><h2 class="battle-history">Turn 11</h2><div class="spacer battle-history"><br></div><div class="battle-history"><small>Mawile's Mawilite is reacting to the Key Stone!</small><br>Mawile has Mega Evolved into Mega Mawile!<br></div><div class="spacer battle-history"><br></div><div class="battle-history">The opposing Magearna used <strong>Iron Head</strong>!<br></div><div class="battle-history"><small>(Mawile lost <abbr title="−96/291">33.0%</abbr> of its health!)</small><br></div><div class="spacer battle-history"><br></div><div class="battle-history">Mawile used <strong>Knock Off</strong>!<br></div><div class="battle-history"><small>It's not very effective...</small><br></div><div class="battle-history"><small>(The opposing Magearna lost <abbr title="−109/301">36.2%</abbr> of its health!)</small><br></div><div class="battle-history"><small>Mawile knocked off the opposing Magearna's Leftovers!</small><br></div><div class="spacer battle-history"><br></div><h2 class="battle-history">Turn 12</h2><div class="spacer battle-history"><br></div><div class="battle-history">The opposing Magearna used <strong>Iron Head</strong>!<br></div><div class="battle-history"><small>(Mawile lost <abbr title="−90/291">30.9%</abbr> of its health!)</small><br></div><div class="spacer battle-history"><br></div><div class="battle-history">Mawile flinched and couldn't move!<br></div><div class="spacer battle-history"><br></div><h2 class="battle-history">Turn 13</h2><div class="chat chatmessage-darkarrow"><strong style="color:hsl(286,70%,49.43546465826002%)"><small>☆</small><span class="username" data-name="darkarrow">darkarrow</span>:</strong> <em>6-0</em></div><div class="chat chatmessage-darkarrow"><strong style="color:hsl(286,70%,49.43546465826002%)"><small>☆</small><span class="username" data-name="darkarrow">darkarrow</span>:</strong> <em>Es mas mira un shift para ver que hacia</em></div><div class="spacer battle-history"><br></div><div class="battle-history">Mawile used <strong>Sucker Punch</strong>!<br></div><div class="battle-history"><small>But it failed!</small><br></div><div class="spacer battle-history"><br></div><div class="battle-history">The opposing Magearna used <strong>Shift Gear</strong>!<br></div><div class="battle-history"><small>The opposing Magearna's Speed rose sharply!</small><br></div><div class="battle-history"><small>The opposing Magearna's Attack rose!</small><br></div><div class="spacer battle-history"><br></div><h2 class="battle-history">Turn 14</h2><div class="spacer battle-history"><br></div><div class="battle-history">The opposing Magearna used <strong>Iron Head</strong>!<br></div><div class="battle-history"><small>(Mawile lost <abbr title="−30/291">10.3%</abbr> of its health!)</small><br></div><div class="spacer battle-history"><br></div><div class="battle-history">Mawile fainted!<br></div><div class="battle-history"><small>[The opposing Magearna's Soul-Heart]</small><br></div><div class="battle-history"><small>The opposing Magearna's Special Attack rose!</small><br></div><div class="spacer battle-history"><br></div><div class="battle-history">Go! <strong>Kartana</strong>!<br></div><div class="spacer battle-history"><br></div><h2 class="battle-history">Turn 15</h2><div class="spacer battle-history"><br></div><div class="battle-history">The opposing Magearna used <strong>Ice Beam</strong>!<br></div><div class="battle-history"><small>(Kartana lost <abbr title="−322/322">100%</abbr> of its health!)</small><br></div><div class="spacer battle-history"><br></div><div class="battle-history">Kartana fainted!<br></div><div class="battle-history"><small>[The opposing Magearna's Soul-Heart]</small><br></div><div class="battle-history"><small>The opposing Magearna's Special Attack rose!</small><br></div><div class="spacer battle-history"><br></div><div class="battle-history"><small>pepinoxo se rindió.</small><br></div><div class="spacer battle-history"><br></div><div class="battle-history"><strong>darkarrow</strong> won the battle!<br></div></div><div class="inner-preempt"></div></div></div>
</div>
<script>
let daily = Math.floor(Date.now()/1000/60/60/24);document.write('<script src="https://play.pokemonshowdown.com/js/replay-embed.js?version'+daily+'"></'+'script>');
</script>
