<!DOCTYPE html>
<meta charset="utf-8" />
<!-- version 1 -->
<title>OU replay: GrinchsBankAccount vs. Hermosa❤</title>
<style>
html,body {font-family:Verdana, sans-serif;font-size:10pt;margin:0;padding:0;}body{padding:12px 0;} .battle-log {font-family:Verdana, sans-serif;font-size:10pt;} .battle-log-inline {border:1px solid #AAAAAA;background:#EEF2F5;color:black;max-width:640px;margin:0 auto 80px;padding-bottom:5px;} .battle-log .inner {padding:4px 8px 0px 8px;} .battle-log .inner-preempt {padding:0 8px 4px 8px;} .battle-log .inner-after {margin-top:0.5em;} .battle-log h2 {margin:0.5em -8px;padding:4px 8px;border:1px solid #AAAAAA;background:#E0E7EA;border-left:0;border-right:0;font-family:Verdana, sans-serif;font-size:13pt;} .battle-log .chat {vertical-align:middle;padding:3px 0 3px 0;font-size:8pt;} .battle-log .chat strong {color:#40576A;} .battle-log .chat em {padding:1px 4px 1px 3px;color:#000000;font-style:normal;} .chat.mine {background:rgba(0,0,0,0.05);margin-left:-8px;margin-right:-8px;padding-left:8px;padding-right:8px;} .spoiler {color:#BBBBBB;background:#BBBBBB;padding:0px 3px;} .spoiler:hover, .spoiler:active, .spoiler-shown {color:#000000;background:#E2E2E2;padding:0px 3px;} .spoiler a {color:#BBBBBB;} .spoiler:hover a, .spoiler:active a, .spoiler-shown a {color:#2288CC;} .chat code, .chat .spoiler:hover code, .chat .spoiler:active code, .chat .spoiler-shown code {border:1px solid #C0C0C0;background:#EEEEEE;color:black;padding:0 2px;} .chat .spoiler code {border:1px solid #CCCCCC;background:#CCCCCC;color:#CCCCCC;} .battle-log .rated {padding:3px 4px;} .battle-log .rated strong {color:white;background:#89A;padding:1px 4px;border-radius:4px;} .spacer {margin-top:0.5em;} .message-announce {background:#6688AA;color:white;padding:1px 4px 2px;} .message-announce a, .broadcast-green a, .broadcast-blue a, .broadcast-red a {color:#DDEEFF;} .broadcast-green {background-color:#559955;color:white;padding:2px 4px;} .broadcast-blue {background-color:#6688AA;color:white;padding:2px 4px;} .infobox {border:1px solid #6688AA;padding:2px 4px;} .infobox-limited {max-height:200px;overflow:auto;overflow-x:hidden;} .broadcast-red {background-color:#AA5544;color:white;padding:2px 4px;} .message-learn-canlearn {font-weight:bold;color:#228822;text-decoration:underline;} .message-learn-cannotlearn {font-weight:bold;color:#CC2222;text-decoration:underline;} .message-effect-weak {font-weight:bold;color:#CC2222;} .message-effect-resist {font-weight:bold;color:#6688AA;} .message-effect-immune {font-weight:bold;color:#666666;} .message-learn-list {margin-top:0;margin-bottom:0;} .message-throttle-notice, .message-error {color:#992222;} .message-overflow, .chat small.message-overflow {font-size:0pt;} .message-overflow::before {font-size:9pt;content:'...';} .subtle {color:#3A4A66;}
</style>
<div class="wrapper replay-wrapper" style="max-width:1180px;margin:0 auto">
<input type="hidden" name="replayid" value="destiny-ou-409395" />
<div class="battle"></div><div class="battle-log"></div><div class="replay-controls"></div><div class="replay-controls-2"></div>
<h1 style="font-weight:normal;text-align:center"><strong>OU</strong><br /><a href="http://pokemonshowdown.com/users/grinchsbankaccount" class="subtle" target="_blank">GrinchsBankAccount</a> vs. <a href="http://pokemonshowdown.com/users/hermosa" class="subtle" target="_blank">Hermosa❤</a></h1>
<script type="text/plain" class="battle-log-data">|player|p1|GrinchsBankAccount|#zinnia
|teamsize|p1|6
|player|p2|Hermosa❤|philion-3.gif?ff9dd5d6
|teamsize|p2|6
|teamsize|p1|6
|teamsize|p2|6
|gametype|singles
|gen|7
|tier|OU
|rated
|seed|4872,53068,43522,46488
|rule|Cláusula-Mod de Dormir: solo puedes dormir a uno de tus oponentes a la vez.
|rule|Cláusula de Especie: Hasta un Pokémon de cada especie
|rule|Cláusula de Golpe Fulminante: los movimientos fulminantes (OHKO) estan prohibidos
|rule|Cláusula de Veleta: la habilidad Veleta está prohibida
|rule|Cláusula de Movimientos Evasivos: los movimientos de Evasión están prohibidos.
|rule|Cláusula de Batallas Eternas: forzar batallas eternas está prohibido
|clearpoke
|poke|p1|Swalot, F|item
|poke|p1|Honchkrow, F|item
|poke|p1|Swampert, M|item
|poke|p1|Manectric, F|item
|poke|p1|Tapu Fini|item
|poke|p1|Bronzong|item
|poke|p2|Chansey, F|item
|poke|p2|Zapdos|item
|poke|p2|Scizor, M|item
|poke|p2|Gliscor, M|item
|poke|p2|Heatran, M|item
|poke|p2|Alomomola, F|item
|teampreview|undefined
|choice|*team 321456|*
|inactive|Reloj de batalla ENCENDIDO. El jugador inactivo será descalificado (solicitado por GrinchsBankAccount).
|choice|*|*team 423156
|choice|team 3, 2, 1, 4, 5, 6|team 4, 2, 3, 1, 5, 6
|
|start
|switch|p1a: Swampert|Swampert, M|404\/404
|switch|p2a: Gliscor|Gliscor, M|352\/352
|turn|1
|choice|*move 1|*
|choice|*|*switch 6
|choice|move scald|switch 6
|
|switch|p2a: Alomomola|Alomomola, F|481\/481
|move|p1a: Swampert|Scald|p2a: Alomomola
|-resisted|p2a: Alomomola
|-damage|p2a: Alomomola|432\/481
|
|-heal|p2a: Alomomola|462\/481|[from] item: Leftovers
|upkeep
|turn|2
|choice|*|*move 4
|choice|*switch 5|*
|choice|switch 5|move toxic
|
|switch|p1a: Tapu Fini|Tapu Fini|343\/343
|-fieldstart|move: Misty Terrain|[from] ability: Misty Surge|[of] p1a: Tapu Fini
|move|p2a: Alomomola|Toxic|p1a: Tapu Fini
|-activate|p1a: Tapu Fini|move: Misty Terrain
|
|-heal|p2a: Alomomola|481\/481|[from] item: Leftovers
|upkeep
|turn|3
|choice|*switch 5|*
|choice|*|*move 3
|choice|switch 5|move knockoff
|
|switch|p1a: Swampert|Swampert, M|404\/404
|move|p2a: Alomomola|Knock Off|p1a: Swampert
|-damage|p1a: Swampert|358\/404
|-damage|p2a: Alomomola|401\/481|[from] item: Rocky Helmet|[of] p1a: Swampert
|-enditem|p1a: Swampert|Rocky Helmet|[from] move: Knock Off|[of] p2a: Alomomola
|
|-heal|p2a: Alomomola|431\/481|[from] item: Leftovers
|upkeep
|turn|4
|choice|*move 3|*
|choice|*|*switch 4
|choice|move stealthrock|switch 4
|
|switch|p2a: Chansey|Chansey, F|703\/703
|move|p1a: Swampert|Stealth Rock|p2a: Chansey
|-sidestart|p2: Hermosa❤|move: Stealth Rock
|
|upkeep
|turn|5
|choice|*|*move 4
|choice|*switch 2|*
|choice|switch 2|move seismictoss
|
|switch|p1a: Honchkrow|Honchkrow, F|341\/341
|move|p2a: Chansey|Seismic Toss|p1a: Honchkrow
|-damage|p1a: Honchkrow|241\/341
|
|upkeep
|turn|6
|choice|*move 4|*
|choice|*|*switch 6
|choice|move superpower|switch 6
|
|switch|p2a: Gliscor|Gliscor, M|352\/352
|-damage|p2a: Gliscor|308\/352|[from] Stealth Rock
|move|p1a: Honchkrow|Superpower|p2a: Gliscor
|-resisted|p2a: Gliscor
|-damage|p2a: Gliscor|255\/352
|-unboost|p1a: Honchkrow|atk|1
|-unboost|p1a: Honchkrow|def|1
|
|-fieldend|Misty Terrain
|-status|p2a: Gliscor|tox|[from] item: Toxic Orb
|upkeep
|turn|7
|choice|*|*move 1
|choice|*switch 5|*
|choice|switch 5|move defog
|
|switch|p1a: Tapu Fini|Tapu Fini|343\/343
|-fieldstart|move: Misty Terrain|[from] ability: Misty Surge|[of] p1a: Tapu Fini
|move|p2a: Gliscor|Defog|p1a: Tapu Fini
|-unboost|p1a: Tapu Fini|evasion|1
|-sideend|p2: Hermosa❤|Stealth Rock|[from] move: Defog|[of] p2a: Gliscor
|
|-heal|p2a: Gliscor|299\/352 tox|[from] ability: Poison Heal
|upkeep
|turn|8
|choice|*move 4|*
|choice|*|*switch 2
|choice|move calmmind|switch 2
|
|switch|p2a: Zapdos|Zapdos|383\/383
|-ability|p2a: Zapdos|Pressure
|move|p1a: Tapu Fini|Calm Mind|p1a: Tapu Fini
|-boost|p1a: Tapu Fini|spa|1
|-boost|p1a: Tapu Fini|spd|1
|
|upkeep
|turn|9
|choice|*|*move 1
|choice|*move 2|*
|choice|move moonblast|move discharge
|
|move|p2a: Zapdos|Discharge|p1a: Tapu Fini
|-supereffective|p1a: Tapu Fini
|-damage|p1a: Tapu Fini|227\/343
|move|p1a: Tapu Fini|Moonblast|p2a: Zapdos
|-damage|p2a: Zapdos|256\/383
|
|-heal|p2a: Zapdos|279\/383|[from] item: Leftovers
|-heal|p1a: Tapu Fini|248\/343|[from] item: Leftovers
|upkeep
|turn|10
|choice|*switch 6|*
|choice|*|*switch 6
|choice|switch 6|switch 6
|
|switch|p2a: Chansey|Chansey, F|703\/703
|switch|p1a: Bronzong|Bronzong|338\/338
|
|upkeep
|turn|11
|choice|*move 2|*
|choice|*|*switch 5
|choice|move stealthrock|switch 5
|
|switch|p2a: Heatran|Heatran, M|385\/385
|move|p1a: Bronzong|Stealth Rock|p2a: Heatran
|-sidestart|p2: Hermosa❤|move: Stealth Rock
|
|-fieldend|Misty Terrain
|upkeep
|turn|12
|choice|*|*move 1
|choice|*switch 3|*
|choice|switch 3|move lavaplume
|
|switch|p1a: Swalot|Swalot, F|404\/404
|move|p2a: Heatran|Lava Plume|p1a: Swalot
|-damage|p1a: Swalot|311\/404
|
|upkeep
|turn|13
|choice|*move 2|*
|choice|*|*move 4
|choice|move hiddenpower|move protect
|
|move|p2a: Heatran|Protect|p2a: Heatran
|-singleturn|p2a: Heatran|Protect
|move|p1a: Swalot|Hidden Power|p2a: Heatran
|-activate|p2a: Heatran|move: Protect
|
|upkeep
|turn|14
|choice|*move 2|*
|choice|*|*switch 2
|choice|move hiddenpower|switch 2
|
|switch|p2a: Gliscor|Gliscor, M|299\/352 tox
|-damage|p2a: Gliscor|255\/352 tox|[from] Stealth Rock
|move|p1a: Swalot|Hidden Power|p2a: Gliscor
|-immune|p2a: Gliscor|[msg]
|
|-heal|p2a: Gliscor|299\/352 tox|[from] ability: Poison Heal
|upkeep
|turn|15
|choice|*|*move 1
|choice|*move 3|*
|choice|move icebeam|move defog
|
|move|p2a: Gliscor|Defog|p1a: Swalot
|-unboost|p1a: Swalot|evasion|1
|-sideend|p2: Hermosa❤|Stealth Rock|[from] move: Defog|[of] p2a: Gliscor
|move|p1a: Swalot|Ice Beam|p2a: Gliscor
|-supereffective|p2a: Gliscor
|-damage|p2a: Gliscor|0 fnt
|faint|p2a: Gliscor
|
|upkeep
|choice|*|*switch 3
|choice||switch 3
|
|switch|p2a: Scizor|Scizor, M|343\/343
|turn|16
|choice|*switch 2|*
|choice|*|*move 1 mega
|choice|switch 2|move bulletpunch mega
|
|switch|p1a: Swampert|Swampert, M|358\/404
|-mega|p2a: Scizor|Scizor|Scizorite
|detailschange|p2a: Scizor|Scizor-Mega, M
|move|p2a: Scizor|Bullet Punch|p1a: Swampert
|-resisted|p1a: Swampert
|-damage|p1a: Swampert|320\/404
|
|upkeep
|turn|17
|choice|*move 3|*
|choice|*|*switch 5
|choice|move stealthrock|switch 5
|
|switch|p2a: Chansey|Chansey, F|703\/703
|move|p1a: Swampert|Stealth Rock|p2a: Chansey
|-sidestart|p2: Hermosa❤|move: Stealth Rock
|
|upkeep
|turn|18
|choice|*switch 5|*
|choice|*|*switch 6
|choice|switch 5|switch 6
|
|switch|p1a: Honchkrow|Honchkrow, F|241\/341
|switch|p2a: Zapdos|Zapdos|279\/383
|-damage|p2a: Zapdos|184\/383|[from] Stealth Rock
|-ability|p2a: Zapdos|Pressure
|
|-heal|p2a: Zapdos|207\/383|[from] item: Leftovers
|upkeep
|turn|19
|choice|*|*move 3
|choice|*switch 3|*
|choice|switch 3|move roost
|
|switch|p1a: Bronzong|Bronzong|338\/338
|move|p2a: Zapdos|Roost|p2a: Zapdos
|-heal|p2a: Zapdos|383\/383
|
|upkeep
|turn|20
|choice|*move 3|*
|choice|*|*move 4
|choice|move toxic|move defog
|
|move|p2a: Zapdos|Defog|p1a: Bronzong
|-unboost|p1a: Bronzong|evasion|1
|-sideend|p2: Hermosa❤|Stealth Rock|[from] move: Defog|[of] p2a: Zapdos
|move|p1a: Bronzong|Toxic|p2a: Zapdos
|-status|p2a: Zapdos|tox
|
|-damage|p2a: Zapdos|360\/383 tox|[from] psn
|upkeep
|turn|21
|choice|*|*switch 2
|choice|*switch 4|*
|choice|switch 4|switch 2
|
|switch|p2a: Heatran|Heatran, M|385\/385
|switch|p1a: Manectric|Manectric, F|282\/282
|
|upkeep
|turn|22
|choice|*move 2 mega|*
|choice|*|*move 1
|choice|move voltswitch mega|move lavaplume
|
|-mega|p1a: Manectric|Manectric|Manectite
|detailschange|p1a: Manectric|Manectric-Mega, F
|-ability|p1a: Manectric|Intimidate|boost
|-unboost|p2a: Heatran|atk|1
|move|p1a: Manectric|Volt Switch|p2a: Heatran
|-damage|p2a: Heatran|300\/385
|choice|*switch 6|*
|choice|switch 6|
|
|switch|p1a: Tapu Fini|Tapu Fini|248\/343|[from]move: Volt Switch
|-fieldstart|move: Misty Terrain|[from] ability: Misty Surge|[of] p1a: Tapu Fini
|move|p2a: Heatran|Lava Plume|p1a: Tapu Fini
|-resisted|p1a: Tapu Fini
|-damage|p1a: Tapu Fini|206\/343
|
|-heal|p1a: Tapu Fini|227\/343|[from] item: Leftovers
|-heal|p2a: Heatran|324\/385|[from] item: Leftovers
|upkeep
|turn|23
|choice|*|*move 4
|choice|*move 1|*
|choice|move scald|move protect
|
|move|p2a: Heatran|Protect|p2a: Heatran
|-singleturn|p2a: Heatran|Protect
|move|p1a: Tapu Fini|Scald|p2a: Heatran
|-activate|p2a: Heatran|move: Protect
|
|-heal|p1a: Tapu Fini|248\/343|[from] item: Leftovers
|-heal|p2a: Heatran|348\/385|[from] item: Leftovers
|upkeep
|turn|24
|choice|*move 1|*
|choice|*|*switch 6
|choice|*move 4|*
|choice|move calmmind|switch 6
|
|switch|p2a: Chansey|Chansey, F|703\/703
|move|p1a: Tapu Fini|Calm Mind|p1a: Tapu Fini
|-boost|p1a: Tapu Fini|spa|1
|-boost|p1a: Tapu Fini|spd|1
|
|-heal|p1a: Tapu Fini|269\/343|[from] item: Leftovers
|upkeep
|turn|25
|choice|*|*move 4
|inactive|GrinchsBankAccount tiene 135 segundos restantes.
|c|☆GrinchsBankAccount|this is insane this one mon is keeping me from the rest of your team.
|inactive|GrinchsBankAccount tiene 120 segundos restantes.
|inactive|GrinchsBankAccount tiene 105 segundos restantes.
|choice|*switch 4|*
|choice|switch 4|move seismictoss
|
|switch|p1a: Bronzong|Bronzong|338\/338
|move|p2a: Chansey|Seismic Toss|p1a: Bronzong
|-damage|p1a: Bronzong|238\/338
|
|upkeep
|turn|26
|c|☆Hermosa❤|im beatuful
|choice|*move 2|*
|choice|*|*switch 6
|choice|move stealthrock|switch 6
|
|switch|p2a: Heatran|Heatran, M|348\/385
|move|p1a: Bronzong|Stealth Rock|p2a: Heatran
|-sidestart|p2: Hermosa❤|move: Stealth Rock
|
|-heal|p2a: Heatran|372\/385|[from] item: Leftovers
|-fieldend|Misty Terrain
|upkeep
|turn|27
|choice|*switch 4|*
|choice|*|*switch 4
|choice|switch 4|switch 4
|
|switch|p2a: Alomomola|Alomomola, F|481\/481
|-damage|p2a: Alomomola|421\/481|[from] Stealth Rock
|switch|p1a: Tapu Fini|Tapu Fini|269\/343
|-fieldstart|move: Misty Terrain|[from] ability: Misty Surge|[of] p1a: Tapu Fini
|
|-heal|p1a: Tapu Fini|290\/343|[from] item: Leftovers
|-heal|p2a: Alomomola|451\/481|[from] item: Leftovers
|upkeep
|turn|28
|choice|*switch 6|*
|choice|*|*move 3
|choice|switch 6|move knockoff
|
|switch|p1a: Manectric|Manectric-Mega, F|282\/282
|-ability|p1a: Manectric|Intimidate|boost
|-unboost|p2a: Alomomola|atk|1
|move|p2a: Alomomola|Knock Off|p1a: Manectric
|-damage|p1a: Manectric|248\/282
|
|-heal|p2a: Alomomola|481\/481|[from] item: Leftovers
|upkeep
|turn|29
|choice|*|*switch 6
|choice|*move 2|*
|choice|move voltswitch|switch 6
|
|switch|p2a: Chansey|Chansey, F|703\/703
|-damage|p2a: Chansey|616\/703|[from] Stealth Rock
|move|p1a: Manectric|Volt Switch|p2a: Chansey
|-damage|p2a: Chansey|528\/703
|choice|*switch 3|*
|choice|switch 3|
|
|switch|p1a: Honchkrow|Honchkrow, F|241\/341|[from]move: Volt Switch
|
|upkeep
|turn|30
|choice|*|*move 1
|choice|*move 1|*
|choice|move bravebird|move protect
|
|move|p2a: Chansey|Protect|p2a: Chansey
|-singleturn|p2a: Chansey|Protect
|move|p1a: Honchkrow|Brave Bird|p2a: Chansey
|-activate|p2a: Chansey|move: Protect
|
|upkeep
|turn|31
|choice|*move 1|*
|choice|*|*switch 5
|choice|move bravebird|switch 5
|
|switch|p2a: Scizor|Scizor-Mega, M|343\/343
|-damage|p2a: Scizor|301\/343|[from] Stealth Rock
|move|p1a: Honchkrow|Brave Bird|p2a: Scizor
|-damage|p2a: Scizor|186\/343
|-damage|p1a: Honchkrow|203\/341|[from] recoil
|
|-fieldend|Misty Terrain
|upkeep
|turn|32
|choice|*|*move 3
|choice|*switch 5|*
|choice|switch 5|move roost
|
|switch|p1a: Swampert|Swampert, M|320\/404
|move|p2a: Scizor|Roost|p2a: Scizor
|-heal|p2a: Scizor|343\/343
|
|upkeep
|turn|33
|choice|*move 1|*
|choice|*|*move 4
|choice|move scald|move defog
|
|move|p2a: Scizor|Defog|p1a: Swampert
|-unboost|p1a: Swampert|evasion|1
|-sideend|p2: Hermosa❤|Stealth Rock|[from] move: Defog|[of] p2a: Scizor
|move|p1a: Swampert|Scald|p2a: Scizor
|-damage|p2a: Scizor|256\/343
|-status|p2a: Scizor|brn
|
|-damage|p2a: Scizor|235\/343 brn|[from] brn
|upkeep
|turn|34
|choice|*move 3|*
|choice|*|*switch 2
|choice|move stealthrock|switch 2
|
|switch|p2a: Zapdos|Zapdos|360\/383 tox
|-ability|p2a: Zapdos|Pressure
|move|p1a: Swampert|Stealth Rock|p2a: Zapdos
|-sidestart|p2: Hermosa❤|move: Stealth Rock
|
|-heal|p2a: Zapdos|383\/383 tox|[from] item: Leftovers
|-damage|p2a: Zapdos|360\/383 tox|[from] psn
|upkeep
|turn|35
|choice|*|*move 4
|choice|*switch 2|*
|choice|switch 2|move defog
|
|switch|p1a: Swalot|Swalot, F|311\/404
|move|p2a: Zapdos|Defog|p1a: Swalot
|-unboost|p1a: Swalot|evasion|1
|-sideend|p2: Hermosa❤|Stealth Rock|[from] move: Defog|[of] p2a: Zapdos
|
|-heal|p2a: Zapdos|383\/383 tox|[from] item: Leftovers
|-damage|p2a: Zapdos|337\/383 tox|[from] psn
|upkeep
|turn|36
|choice|*|*switch 4
|choice|*move 3|*
|choice|move icebeam|switch 4
|
|switch|p2a: Heatran|Heatran, M|372\/385
|move|p1a: Swalot|Ice Beam|p2a: Heatran
|-resisted|p2a: Heatran
|-damage|p2a: Heatran|357\/385
|
|-heal|p2a: Heatran|381\/385|[from] item: Leftovers
|upkeep
|turn|37
|choice|*|*move 1
|choice|*move 2|*
|choice|move hiddenpower|move lavaplume
|
|move|p2a: Heatran|Lava Plume|p1a: Swalot
|-damage|p1a: Swalot|223\/404
|move|p1a: Swalot|Hidden Power|p2a: Heatran
|-supereffective|p2a: Heatran
|-damage|p2a: Heatran|225\/385
|
|-heal|p2a: Heatran|249\/385|[from] item: Leftovers
|upkeep
|turn|38
|choice|*move 2|*
|choice|*|*move 4
|choice|move hiddenpower|move protect
|
|move|p2a: Heatran|Protect|p2a: Heatran
|-singleturn|p2a: Heatran|Protect
|move|p1a: Swalot|Hidden Power|p2a: Heatran
|-activate|p2a: Heatran|move: Protect
|
|-heal|p2a: Heatran|273\/385|[from] item: Leftovers
|upkeep
|turn|39
|choice|*|*switch 5
|choice|*move 2|*
|choice|move hiddenpower|switch 5
|
|switch|p2a: Chansey|Chansey, F|528\/703
|move|p1a: Swalot|Hidden Power|p2a: Chansey
|-damage|p2a: Chansey|493\/703
|
|upkeep
|turn|40
|choice|*|*move 4
|choice|*switch 4|*
|choice|switch 4|move seismictoss
|
|switch|p1a: Bronzong|Bronzong|238\/338
|move|p2a: Chansey|Seismic Toss|p1a: Bronzong
|-damage|p1a: Bronzong|138\/338
|
|upkeep
|turn|41
|choice|*move 2|*
|choice|*|*move 4
|choice|move stealthrock|move seismictoss
|
|move|p2a: Chansey|Seismic Toss|p1a: Bronzong
|-damage|p1a: Bronzong|38\/338
|move|p1a: Bronzong|Stealth Rock|p2a: Chansey
|-sidestart|p2: Hermosa❤|move: Stealth Rock
|
|upkeep
|turn|42
|choice|*move 3|*
|choice|*|*move 4
|choice|move toxic|move seismictoss
|
|move|p2a: Chansey|Seismic Toss|p1a: Bronzong
|-damage|p1a: Bronzong|0 fnt
|faint|p1a: Bronzong
|
|upkeep
|choice|*switch 5|*
|choice|switch 5|
|
|switch|p1a: Honchkrow|Honchkrow, F|203\/341
|turn|43
|choice|*move 3|*
|choice|*|*move 1
|choice|move nightslash|move protect
|
|move|p2a: Chansey|Protect|p2a: Chansey
|-singleturn|p2a: Chansey|Protect
|move|p1a: Honchkrow|Night Slash|p2a: Chansey
|-activate|p2a: Chansey|move: Protect
|
|upkeep
|turn|44
|choice|*move 3|*
|choice|*|*switch 2
|choice|move nightslash|switch 2
|
|switch|p2a: Scizor|Scizor-Mega, M|235\/343 brn
|-damage|p2a: Scizor|193\/343 brn|[from] Stealth Rock
|move|p1a: Honchkrow|Night Slash|p2a: Scizor
|-damage|p2a: Scizor|118\/343 brn
|
|-damage|p2a: Scizor|97\/343 brn|[from] brn
|upkeep
|turn|45
|choice|*|*switch 4
|choice|*move 3|*
|choice|move nightslash|switch 4
|
|switch|p2a: Zapdos|Zapdos|337\/383 tox
|-damage|p2a: Zapdos|242\/383 tox|[from] Stealth Rock
|-ability|p2a: Zapdos|Pressure
|move|p1a: Honchkrow|Night Slash|p2a: Zapdos
|-damage|p2a: Zapdos|94\/383 tox
|
|-heal|p2a: Zapdos|117\/383 tox|[from] item: Leftovers
|-damage|p2a: Zapdos|94\/383 tox|[from] psn
|upkeep
|turn|46
|choice|*|*move 3
|choice|*move 3|*
|choice|move nightslash|move roost
|
|move|p1a: Honchkrow|Night Slash|p2a: Zapdos
|-damage|p2a: Zapdos|0 fnt
|faint|p2a: Zapdos
|-ability|p1a: Honchkrow|Moxie|boost
|-boost|p1a: Honchkrow|atk|1
|
|upkeep
|choice|*|*switch 6
|choice||switch 6
|
|switch|p2a: Alomomola|Alomomola, F|481\/481
|-damage|p2a: Alomomola|421\/481|[from] Stealth Rock
|turn|47
|choice|*|*move 4
|choice|*switch 6|*
|choice|switch 6|move toxic
|
|switch|p1a: Tapu Fini|Tapu Fini|290\/343
|-fieldstart|move: Misty Terrain|[from] ability: Misty Surge|[of] p1a: Tapu Fini
|move|p2a: Alomomola|Toxic|p1a: Tapu Fini
|-activate|p1a: Tapu Fini|move: Misty Terrain
|
|-heal|p1a: Tapu Fini|311\/343|[from] item: Leftovers
|-heal|p2a: Alomomola|451\/481|[from] item: Leftovers
|upkeep
|turn|48
|choice|*|*move 3
|choice|*switch 3|*
|choice|switch 3|move knockoff
|
|switch|p1a: Manectric|Manectric-Mega, F|248\/282
|-ability|p1a: Manectric|Intimidate|boost
|-unboost|p2a: Alomomola|atk|1
|move|p2a: Alomomola|Knock Off|p1a: Manectric
|-damage|p1a: Manectric|215\/282
|
|-heal|p2a: Alomomola|481\/481|[from] item: Leftovers
|upkeep
|turn|49
|choice|*move 2|*
|choice|*|*switch 4
|choice|move voltswitch|switch 4
|
|switch|p2a: Scizor|Scizor-Mega, M|97\/343 brn
|-damage|p2a: Scizor|55\/343 brn|[from] Stealth Rock
|move|p1a: Manectric|Volt Switch|p2a: Scizor
|-crit|p2a: Scizor
|-damage|p2a: Scizor|0 fnt
|faint|p2a: Scizor
|choice|*switch 6|*
|choice|switch 6|
|
|switch|p1a: Honchkrow|Honchkrow, F|203\/341|[from]move: Volt Switch
|
|upkeep
|c|☆Hermosa❤|wheel
|inactive|Hermosa❤ tiene 135 segundos restantes.
|c|☆Hermosa❤|i kill 1 pokemon im fine
|inactive|Hermosa❤ tiene 120 segundos restantes.
|-message|Hermosa❤ se rindió.
|
|win|GrinchsBankAccount
GrinchsBankAccount ha ganado 8 PokeDolares.
|raw|Puntaje de GrinchsBankAccount: 1184 &rarr; <strong>1212<\/strong><br \/>(+28 por ganar)
|raw|Puntaje de Hermosa❤: 1203 &rarr; <strong>1176<\/strong><br \/>(-27 por perder)
</script>
</div>
<div class="battle-log battle-log-inline"><div class="inner"><div class="battle-options"></div><div class="inner"><div class=""><small>Format:</small> <br><strong>OU</strong></div><div class="rated"><strong>Rated battle</strong></div><div class=""><small><em>Cláusula-Mod de Dormir:</em> solo puedes dormir a uno de tus oponentes a la vez.</small></div><div class=""><small><em>Cláusula de Especie:</em> Hasta un Pokémon de cada especie</small></div><div class=""><small><em>Cláusula de Golpe Fulminante:</em> los movimientos fulminantes (OHKO) estan prohibidos</small></div><div class=""><small><em>Cláusula de Veleta:</em> la habilidad Veleta está prohibida</small></div><div class=""><small><em>Cláusula de Movimientos Evasivos:</em> los movimientos de Evasión están prohibidos.</small></div><div class=""><small><em>Cláusula de Batallas Eternas:</em> forzar batallas eternas está prohibido</small></div><div class="chat battle-history"><strong>GrinchsBankAccount's team:</strong> <em style="color:#445566;display:block;">Swalot / Honchkrow / Swampert / Manectric / Tapu Fini / Bronzong</em></div><div class="chat battle-history"><strong>Hermosa❤'s team:</strong> <em style="color:#445566;display:block;">Chansey / Zapdos / Scizor / Gliscor / Heatran / Alomomola</em></div><div class="chat message-error">Reloj de batalla ENCENDIDO. El jugador inactivo será descalificado (solicitado por GrinchsBankAccount).</div><div class="spacer battle-history"><br></div><div class="battle-history">Battle started between GrinchsBankAccount and Hermosa❤!<br></div><div class="spacer battle-history"><br></div><div class="battle-history">Go! <strong>Swampert</strong>!<br></div><div class="spacer battle-history"><br></div><div class="battle-history">Hermosa❤ sent out <strong>Gliscor</strong>!<br></div><div class="spacer battle-history"><br></div><h2 class="battle-history">Turn 1</h2><div class="spacer battle-history"><br></div><div class="battle-history">Hermosa❤ withdrew Gliscor!<br></div><div class="battle-history">Hermosa❤ sent out <strong>Alomomola</strong>!<br></div><div class="spacer battle-history"><br></div><div class="battle-history">Swampert used <strong>Scald</strong>!<br></div><div class="battle-history"><small>It's not very effective...</small><br></div><div class="battle-history"><small>(The opposing Alomomola lost <abbr title="−49/481">10.2%</abbr> of its health!)</small><br></div><div class="spacer battle-history"><br></div><div class="battle-history"><small>The opposing Alomomola restored a little HP using its Leftovers!</small><br></div><div class="spacer battle-history"><br></div><h2 class="battle-history">Turn 2</h2><div class="spacer battle-history"><br></div><div class="battle-history">Swampert, come back!<br></div><div class="battle-history">Go! <strong>Tapu Fini</strong>!<br></div><div class="battle-history"><small>[Tapu Fini's Misty Surge]</small><br><small>Mist swirls around the battlefield!</small><br></div><div class="spacer battle-history"><br></div><div class="battle-history">The opposing Alomomola used <strong>Toxic</strong>!<br></div><div class="battle-history"><small>Tapu Fini surrounds itself with a protective mist!</small><br></div><div class="spacer battle-history"><br></div><div class="battle-history"><small>The opposing Alomomola restored a little HP using its Leftovers!</small><br></div><div class="spacer battle-history"><br></div><h2 class="battle-history">Turn 3</h2><div class="spacer battle-history"><br></div><div class="battle-history">Tapu Fini, come back!<br></div><div class="battle-history">Go! <strong>Swampert</strong>!<br></div><div class="spacer battle-history"><br></div><div class="battle-history">The opposing Alomomola used <strong>Knock Off</strong>!<br></div><div class="battle-history"><small>(Swampert lost <abbr title="−46/404">11.4%</abbr> of its health!)</small><br></div><div class="battle-history"><small>The opposing Alomomola was hurt by the Rocky Helmet!</small><br></div><div class="battle-history"><small>The opposing Alomomola knocked off Swampert's Rocky Helmet!</small><br></div><div class="spacer battle-history"><br></div><div class="battle-history"><small>The opposing Alomomola restored a little HP using its Leftovers!</small><br></div><div class="spacer battle-history"><br></div><h2 class="battle-history">Turn 4</h2><div class="spacer battle-history"><br></div><div class="battle-history">Hermosa❤ withdrew Alomomola!<br></div><div class="battle-history">Hermosa❤ sent out <strong>Chansey</strong>!<br></div><div class="spacer battle-history"><br></div><div class="battle-history">Swampert used <strong>Stealth Rock</strong>!<br></div><div class="battle-history"><small>Pointed stones float in the air around the opposing team!</small><br></div><div class="spacer battle-history"><br></div><h2 class="battle-history">Turn 5</h2><div class="spacer battle-history"><br></div><div class="battle-history">Swampert, come back!<br></div><div class="battle-history">Go! <strong>Honchkrow</strong>!<br></div><div class="spacer battle-history"><br></div><div class="battle-history">The opposing Chansey used <strong>Seismic Toss</strong>!<br></div><div class="battle-history"><small>(Honchkrow lost <abbr title="−100/341">29.3%</abbr> of its health!)</small><br></div><div class="spacer battle-history"><br></div><h2 class="battle-history">Turn 6</h2><div class="spacer battle-history"><br></div><div class="battle-history">Hermosa❤ withdrew Chansey!<br></div><div class="battle-history">Hermosa❤ sent out <strong>Gliscor</strong>!<br></div><div class="battle-history"><small>Pointed stones dug into the opposing Gliscor!</small><br></div><div class="spacer battle-history"><br></div><div class="battle-history">Honchkrow used <strong>Superpower</strong>!<br></div><div class="battle-history"><small>It's not very effective...</small><br></div><div class="battle-history"><small>(The opposing Gliscor lost <abbr title="−53/352">15.1%</abbr> of its health!)</small><br></div><div class="battle-history"><small>Honchkrow's Attack fell!</small><br></div><div class="battle-history"><small>Honchkrow's Defense fell!</small><br></div><div class="spacer battle-history"><br></div><div class="battle-history"><small>The mist disappeared from the battlefield.</small><br></div><div class="battle-history"><small>The opposing Gliscor was badly poisoned!</small><br></div><div class="spacer battle-history"><br></div><h2 class="battle-history">Turn 7</h2><div class="spacer battle-history"><br></div><div class="battle-history">Honchkrow, come back!<br></div><div class="battle-history">Go! <strong>Tapu Fini</strong>!<br></div><div class="battle-history"><small>[Tapu Fini's Misty Surge]</small><br><small>Mist swirls around the battlefield!</small><br></div><div class="spacer battle-history"><br></div><div class="battle-history">The opposing Gliscor used <strong>Defog</strong>!<br></div><div class="battle-history"><small>Tapu Fini's evasiveness fell!</small><br></div><div class="battle-history"><small>The pointed stones disappeared from around the opposing team!</small><br></div><div class="spacer battle-history"><br></div><div class="battle-history"><small>[The opposing Gliscor's Poison Heal]</small><br><small>The opposing Gliscor restored its HP.</small><br></div><div class="spacer battle-history"><br></div><h2 class="battle-history">Turn 8</h2><div class="spacer battle-history"><br></div><div class="battle-history">Hermosa❤ withdrew Gliscor!<br></div><div class="battle-history">Hermosa❤ sent out <strong>Zapdos</strong>!<br></div><div class="battle-history"><small>[The opposing Zapdos's Pressure]</small><br><small>The opposing Zapdos is exerting its pressure!</small><br></div><div class="spacer battle-history"><br></div><div class="battle-history">Tapu Fini used <strong>Calm Mind</strong>!<br></div><div class="battle-history"><small>Tapu Fini's Special Attack rose!</small><br></div><div class="battle-history"><small>Tapu Fini's Special Defense rose!</small><br></div><div class="spacer battle-history"><br></div><h2 class="battle-history">Turn 9</h2><div class="spacer battle-history"><br></div><div class="battle-history">The opposing Zapdos used <strong>Discharge</strong>!<br></div><div class="battle-history"><small>It's super effective!</small><br></div><div class="battle-history"><small>(Tapu Fini lost <abbr title="−116/343">33.8%</abbr> of its health!)</small><br></div><div class="spacer battle-history"><br></div><div class="battle-history">Tapu Fini used <strong>Moonblast</strong>!<br></div><div class="battle-history"><small>(The opposing Zapdos lost <abbr title="−127/383">33.2%</abbr> of its health!)</small><br></div><div class="spacer battle-history"><br></div><div class="battle-history"><small>The opposing Zapdos restored a little HP using its Leftovers!</small><br></div><div class="battle-history"><small>Tapu Fini restored a little HP using its Leftovers!</small><br></div><div class="spacer battle-history"><br></div><h2 class="battle-history">Turn 10</h2><div class="spacer battle-history"><br></div><div class="battle-history">Hermosa❤ withdrew Zapdos!<br></div><div class="battle-history">Hermosa❤ sent out <strong>Chansey</strong>!<br></div><div class="spacer battle-history"><br></div><div class="battle-history">Tapu Fini, come back!<br></div><div class="battle-history">Go! <strong>Bronzong</strong>!<br></div><div class="spacer battle-history"><br></div><h2 class="battle-history">Turn 11</h2><div class="spacer battle-history"><br></div><div class="battle-history">Hermosa❤ withdrew Chansey!<br></div><div class="battle-history">Hermosa❤ sent out <strong>Heatran</strong>!<br></div><div class="spacer battle-history"><br></div><div class="battle-history">Bronzong used <strong>Stealth Rock</strong>!<br></div><div class="battle-history"><small>Pointed stones float in the air around the opposing team!</small><br></div><div class="spacer battle-history"><br></div><div class="battle-history"><small>The mist disappeared from the battlefield.</small><br></div><div class="spacer battle-history"><br></div><h2 class="battle-history">Turn 12</h2><div class="spacer battle-history"><br></div><div class="battle-history">Bronzong, come back!<br></div><div class="battle-history">Go! <strong>Swalot</strong>!<br></div><div class="spacer battle-history"><br></div><div class="battle-history">The opposing Heatran used <strong>Lava Plume</strong>!<br></div><div class="battle-history"><small>(Swalot lost <abbr title="−93/404">23.0%</abbr> of its health!)</small><br></div><div class="spacer battle-history"><br></div><h2 class="battle-history">Turn 13</h2><div class="spacer battle-history"><br></div><div class="battle-history">The opposing Heatran used <strong>Protect</strong>!<br></div><div class="battle-history"><small>The opposing Heatran protected itself!</small><br></div><div class="spacer battle-history"><br></div><div class="battle-history">Swalot used <strong>Hidden Power</strong>!<br></div><div class="battle-history"><small>The opposing Heatran protected itself!</small><br></div><div class="spacer battle-history"><br></div><h2 class="battle-history">Turn 14</h2><div class="spacer battle-history"><br></div><div class="battle-history">Hermosa❤ withdrew Heatran!<br></div><div class="battle-history">Hermosa❤ sent out <strong>Gliscor</strong>!<br></div><div class="battle-history"><small>Pointed stones dug into the opposing Gliscor!</small><br></div><div class="spacer battle-history"><br></div><div class="battle-history">Swalot used <strong>Hidden Power</strong>!<br></div><div class="battle-history"><small>It doesn't affect the opposing Gliscor...</small><br></div><div class="spacer battle-history"><br></div><div class="battle-history"><small>[The opposing Gliscor's Poison Heal]</small><br><small>The opposing Gliscor restored its HP.</small><br></div><div class="spacer battle-history"><br></div><h2 class="battle-history">Turn 15</h2><div class="spacer battle-history"><br></div><div class="battle-history">The opposing Gliscor used <strong>Defog</strong>!<br></div><div class="battle-history"><small>Swalot's evasiveness fell!</small><br></div><div class="battle-history"><small>The pointed stones disappeared from around the opposing team!</small><br></div><div class="spacer battle-history"><br></div><div class="battle-history">Swalot used <strong>Ice Beam</strong>!<br></div><div class="battle-history"><small>It's super effective!</small><br></div><div class="battle-history"><small>(The opposing Gliscor lost <abbr title="−299/352">84.9%</abbr> of its health!)</small><br></div><div class="spacer battle-history"><br></div><div class="battle-history">The opposing Gliscor fainted!<br></div><div class="spacer battle-history"><br></div><div class="battle-history">Hermosa❤ sent out <strong>Scizor</strong>!<br></div><div class="spacer battle-history"><br></div><h2 class="battle-history">Turn 16</h2><div class="spacer battle-history"><br></div><div class="battle-history">Swalot, come back!<br></div><div class="battle-history">Go! <strong>Swampert</strong>!<br></div><div class="spacer battle-history"><br></div><div class="battle-history"><small>The opposing Scizor's Scizorite is reacting to the Key Stone!</small><br>The opposing Scizor has Mega Evolved into Mega Scizor!<br></div><div class="spacer battle-history"><br></div><div class="battle-history">The opposing Scizor used <strong>Bullet Punch</strong>!<br></div><div class="battle-history"><small>It's not very effective...</small><br></div><div class="battle-history"><small>(Swampert lost <abbr title="−38/404">9.4%</abbr> of its health!)</small><br></div><div class="spacer battle-history"><br></div><h2 class="battle-history">Turn 17</h2><div class="spacer battle-history"><br></div><div class="battle-history">Hermosa❤ withdrew Scizor!<br></div><div class="battle-history">Hermosa❤ sent out <strong>Chansey</strong>!<br></div><div class="spacer battle-history"><br></div><div class="battle-history">Swampert used <strong>Stealth Rock</strong>!<br></div><div class="battle-history"><small>Pointed stones float in the air around the opposing team!</small><br></div><div class="spacer battle-history"><br></div><h2 class="battle-history">Turn 18</h2><div class="spacer battle-history"><br></div><div class="battle-history">Swampert, come back!<br></div><div class="battle-history">Go! <strong>Honchkrow</strong>!<br></div><div class="spacer battle-history"><br></div><div class="battle-history">Hermosa❤ withdrew Chansey!<br></div><div class="battle-history">Hermosa❤ sent out <strong>Zapdos</strong>!<br></div><div class="battle-history"><small>Pointed stones dug into the opposing Zapdos!</small><br></div><div class="battle-history"><small>[The opposing Zapdos's Pressure]</small><br><small>The opposing Zapdos is exerting its pressure!</small><br></div><div class="spacer battle-history"><br></div><div class="battle-history"><small>The opposing Zapdos restored a little HP using its Leftovers!</small><br></div><div class="spacer battle-history"><br></div><h2 class="battle-history">Turn 19</h2><div class="spacer battle-history"><br></div><div class="battle-history">Honchkrow, come back!<br></div><div class="battle-history">Go! <strong>Bronzong</strong>!<br></div><div class="spacer battle-history"><br></div><div class="battle-history">The opposing Zapdos used <strong>Roost</strong>!<br></div><div class="battle-history"><small>The opposing Zapdos restored its HP.</small><br></div><div class="spacer battle-history"><br></div><h2 class="battle-history">Turn 20</h2><div class="spacer battle-history"><br></div><div class="battle-history">The opposing Zapdos used <strong>Defog</strong>!<br></div><div class="battle-history"><small>Bronzong's evasiveness fell!</small><br></div><div class="battle-history"><small>The pointed stones disappeared from around the opposing team!</small><br></div><div class="spacer battle-history"><br></div><div class="battle-history">Bronzong used <strong>Toxic</strong>!<br></div><div class="battle-history"><small>The opposing Zapdos was badly poisoned!</small><br></div><div class="spacer battle-history"><br></div><div class="battle-history"><small>The opposing Zapdos was hurt by poison!</small><br></div><div class="spacer battle-history"><br></div><h2 class="battle-history">Turn 21</h2><div class="spacer battle-history"><br></div><div class="battle-history">Hermosa❤ withdrew Zapdos!<br></div><div class="battle-history">Hermosa❤ sent out <strong>Heatran</strong>!<br></div><div class="spacer battle-history"><br></div><div class="battle-history">Bronzong, come back!<br></div><div class="battle-history">Go! <strong>Manectric</strong>!<br></div><div class="spacer battle-history"><br></div><h2 class="battle-history">Turn 22</h2><div class="spacer battle-history"><br></div><div class="battle-history"><small>Manectric's Manectite is reacting to the Key Stone!</small><br>Manectric has Mega Evolved into Mega Manectric!<br></div><div class="battle-history"><small>[Manectric's Intimidate]</small><br></div><div class="battle-history"><small>The opposing Heatran's Attack fell!</small><br></div><div class="spacer battle-history"><br></div><div class="battle-history">Manectric used <strong>Volt Switch</strong>!<br></div><div class="battle-history"><small>(The opposing Heatran lost <abbr title="−85/385">22.1%</abbr> of its health!)</small><br></div><div class="spacer battle-history"><br></div><div class="battle-history">Manectric went back to GrinchsBankAccount!<br></div><div class="battle-history">Go! <strong>Tapu Fini</strong>!<br></div><div class="battle-history"><small>[Tapu Fini's Misty Surge]</small><br><small>Mist swirls around the battlefield!</small><br></div><div class="spacer battle-history"><br></div><div class="battle-history">The opposing Heatran used <strong>Lava Plume</strong>!<br></div><div class="battle-history"><small>It's not very effective...</small><br></div><div class="battle-history"><small>(Tapu Fini lost <abbr title="−42/343">12.2%</abbr> of its health!)</small><br></div><div class="spacer battle-history"><br></div><div class="battle-history"><small>Tapu Fini restored a little HP using its Leftovers!</small><br></div><div class="battle-history"><small>The opposing Heatran restored a little HP using its Leftovers!</small><br></div><div class="spacer battle-history"><br></div><h2 class="battle-history">Turn 23</h2><div class="spacer battle-history"><br></div><div class="battle-history">The opposing Heatran used <strong>Protect</strong>!<br></div><div class="battle-history"><small>The opposing Heatran protected itself!</small><br></div><div class="spacer battle-history"><br></div><div class="battle-history">Tapu Fini used <strong>Scald</strong>!<br></div><div class="battle-history"><small>The opposing Heatran protected itself!</small><br></div><div class="spacer battle-history"><br></div><div class="battle-history"><small>Tapu Fini restored a little HP using its Leftovers!</small><br></div><div class="battle-history"><small>The opposing Heatran restored a little HP using its Leftovers!</small><br></div><div class="spacer battle-history"><br></div><h2 class="battle-history">Turn 24</h2><div class="spacer battle-history"><br></div><div class="battle-history">Hermosa❤ withdrew Heatran!<br></div><div class="battle-history">Hermosa❤ sent out <strong>Chansey</strong>!<br></div><div class="spacer battle-history"><br></div><div class="battle-history">Tapu Fini used <strong>Calm Mind</strong>!<br></div><div class="battle-history"><small>Tapu Fini's Special Attack rose!</small><br></div><div class="battle-history"><small>Tapu Fini's Special Defense rose!</small><br></div><div class="spacer battle-history"><br></div><div class="battle-history"><small>Tapu Fini restored a little HP using its Leftovers!</small><br></div><div class="spacer battle-history"><br></div><h2 class="battle-history">Turn 25</h2><div class="chat message-error">GrinchsBankAccount tiene 135 segundos restantes.</div><div class="chat chatmessage-grinchsbankaccount"><strong style="color:hsl(66,89%,32.40688125084617%)"><small>☆</small><span class="username" data-name="GrinchsBankAccount">GrinchsBankAccount</span>:</strong> <em>this is insane this one mon is keeping me from the rest of your team.</em></div><div class="chat message-error">GrinchsBankAccount tiene 120 segundos restantes.</div><div class="chat message-error">GrinchsBankAccount tiene 105 segundos restantes.</div><div class="spacer battle-history"><br></div><div class="battle-history">Tapu Fini, come back!<br></div><div class="battle-history">Go! <strong>Bronzong</strong>!<br></div><div class="spacer battle-history"><br></div><div class="battle-history">The opposing Chansey used <strong>Seismic Toss</strong>!<br></div><div class="battle-history"><small>(Bronzong lost <abbr title="−100/338">29.6%</abbr> of its health!)</small><br></div><div class="spacer battle-history"><br></div><h2 class="battle-history">Turn 26</h2><div class="chat chatmessage-hermosa"><strong style="color:hsl(109,49%,35.242730999394986%)"><small>☆</small><span class="username" data-name="Hermosa❤">Hermosa❤</span>:</strong> <em>im beatuful</em></div><div class="spacer battle-history"><br></div><div class="battle-history">Hermosa❤ withdrew Chansey!<br></div><div class="battle-history">Hermosa❤ sent out <strong>Heatran</strong>!<br></div><div class="spacer battle-history"><br></div><div class="battle-history">Bronzong used <strong>Stealth Rock</strong>!<br></div><div class="battle-history"><small>Pointed stones float in the air around the opposing team!</small><br></div><div class="spacer battle-history"><br></div><div class="battle-history"><small>The opposing Heatran restored a little HP using its Leftovers!</small><br></div><div class="battle-history"><small>The mist disappeared from the battlefield.</small><br></div><div class="spacer battle-history"><br></div><h2 class="battle-history">Turn 27</h2><div class="spacer battle-history"><br></div><div class="battle-history">Hermosa❤ withdrew Heatran!<br></div><div class="battle-history">Hermosa❤ sent out <strong>Alomomola</strong>!<br></div><div class="battle-history"><small>Pointed stones dug into the opposing Alomomola!</small><br></div><div class="spacer battle-history"><br></div><div class="battle-history">Bronzong, come back!<br></div><div class="battle-history">Go! <strong>Tapu Fini</strong>!<br></div><div class="battle-history"><small>[Tapu Fini's Misty Surge]</small><br><small>Mist swirls around the battlefield!</small><br></div><div class="spacer battle-history"><br></div><div class="battle-history"><small>Tapu Fini restored a little HP using its Leftovers!</small><br></div><div class="battle-history"><small>The opposing Alomomola restored a little HP using its Leftovers!</small><br></div><div class="spacer battle-history"><br></div><h2 class="battle-history">Turn 28</h2><div class="spacer battle-history"><br></div><div class="battle-history">Tapu Fini, come back!<br></div><div class="battle-history">Go! Manectric (<strong>Manectric-Mega</strong>)!<br></div><div class="battle-history"><small>[Manectric's Intimidate]</small><br></div><div class="battle-history"><small>The opposing Alomomola's Attack fell!</small><br></div><div class="spacer battle-history"><br></div><div class="battle-history">The opposing Alomomola used <strong>Knock Off</strong>!<br></div><div class="battle-history"><small>(Manectric lost <abbr title="−34/282">12.1%</abbr> of its health!)</small><br></div><div class="spacer battle-history"><br></div><div class="battle-history"><small>The opposing Alomomola restored a little HP using its Leftovers!</small><br></div><div class="spacer battle-history"><br></div><h2 class="battle-history">Turn 29</h2><div class="spacer battle-history"><br></div><div class="battle-history">Hermosa❤ withdrew Alomomola!<br></div><div class="battle-history">Hermosa❤ sent out <strong>Chansey</strong>!<br></div><div class="battle-history"><small>Pointed stones dug into the opposing Chansey!</small><br></div><div class="spacer battle-history"><br></div><div class="battle-history">Manectric used <strong>Volt Switch</strong>!<br></div><div class="battle-history"><small>(The opposing Chansey lost <abbr title="−88/703">12.5%</abbr> of its health!)</small><br></div><div class="spacer battle-history"><br></div><div class="battle-history">Manectric went back to GrinchsBankAccount!<br></div><div class="battle-history">Go! <strong>Honchkrow</strong>!<br></div><div class="spacer battle-history"><br></div><h2 class="battle-history">Turn 30</h2><div class="spacer battle-history"><br></div><div class="battle-history">The opposing Chansey used <strong>Protect</strong>!<br></div><div class="battle-history"><small>The opposing Chansey protected itself!</small><br></div><div class="spacer battle-history"><br></div><div class="battle-history">Honchkrow used <strong>Brave Bird</strong>!<br></div><div class="battle-history"><small>The opposing Chansey protected itself!</small><br></div><div class="spacer battle-history"><br></div><h2 class="battle-history">Turn 31</h2><div class="spacer battle-history"><br></div><div class="battle-history">Hermosa❤ withdrew Chansey!<br></div><div class="battle-history">Hermosa❤ sent out Scizor (<strong>Scizor-Mega</strong>)!<br></div><div class="battle-history"><small>Pointed stones dug into the opposing Scizor!</small><br></div><div class="spacer battle-history"><br></div><div class="battle-history">Honchkrow used <strong>Brave Bird</strong>!<br></div><div class="battle-history"><small>(The opposing Scizor lost <abbr title="−115/343">33.5%</abbr> of its health!)</small><br></div><div class="battle-history"><small>Honchkrow is damaged by the recoil!</small><br></div><div class="spacer battle-history"><br></div><div class="battle-history"><small>The mist disappeared from the battlefield.</small><br></div><div class="spacer battle-history"><br></div><h2 class="battle-history">Turn 32</h2><div class="spacer battle-history"><br></div><div class="battle-history">Honchkrow, come back!<br></div><div class="battle-history">Go! <strong>Swampert</strong>!<br></div><div class="spacer battle-history"><br></div><div class="battle-history">The opposing Scizor used <strong>Roost</strong>!<br></div><div class="battle-history"><small>The opposing Scizor restored its HP.</small><br></div><div class="spacer battle-history"><br></div><h2 class="battle-history">Turn 33</h2><div class="spacer battle-history"><br></div><div class="battle-history">The opposing Scizor used <strong>Defog</strong>!<br></div><div class="battle-history"><small>Swampert's evasiveness fell!</small><br></div><div class="battle-history"><small>The pointed stones disappeared from around the opposing team!</small><br></div><div class="spacer battle-history"><br></div><div class="battle-history">Swampert used <strong>Scald</strong>!<br></div><div class="battle-history"><small>(The opposing Scizor lost <abbr title="−87/343">25.4%</abbr> of its health!)</small><br></div><div class="battle-history"><small>The opposing Scizor was burned!</small><br></div><div class="spacer battle-history"><br></div><div class="battle-history"><small>The opposing Scizor was hurt by its burn!</small><br></div><div class="spacer battle-history"><br></div><h2 class="battle-history">Turn 34</h2><div class="spacer battle-history"><br></div><div class="battle-history">Hermosa❤ withdrew Scizor!<br></div><div class="battle-history">Hermosa❤ sent out <strong>Zapdos</strong>!<br></div><div class="battle-history"><small>[The opposing Zapdos's Pressure]</small><br><small>The opposing Zapdos is exerting its pressure!</small><br></div><div class="spacer battle-history"><br></div><div class="battle-history">Swampert used <strong>Stealth Rock</strong>!<br></div><div class="battle-history"><small>Pointed stones float in the air around the opposing team!</small><br></div><div class="spacer battle-history"><br></div><div class="battle-history"><small>The opposing Zapdos restored a little HP using its Leftovers!</small><br></div><div class="battle-history"><small>The opposing Zapdos was hurt by poison!</small><br></div><div class="spacer battle-history"><br></div><h2 class="battle-history">Turn 35</h2><div class="spacer battle-history"><br></div><div class="battle-history">Swampert, come back!<br></div><div class="battle-history">Go! <strong>Swalot</strong>!<br></div><div class="spacer battle-history"><br></div><div class="battle-history">The opposing Zapdos used <strong>Defog</strong>!<br></div><div class="battle-history"><small>Swalot's evasiveness fell!</small><br></div><div class="battle-history"><small>The pointed stones disappeared from around the opposing team!</small><br></div><div class="spacer battle-history"><br></div><div class="battle-history"><small>The opposing Zapdos restored a little HP using its Leftovers!</small><br></div><div class="battle-history"><small>The opposing Zapdos was hurt by poison!</small><br></div><div class="spacer battle-history"><br></div><h2 class="battle-history">Turn 36</h2><div class="spacer battle-history"><br></div><div class="battle-history">Hermosa❤ withdrew Zapdos!<br></div><div class="battle-history">Hermosa❤ sent out <strong>Heatran</strong>!<br></div><div class="spacer battle-history"><br></div><div class="battle-history">Swalot used <strong>Ice Beam</strong>!<br></div><div class="battle-history"><small>It's not very effective...</small><br></div><div class="battle-history"><small>(The opposing Heatran lost <abbr title="−15/385">3.9%</abbr> of its health!)</small><br></div><div class="spacer battle-history"><br></div><div class="battle-history"><small>The opposing Heatran restored a little HP using its Leftovers!</small><br></div><div class="spacer battle-history"><br></div><h2 class="battle-history">Turn 37</h2><div class="spacer battle-history"><br></div><div class="battle-history">The opposing Heatran used <strong>Lava Plume</strong>!<br></div><div class="battle-history"><small>(Swalot lost <abbr title="−88/404">21.8%</abbr> of its health!)</small><br></div><div class="spacer battle-history"><br></div><div class="battle-history">Swalot used <strong>Hidden Power</strong>!<br></div><div class="battle-history"><small>It's super effective!</small><br></div><div class="battle-history"><small>(The opposing Heatran lost <abbr title="−156/385">40.5%</abbr> of its health!)</small><br></div><div class="spacer battle-history"><br></div><div class="battle-history"><small>The opposing Heatran restored a little HP using its Leftovers!</small><br></div><div class="spacer battle-history"><br></div><h2 class="battle-history">Turn 38</h2><div class="spacer battle-history"><br></div><div class="battle-history">The opposing Heatran used <strong>Protect</strong>!<br></div><div class="battle-history"><small>The opposing Heatran protected itself!</small><br></div><div class="spacer battle-history"><br></div><div class="battle-history">Swalot used <strong>Hidden Power</strong>!<br></div><div class="battle-history"><small>The opposing Heatran protected itself!</small><br></div><div class="spacer battle-history"><br></div><div class="battle-history"><small>The opposing Heatran restored a little HP using its Leftovers!</small><br></div><div class="spacer battle-history"><br></div><h2 class="battle-history">Turn 39</h2><div class="spacer battle-history"><br></div><div class="battle-history">Hermosa❤ withdrew Heatran!<br></div><div class="battle-history">Hermosa❤ sent out <strong>Chansey</strong>!<br></div><div class="spacer battle-history"><br></div><div class="battle-history">Swalot used <strong>Hidden Power</strong>!<br></div><div class="battle-history"><small>(The opposing Chansey lost <abbr title="−35/703">5.0%</abbr> of its health!)</small><br></div><div class="spacer battle-history"><br></div><h2 class="battle-history">Turn 40</h2><div class="spacer battle-history"><br></div><div class="battle-history">Swalot, come back!<br></div><div class="battle-history">Go! <strong>Bronzong</strong>!<br></div><div class="spacer battle-history"><br></div><div class="battle-history">The opposing Chansey used <strong>Seismic Toss</strong>!<br></div><div class="battle-history"><small>(Bronzong lost <abbr title="−100/338">29.6%</abbr> of its health!)</small><br></div><div class="spacer battle-history"><br></div><h2 class="battle-history">Turn 41</h2><div class="spacer battle-history"><br></div><div class="battle-history">The opposing Chansey used <strong>Seismic Toss</strong>!<br></div><div class="battle-history"><small>(Bronzong lost <abbr title="−100/338">29.6%</abbr> of its health!)</small><br></div><div class="spacer battle-history"><br></div><div class="battle-history">Bronzong used <strong>Stealth Rock</strong>!<br></div><div class="battle-history"><small>Pointed stones float in the air around the opposing team!</small><br></div><div class="spacer battle-history"><br></div><h2 class="battle-history">Turn 42</h2><div class="spacer battle-history"><br></div><div class="battle-history">The opposing Chansey used <strong>Seismic Toss</strong>!<br></div><div class="battle-history"><small>(Bronzong lost <abbr title="−38/338">11.2%</abbr> of its health!)</small><br></div><div class="spacer battle-history"><br></div><div class="battle-history">Bronzong fainted!<br></div><div class="spacer battle-history"><br></div><div class="battle-history">Go! <strong>Honchkrow</strong>!<br></div><div class="spacer battle-history"><br></div><h2 class="battle-history">Turn 43</h2><div class="spacer battle-history"><br></div><div class="battle-history">The opposing Chansey used <strong>Protect</strong>!<br></div><div class="battle-history"><small>The opposing Chansey protected itself!</small><br></div><div class="spacer battle-history"><br></div><div class="battle-history">Honchkrow used <strong>Night Slash</strong>!<br></div><div class="battle-history"><small>The opposing Chansey protected itself!</small><br></div><div class="spacer battle-history"><br></div><h2 class="battle-history">Turn 44</h2><div class="spacer battle-history"><br></div><div class="battle-history">Hermosa❤ withdrew Chansey!<br></div><div class="battle-history">Hermosa❤ sent out Scizor (<strong>Scizor-Mega</strong>)!<br></div><div class="battle-history"><small>Pointed stones dug into the opposing Scizor!</small><br></div><div class="spacer battle-history"><br></div><div class="battle-history">Honchkrow used <strong>Night Slash</strong>!<br></div><div class="battle-history"><small>(The opposing Scizor lost <abbr title="−75/343">21.9%</abbr> of its health!)</small><br></div><div class="spacer battle-history"><br></div><div class="battle-history"><small>The opposing Scizor was hurt by its burn!</small><br></div><div class="spacer battle-history"><br></div><h2 class="battle-history">Turn 45</h2><div class="spacer battle-history"><br></div><div class="battle-history">Hermosa❤ withdrew Scizor!<br></div><div class="battle-history">Hermosa❤ sent out <strong>Zapdos</strong>!<br></div><div class="battle-history"><small>Pointed stones dug into the opposing Zapdos!</small><br></div><div class="battle-history"><small>[The opposing Zapdos's Pressure]</small><br><small>The opposing Zapdos is exerting its pressure!</small><br></div><div class="spacer battle-history"><br></div><div class="battle-history">Honchkrow used <strong>Night Slash</strong>!<br></div><div class="battle-history"><small>(The opposing Zapdos lost <abbr title="−148/383">38.6%</abbr> of its health!)</small><br></div><div class="spacer battle-history"><br></div><div class="battle-history"><small>The opposing Zapdos restored a little HP using its Leftovers!</small><br></div><div class="battle-history"><small>The opposing Zapdos was hurt by poison!</small><br></div><div class="spacer battle-history"><br></div><h2 class="battle-history">Turn 46</h2><div class="spacer battle-history"><br></div><div class="battle-history">Honchkrow used <strong>Night Slash</strong>!<br></div><div class="battle-history"><small>(The opposing Zapdos lost <abbr title="−94/383">24.5%</abbr> of its health!)</small><br></div><div class="spacer battle-history"><br></div><div class="battle-history">The opposing Zapdos fainted!<br></div><div class="battle-history"><small>[Honchkrow's Moxie]</small><br></div><div class="battle-history"><small>Honchkrow's Attack rose!</small><br></div><div class="spacer battle-history"><br></div><div class="battle-history">Hermosa❤ sent out <strong>Alomomola</strong>!<br></div><div class="battle-history"><small>Pointed stones dug into the opposing Alomomola!</small><br></div><div class="spacer battle-history"><br></div><h2 class="battle-history">Turn 47</h2><div class="spacer battle-history"><br></div><div class="battle-history">Honchkrow, come back!<br></div><div class="battle-history">Go! <strong>Tapu Fini</strong>!<br></div><div class="battle-history"><small>[Tapu Fini's Misty Surge]</small><br><small>Mist swirls around the battlefield!</small><br></div><div class="spacer battle-history"><br></div><div class="battle-history">The opposing Alomomola used <strong>Toxic</strong>!<br></div><div class="battle-history"><small>Tapu Fini surrounds itself with a protective mist!</small><br></div><div class="spacer battle-history"><br></div><div class="battle-history"><small>Tapu Fini restored a little HP using its Leftovers!</small><br></div><div class="battle-history"><small>The opposing Alomomola restored a little HP using its Leftovers!</small><br></div><div class="spacer battle-history"><br></div><h2 class="battle-history">Turn 48</h2><div class="spacer battle-history"><br></div><div class="battle-history">Tapu Fini, come back!<br></div><div class="battle-history">Go! Manectric (<strong>Manectric-Mega</strong>)!<br></div><div class="battle-history"><small>[Manectric's Intimidate]</small><br></div><div class="battle-history"><small>The opposing Alomomola's Attack fell!</small><br></div><div class="spacer battle-history"><br></div><div class="battle-history">The opposing Alomomola used <strong>Knock Off</strong>!<br></div><div class="battle-history"><small>(Manectric lost <abbr title="−33/282">11.7%</abbr> of its health!)</small><br></div><div class="spacer battle-history"><br></div><div class="battle-history"><small>The opposing Alomomola restored a little HP using its Leftovers!</small><br></div><div class="spacer battle-history"><br></div><h2 class="battle-history">Turn 49</h2><div class="spacer battle-history"><br></div><div class="battle-history">Hermosa❤ withdrew Alomomola!<br></div><div class="battle-history">Hermosa❤ sent out Scizor (<strong>Scizor-Mega</strong>)!<br></div><div class="battle-history"><small>Pointed stones dug into the opposing Scizor!</small><br></div><div class="spacer battle-history"><br></div><div class="battle-history">Manectric used <strong>Volt Switch</strong>!<br></div><div class="battle-history"><small>A critical hit!</small><br></div><div class="battle-history"><small>(The opposing Scizor lost <abbr title="−55/343">16.0%</abbr> of its health!)</small><br></div><div class="spacer battle-history"><br></div><div class="battle-history">The opposing Scizor fainted!<br></div><div class="spacer battle-history"><br></div><div class="battle-history">Manectric went back to GrinchsBankAccount!<br></div><div class="battle-history">Go! <strong>Honchkrow</strong>!<br></div><div class="chat chatmessage-hermosa"><strong style="color:hsl(109,49%,35.242730999394986%)"><small>☆</small><span class="username" data-name="Hermosa❤">Hermosa❤</span>:</strong> <em>wheel</em></div><div class="chat message-error">Hermosa❤ tiene 135 segundos restantes.</div><div class="chat chatmessage-hermosa"><strong style="color:hsl(109,49%,35.242730999394986%)"><small>☆</small><span class="username" data-name="Hermosa❤">Hermosa❤</span>:</strong> <em>i kill 1 pokemon im fine</em></div><div class="chat message-error">Hermosa❤ tiene 120 segundos restantes.</div><div class="spacer battle-history"><br></div><div class="battle-history"><small>Hermosa❤ se rindió.</small><br></div><div class="spacer battle-history"><br></div><div class="battle-history"><strong>GrinchsBankAccount</strong> won the battle!<br></div><div class="chat">GrinchsBankAccount ha ganado 8 PokeDolares.</div><div class="chat">Puntaje de GrinchsBankAccount: 1184 → <strong>1212</strong><br>(+28 por ganar)</div><div class="chat">Puntaje de Hermosa❤: 1203 → <strong>1176</strong><br>(-27 por perder)</div></div><div class="inner-preempt"></div></div></div>
</div>
<script>
let daily = Math.floor(Date.now()/1000/60/60/24);document.write('<script src="https://play.pokemonshowdown.com/js/replay-embed.js?version'+daily+'"></'+'script>');
</script>
