<!DOCTYPE html>
<meta charset="utf-8" />
<!-- version 1 -->
<title>OU replay: Pateaculos811 vs. AdderJo</title>
<style>
html,body {font-family:Verdana, sans-serif;font-size:10pt;margin:0;padding:0;}body{padding:12px 0;} .battle-log {font-family:Verdana, sans-serif;font-size:10pt;} .battle-log-inline {border:1px solid #AAAAAA;background:#EEF2F5;color:black;max-width:640px;margin:0 auto 80px;padding-bottom:5px;} .battle-log .inner {padding:4px 8px 0px 8px;} .battle-log .inner-preempt {padding:0 8px 4px 8px;} .battle-log .inner-after {margin-top:0.5em;} .battle-log h2 {margin:0.5em -8px;padding:4px 8px;border:1px solid #AAAAAA;background:#E0E7EA;border-left:0;border-right:0;font-family:Verdana, sans-serif;font-size:13pt;} .battle-log .chat {vertical-align:middle;padding:3px 0 3px 0;font-size:8pt;} .battle-log .chat strong {color:#40576A;} .battle-log .chat em {padding:1px 4px 1px 3px;color:#000000;font-style:normal;} .chat.mine {background:rgba(0,0,0,0.05);margin-left:-8px;margin-right:-8px;padding-left:8px;padding-right:8px;} .spoiler {color:#BBBBBB;background:#BBBBBB;padding:0px 3px;} .spoiler:hover, .spoiler:active, .spoiler-shown {color:#000000;background:#E2E2E2;padding:0px 3px;} .spoiler a {color:#BBBBBB;} .spoiler:hover a, .spoiler:active a, .spoiler-shown a {color:#2288CC;} .chat code, .chat .spoiler:hover code, .chat .spoiler:active code, .chat .spoiler-shown code {border:1px solid #C0C0C0;background:#EEEEEE;color:black;padding:0 2px;} .chat .spoiler code {border:1px solid #CCCCCC;background:#CCCCCC;color:#CCCCCC;} .battle-log .rated {padding:3px 4px;} .battle-log .rated strong {color:white;background:#89A;padding:1px 4px;border-radius:4px;} .spacer {margin-top:0.5em;} .message-announce {background:#6688AA;color:white;padding:1px 4px 2px;} .message-announce a, .broadcast-green a, .broadcast-blue a, .broadcast-red a {color:#DDEEFF;} .broadcast-green {background-color:#559955;color:white;padding:2px 4px;} .broadcast-blue {background-color:#6688AA;color:white;padding:2px 4px;} .infobox {border:1px solid #6688AA;padding:2px 4px;} .infobox-limited {max-height:200px;overflow:auto;overflow-x:hidden;} .broadcast-red {background-color:#AA5544;color:white;padding:2px 4px;} .message-learn-canlearn {font-weight:bold;color:#228822;text-decoration:underline;} .message-learn-cannotlearn {font-weight:bold;color:#CC2222;text-decoration:underline;} .message-effect-weak {font-weight:bold;color:#CC2222;} .message-effect-resist {font-weight:bold;color:#6688AA;} .message-effect-immune {font-weight:bold;color:#666666;} .message-learn-list {margin-top:0;margin-bottom:0;} .message-throttle-notice, .message-error {color:#992222;} .message-overflow, .chat small.message-overflow {font-size:0pt;} .message-overflow::before {font-size:9pt;content:'...';} .subtle {color:#3A4A66;}
</style>
<div class="wrapper replay-wrapper" style="max-width:1180px;margin:0 auto">
<input type="hidden" name="replayid" value="destiny-ou-566493" />
<div class="battle"></div><div class="battle-log"></div><div class="replay-controls"></div><div class="replay-controls-2"></div>
<h1 style="font-weight:normal;text-align:center"><strong>OU</strong><br /><a href="http://pokemonshowdown.com/users/pateaculos811" class="subtle" target="_blank">Pateaculos811</a> vs. <a href="http://pokemonshowdown.com/users/adderjo" class="subtle" target="_blank">AdderJo</a></h1>
<script type="text/plain" class="battle-log-data">|unlink|||tour
|player|p1|Pateaculos811|1035
|teamsize|p1|6
|player|p2|AdderJo|269
|teamsize|p2|6
|teamsize|p1|6
|teamsize|p2|6
|gametype|singles
|gen|7
|tier|OU
|seed|1721,46375,15880,37705
|rule|Cláusula-Mod de Dormir: solo puedes dormir a uno de tus oponentes a la vez.
|rule|Cláusula de Especie: Hasta un Pokémon de cada especie
|rule|Cláusula de Golpe Fulminante: los movimientos fulminantes (OHKO) estan prohibidos
|rule|Cláusula de Veleta: la habilidad Veleta está prohibida
|rule|Cláusula de Movimientos Evasivos: los movimientos de Evasión están prohibidos.
|rule|Cláusula de Batallas Eternas: forzar batallas eternas está prohibido
|clearpoke
|poke|p1|Rotom-Wash, shiny|item
|poke|p1|Ferrothorn, F|item
|poke|p1|Absol, F, shiny|item
|poke|p1|Aggron, F|item
|poke|p1|Greninja, M|item
|poke|p1|Stakataka|item
|poke|p2|Charizard, M|item
|poke|p2|Tyranitar, F|item
|poke|p2|Kartana|item
|poke|p2|Zapdos|item
|poke|p2|Gastrodon, M|item
|poke|p2|Latios, M|item
|teampreview|undefined
|choice|*team 623451|*
|choice|*|*team 123456
|choice|team 6, 2, 3, 4, 5, 1|team 1, 2, 3, 4, 5, 6
|
|start
|switch|p1a: Stakataka|Stakataka|263\/263
|switch|p2a: Charizard|Charizard, M|297\/297
|turn|1
|choice|*|*move 3 mega
|choice|*move 2|*
|choice|move gyroball|move focusblast mega
|
|-mega|p2a: Charizard|Charizard|Charizardite Y
|detailschange|p2a: Charizard|Charizard-Mega-Y, M
|-weather|SunnyDay|[from] ability: Drought|[of] p2a: Charizard
|move|p2a: Charizard|Focus Blast|p1a: Stakataka|[miss]
|-miss|p2a: Charizard|p1a: Stakataka
|move|p1a: Stakataka|Gyro Ball|p2a: Charizard
|-resisted|p2a: Charizard
|-damage|p2a: Charizard|136\/297
|
|-weather|SunnyDay|[upkeep]
|upkeep
|turn|2
|inactive|Reloj de batalla ENCENDIDO. El jugador inactivo será descalificado (solicitado por AdderJo).
|inactive|Pateaculos811 tiene 285 segundos restantes.
|inactive|AdderJo tiene 285 segundos restantes.
|choice|*move 2|*
|choice|*|*move 3
|choice|move gyroball|move focusblast
|
|move|p2a: Charizard|Focus Blast|p1a: Stakataka|[miss]
|-miss|p2a: Charizard|p1a: Stakataka
|move|p1a: Stakataka|Gyro Ball|p2a: Charizard
|-resisted|p2a: Charizard
|-damage|p2a: Charizard|0 fnt
|faint|p2a: Charizard
|-ability|p1a: Stakataka|Beast Boost|boost
|-boost|p1a: Stakataka|def|1
|
|-weather|SunnyDay|[upkeep]
|upkeep
|choice|*|*switch 3
|choice||switch 3
|
|switch|p2a: Kartana|Kartana|320\/320
|turn|3
|choice|*|*move 1
|choice|*move 1|*
|choice|move zenheadbutt|move swordsdance
|
|move|p2a: Kartana|Swords Dance|p2a: Kartana
|-boost|p2a: Kartana|atk|2
|move|p1a: Stakataka|Zen Headbutt|p2a: Kartana
|-resisted|p2a: Kartana
|-damage|p2a: Kartana|282\/320
|
|-weather|SunnyDay|[upkeep]
|upkeep
|turn|4
|choice|*move 2|*
|choice|*|*move 4
|choice|move gyroball|move sacredsword
|
|move|p2a: Kartana|Sacred Sword|p1a: Stakataka
|-supereffective|p1a: Stakataka
|-damage|p1a: Stakataka|0 fnt
|faint|p1a: Stakataka
|-ability|p2a: Kartana|Beast Boost|boost
|-boost|p2a: Kartana|spe|1
|
|-weather|SunnyDay|[upkeep]
|upkeep
|inactive|Pateaculos811 tiene 285 segundos restantes.
|choice|*switch 5|*
|choice|switch 5|
|
|switch|p1a: Greninja|Greninja, M|285\/285
|turn|5
|choice|*move 4|*
|choice|*|*move 2
|choice|move blizzard|move leafblade
|
|move|p2a: Kartana|Leaf Blade|p1a: Greninja
|-supereffective|p1a: Greninja
|-crit|p1a: Greninja
|-damage|p1a: Greninja|0 fnt
|faint|p1a: Greninja
|-ability|p2a: Kartana|Beast Boost|boost
|-boost|p2a: Kartana|spe|1
|
|-weather|none
|upkeep
|choice|*switch 6|*
|choice|switch 6|
|
|switch|p1a: Rotom|Rotom-Wash, shiny|242\/242
|turn|6
|choice|*|*move 2
|choice|*switch 3|*
|choice|switch 3|move leafblade
|
|switch|p1a: Absol|Absol, F, shiny|271\/271
|-ability|p1a: Absol|Pressure
|move|p2a: Kartana|Leaf Blade|p1a: Absol
|-damage|p1a: Absol|0 fnt
|faint|p1a: Absol
|-ability|p2a: Kartana|Beast Boost|boost
|-boost|p2a: Kartana|spe|1
|
|upkeep
|choice|*switch 4|*
|choice|switch 4|
|
|switch|p1a: Aggron|Aggron, F|281\/281
|turn|7
|choice|*|*move 4 zmove
|choice|*move 4 mega|*
|choice|move ironhead mega|move sacredsword zmove
|
|-mega|p1a: Aggron|Aggron|Aggronite
|detailschange|p1a: Aggron|Aggron-Mega, F
|-zpower|p2a: Kartana
|move|p2a: Kartana|All-Out Pummeling|p1a: Aggron|[zeffect]
|-supereffective|p1a: Aggron
|-damage|p1a: Aggron|31\/281
|move|p1a: Aggron|Iron Head|p2a: Kartana
|-resisted|p2a: Kartana
|-damage|p2a: Kartana|227\/320
|
|upkeep
|turn|8
|choice|*move 3|*
|choice|*|*move 4
|choice|move dragontail|move sacredsword
|
|move|p2a: Kartana|Sacred Sword|p1a: Aggron
|-supereffective|p1a: Aggron
|-damage|p1a: Aggron|0 fnt
|faint|p1a: Aggron
|-ability|p2a: Kartana|Beast Boost|boost
|-boost|p2a: Kartana|spe|1
|
|upkeep
|choice|*switch 3|*
|choice|switch 3|
|
|switch|p1a: Rotom|Rotom-Wash, shiny|242\/242
|turn|9
|choice|*move 1|*
|choice|*|*move 2
|choice|move shadowball|move leafblade
|
|move|p2a: Kartana|Leaf Blade|p1a: Rotom
|-supereffective|p1a: Rotom
|-damage|p1a: Rotom|0 fnt
|faint|p1a: Rotom
|-ability|p2a: Kartana|Beast Boost|boost
|-boost|p2a: Kartana|spe|1
|
|upkeep
|choice|*switch 2|*
|choice|switch 2|
|
|switch|p1a: Ferrothorn|Ferrothorn, F|290\/290
|turn|10
|c|☆AdderJo|gg
|choice|*|*move 4
|choice|*move 1|*
|choice|move leechseed|move sacredsword
|
|move|p2a: Kartana|Sacred Sword|p1a: Ferrothorn
|-supereffective|p1a: Ferrothorn
|-crit|p1a: Ferrothorn
|-damage|p1a: Ferrothorn|0 fnt
|-damage|p2a: Kartana|187\/320|[from] ability: Iron Barbs|[of] p1a: Ferrothorn
|faint|p1a: Ferrothorn
|
|win|AdderJo
</script>
</div>
<div class="battle-log battle-log-inline"><div class="inner"><div class="battle-options"></div><div class="inner"><div class=""><small>Format:</small> <br><strong>OU</strong></div><div class=""><small><em>Cláusula-Mod de Dormir:</em> solo puedes dormir a uno de tus oponentes a la vez.</small></div><div class=""><small><em>Cláusula de Especie:</em> Hasta un Pokémon de cada especie</small></div><div class=""><small><em>Cláusula de Golpe Fulminante:</em> los movimientos fulminantes (OHKO) estan prohibidos</small></div><div class=""><small><em>Cláusula de Veleta:</em> la habilidad Veleta está prohibida</small></div><div class=""><small><em>Cláusula de Movimientos Evasivos:</em> los movimientos de Evasión están prohibidos.</small></div><div class=""><small><em>Cláusula de Batallas Eternas:</em> forzar batallas eternas está prohibido</small></div><div class="chat battle-history"><strong>Pateaculos811's team:</strong> <em style="color:#445566;display:block;">Rotom-Wash / Ferrothorn / Absol / Aggron / Greninja / Stakataka</em></div><div class="chat battle-history"><strong>AdderJo's team:</strong> <em style="color:#445566;display:block;">Charizard / Tyranitar / Kartana / Zapdos / Gastrodon / Latios</em></div><div class="spacer battle-history"><br></div><div class="battle-history">Battle started between Pateaculos811 and AdderJo!<br></div><div class="spacer battle-history"><br></div><div class="battle-history">Go! <strong>Stakataka</strong>!<br></div><div class="spacer battle-history"><br></div><div class="battle-history">AdderJo sent out <strong>Charizard</strong>!<br></div><div class="spacer battle-history"><br></div><h2 class="battle-history">Turn 1</h2><div class="spacer battle-history"><br></div><div class="battle-history"><small>The opposing Charizard's Charizardite Y is reacting to the Key Stone!</small><br>The opposing Charizard has Mega Evolved into Mega Charizard!<br></div><div class="battle-history"><small>[The opposing Charizard's Drought]</small><br><small>The sunlight turned harsh!</small><br></div><div class="spacer battle-history"><br></div><div class="battle-history">The opposing Charizard used <strong>Focus Blast</strong>!<br></div><div class="battle-history"><small>Stakataka avoided the attack!</small><br></div><div class="spacer battle-history"><br></div><div class="battle-history">Stakataka used <strong>Gyro Ball</strong>!<br></div><div class="battle-history"><small>It's not very effective...</small><br></div><div class="battle-history"><small>(The opposing Charizard lost <abbr title="−161/297">54.2%</abbr> of its health!)</small><br></div><div class="spacer battle-history"><br></div><div class="battle-history"><small>(The sunlight is strong!)</small><br></div><div class="spacer battle-history"><br></div><h2 class="battle-history">Turn 2</h2><div class="chat message-error">Reloj de batalla ENCENDIDO. El jugador inactivo será descalificado (solicitado por AdderJo).</div><div class="chat message-error">Pateaculos811 tiene 285 segundos restantes.</div><div class="chat message-error">AdderJo tiene 285 segundos restantes.</div><div class="spacer battle-history"><br></div><div class="battle-history">The opposing Charizard used <strong>Focus Blast</strong>!<br></div><div class="battle-history"><small>Stakataka avoided the attack!</small><br></div><div class="spacer battle-history"><br></div><div class="battle-history">Stakataka used <strong>Gyro Ball</strong>!<br></div><div class="battle-history"><small>It's not very effective...</small><br></div><div class="battle-history"><small>(The opposing Charizard lost <abbr title="−136/297">45.8%</abbr> of its health!)</small><br></div><div class="spacer battle-history"><br></div><div class="battle-history">The opposing Charizard fainted!<br></div><div class="battle-history"><small>[Stakataka's Beast Boost]</small><br></div><div class="battle-history"><small>Stakataka's Defense rose!</small><br></div><div class="spacer battle-history"><br></div><div class="battle-history"><small>(The sunlight is strong!)</small><br></div><div class="spacer battle-history"><br></div><div class="battle-history">AdderJo sent out <strong>Kartana</strong>!<br></div><div class="spacer battle-history"><br></div><h2 class="battle-history">Turn 3</h2><div class="spacer battle-history"><br></div><div class="battle-history">The opposing Kartana used <strong>Swords Dance</strong>!<br></div><div class="battle-history"><small>The opposing Kartana's Attack rose sharply!</small><br></div><div class="spacer battle-history"><br></div><div class="battle-history">Stakataka used <strong>Zen Headbutt</strong>!<br></div><div class="battle-history"><small>It's not very effective...</small><br></div><div class="battle-history"><small>(The opposing Kartana lost <abbr title="−38/320">11.9%</abbr> of its health!)</small><br></div><div class="spacer battle-history"><br></div><div class="battle-history"><small>(The sunlight is strong!)</small><br></div><div class="spacer battle-history"><br></div><h2 class="battle-history">Turn 4</h2><div class="spacer battle-history"><br></div><div class="battle-history">The opposing Kartana used <strong>Sacred Sword</strong>!<br></div><div class="battle-history"><small>It's super effective!</small><br></div><div class="battle-history"><small>(Stakataka lost <abbr title="−263/263">100%</abbr> of its health!)</small><br></div><div class="spacer battle-history"><br></div><div class="battle-history">Stakataka fainted!<br></div><div class="battle-history"><small>[The opposing Kartana's Beast Boost]</small><br></div><div class="battle-history"><small>The opposing Kartana's Speed rose!</small><br></div><div class="spacer battle-history"><br></div><div class="battle-history"><small>(The sunlight is strong!)</small><br></div><div class="chat message-error">Pateaculos811 tiene 285 segundos restantes.</div><div class="spacer battle-history"><br></div><div class="battle-history">Go! <strong>Greninja</strong>!<br></div><div class="spacer battle-history"><br></div><h2 class="battle-history">Turn 5</h2><div class="spacer battle-history"><br></div><div class="battle-history">The opposing Kartana used <strong>Leaf Blade</strong>!<br></div><div class="battle-history"><small>It's super effective!</small><br></div><div class="battle-history"><small>A critical hit!</small><br></div><div class="battle-history"><small>(Greninja lost <abbr title="−285/285">100%</abbr> of its health!)</small><br></div><div class="spacer battle-history"><br></div><div class="battle-history">Greninja fainted!<br></div><div class="battle-history"><small>[The opposing Kartana's Beast Boost]</small><br></div><div class="battle-history"><small>The opposing Kartana's Speed rose!</small><br></div><div class="spacer battle-history"><br></div><div class="battle-history"><small>The sunlight faded.</small><br></div><div class="spacer battle-history"><br></div><div class="battle-history">Go! Rotom (<strong>Rotom-Wash</strong>)!<br></div><div class="spacer battle-history"><br></div><h2 class="battle-history">Turn 6</h2><div class="spacer battle-history"><br></div><div class="battle-history">Rotom, come back!<br></div><div class="battle-history">Go! <strong>Absol</strong>!<br></div><div class="battle-history"><small>[Absol's Pressure]</small><br><small>Absol is exerting its pressure!</small><br></div><div class="spacer battle-history"><br></div><div class="battle-history">The opposing Kartana used <strong>Leaf Blade</strong>!<br></div><div class="battle-history"><small>(Absol lost <abbr title="−271/271">100%</abbr> of its health!)</small><br></div><div class="spacer battle-history"><br></div><div class="battle-history">Absol fainted!<br></div><div class="battle-history"><small>[The opposing Kartana's Beast Boost]</small><br></div><div class="battle-history"><small>The opposing Kartana's Speed rose!</small><br></div><div class="spacer battle-history"><br></div><div class="battle-history">Go! <strong>Aggron</strong>!<br></div><div class="spacer battle-history"><br></div><h2 class="battle-history">Turn 7</h2><div class="spacer battle-history"><br></div><div class="battle-history"><small>Aggron's Aggronite is reacting to the Key Stone!</small><br>Aggron has Mega Evolved into Mega Aggron!<br></div><div class="battle-history"><small>The opposing Kartana surrounded itself with its Z-Power!</small><br></div><div class="spacer battle-history"><br></div><div class="battle-history">The opposing Kartana used <strong>All-Out Pummeling</strong>!<br></div><div class="battle-history"><small>It's super effective!</small><br></div><div class="battle-history"><small>(Aggron lost <abbr title="−250/281">89.0%</abbr> of its health!)</small><br></div><div class="spacer battle-history"><br></div><div class="battle-history">Aggron used <strong>Iron Head</strong>!<br></div><div class="battle-history"><small>It's not very effective...</small><br></div><div class="battle-history"><small>(The opposing Kartana lost <abbr title="−55/320">17.2%</abbr> of its health!)</small><br></div><div class="spacer battle-history"><br></div><h2 class="battle-history">Turn 8</h2><div class="spacer battle-history"><br></div><div class="battle-history">The opposing Kartana used <strong>Sacred Sword</strong>!<br></div><div class="battle-history"><small>It's super effective!</small><br></div><div class="battle-history"><small>(Aggron lost <abbr title="−31/281">11.0%</abbr> of its health!)</small><br></div><div class="spacer battle-history"><br></div><div class="battle-history">Aggron fainted!<br></div><div class="battle-history"><small>[The opposing Kartana's Beast Boost]</small><br></div><div class="battle-history"><small>The opposing Kartana's Speed rose!</small><br></div><div class="spacer battle-history"><br></div><div class="battle-history">Go! Rotom (<strong>Rotom-Wash</strong>)!<br></div><div class="spacer battle-history"><br></div><h2 class="battle-history">Turn 9</h2><div class="spacer battle-history"><br></div><div class="battle-history">The opposing Kartana used <strong>Leaf Blade</strong>!<br></div><div class="battle-history"><small>It's super effective!</small><br></div><div class="battle-history"><small>(Rotom lost <abbr title="−242/242">100%</abbr> of its health!)</small><br></div><div class="spacer battle-history"><br></div><div class="battle-history">Rotom fainted!<br></div><div class="battle-history"><small>[The opposing Kartana's Beast Boost]</small><br></div><div class="battle-history"><small>The opposing Kartana's Speed rose!</small><br></div><div class="spacer battle-history"><br></div><div class="battle-history">Go! <strong>Ferrothorn</strong>!<br></div><div class="spacer battle-history"><br></div><h2 class="battle-history">Turn 10</h2><div class="chat chatmessage-adderjo"><strong style="color:hsl(264,75%,56.933847391406246%)"><small>☆</small><span class="username" data-name="AdderJo">AdderJo</span>:</strong> <em>gg</em></div><div class="spacer battle-history"><br></div><div class="battle-history">The opposing Kartana used <strong>Sacred Sword</strong>!<br></div><div class="battle-history"><small>It's super effective!</small><br></div><div class="battle-history"><small>A critical hit!</small><br></div><div class="battle-history"><small>(Ferrothorn lost <abbr title="−290/290">100%</abbr> of its health!)</small><br></div><div class="battle-history"><small>[Ferrothorn's Iron Barbs]</small><br><small>The opposing Kartana was hurt!</small><br></div><div class="spacer battle-history"><br></div><div class="battle-history">Ferrothorn fainted!<br></div><div class="spacer battle-history"><br></div><div class="battle-history"><strong>AdderJo</strong> won the battle!<br></div></div><div class="inner-preempt"></div></div></div>
</div>
<script>
let daily = Math.floor(Date.now()/1000/60/60/24);document.write('<script src="https://play.pokemonshowdown.com/js/replay-embed.js?version'+daily+'"></'+'script>');
</script>
