<!DOCTYPE html>
<meta charset="utf-8" />
<!-- version 1 -->
<title>OU replay: xxxjossxxx vs. DraconSer</title>
<style>
html,body {font-family:Verdana, sans-serif;font-size:10pt;margin:0;padding:0;}body{padding:12px 0;} .battle-log {font-family:Verdana, sans-serif;font-size:10pt;} .battle-log-inline {border:1px solid #AAAAAA;background:#EEF2F5;color:black;max-width:640px;margin:0 auto 80px;padding-bottom:5px;} .battle-log .inner {padding:4px 8px 0px 8px;} .battle-log .inner-preempt {padding:0 8px 4px 8px;} .battle-log .inner-after {margin-top:0.5em;} .battle-log h2 {margin:0.5em -8px;padding:4px 8px;border:1px solid #AAAAAA;background:#E0E7EA;border-left:0;border-right:0;font-family:Verdana, sans-serif;font-size:13pt;} .battle-log .chat {vertical-align:middle;padding:3px 0 3px 0;font-size:8pt;} .battle-log .chat strong {color:#40576A;} .battle-log .chat em {padding:1px 4px 1px 3px;color:#000000;font-style:normal;} .chat.mine {background:rgba(0,0,0,0.05);margin-left:-8px;margin-right:-8px;padding-left:8px;padding-right:8px;} .spoiler {color:#BBBBBB;background:#BBBBBB;padding:0px 3px;} .spoiler:hover, .spoiler:active, .spoiler-shown {color:#000000;background:#E2E2E2;padding:0px 3px;} .spoiler a {color:#BBBBBB;} .spoiler:hover a, .spoiler:active a, .spoiler-shown a {color:#2288CC;} .chat code, .chat .spoiler:hover code, .chat .spoiler:active code, .chat .spoiler-shown code {border:1px solid #C0C0C0;background:#EEEEEE;color:black;padding:0 2px;} .chat .spoiler code {border:1px solid #CCCCCC;background:#CCCCCC;color:#CCCCCC;} .battle-log .rated {padding:3px 4px;} .battle-log .rated strong {color:white;background:#89A;padding:1px 4px;border-radius:4px;} .spacer {margin-top:0.5em;} .message-announce {background:#6688AA;color:white;padding:1px 4px 2px;} .message-announce a, .broadcast-green a, .broadcast-blue a, .broadcast-red a {color:#DDEEFF;} .broadcast-green {background-color:#559955;color:white;padding:2px 4px;} .broadcast-blue {background-color:#6688AA;color:white;padding:2px 4px;} .infobox {border:1px solid #6688AA;padding:2px 4px;} .infobox-limited {max-height:200px;overflow:auto;overflow-x:hidden;} .broadcast-red {background-color:#AA5544;color:white;padding:2px 4px;} .message-learn-canlearn {font-weight:bold;color:#228822;text-decoration:underline;} .message-learn-cannotlearn {font-weight:bold;color:#CC2222;text-decoration:underline;} .message-effect-weak {font-weight:bold;color:#CC2222;} .message-effect-resist {font-weight:bold;color:#6688AA;} .message-effect-immune {font-weight:bold;color:#666666;} .message-learn-list {margin-top:0;margin-bottom:0;} .message-throttle-notice, .message-error {color:#992222;} .message-overflow, .chat small.message-overflow {font-size:0pt;} .message-overflow::before {font-size:9pt;content:'...';} .subtle {color:#3A4A66;}
</style>
<div class="wrapper replay-wrapper" style="max-width:1180px;margin:0 auto">
<input type="hidden" name="replayid" value="destiny-ou-531687" />
<div class="battle"></div><div class="battle-log"></div><div class="replay-controls"></div><div class="replay-controls-2"></div>
<h1 style="font-weight:normal;text-align:center"><strong>OU</strong><br /><a href="http://pokemonshowdown.com/users/xxxjossxxx" class="subtle" target="_blank">xxxjossxxx</a> vs. <a href="http://pokemonshowdown.com/users/draconser" class="subtle" target="_blank">DraconSer</a></h1>
<script type="text/plain" class="battle-log-data">|player|p1|xxxjossxxx|267
|teamsize|p1|6
|player|p2|DraconSer|1084
|teamsize|p2|6
|teamsize|p1|6
|teamsize|p2|6
|gametype|singles
|gen|7
|tier|OU
|seed|17746,35090,46466,14993
|rule|Cláusula-Mod de Dormir: solo puedes dormir a uno de tus oponentes a la vez.
|rule|Cláusula de Especie: Hasta un Pokémon de cada especie
|rule|Cláusula de Golpe Fulminante: los movimientos fulminantes (OHKO) estan prohibidos
|rule|Cláusula de Veleta: la habilidad Veleta está prohibida
|rule|Cláusula de Movimientos Evasivos: los movimientos de Evasión están prohibidos.
|rule|Cláusula de Batallas Eternas: forzar batallas eternas está prohibido
|clearpoke
|poke|p1|Banette, F|item
|poke|p1|Mimikyu, M|item
|poke|p1|Gengar, M|item
|poke|p1|Golurk, shiny|item
|poke|p1|Trevenant, F|item
|poke|p1|Marowak-Alola, F|item
|poke|p2|Kyurem-Black, shiny|item
|poke|p2|Kommo-o, M, shiny|item
|poke|p2|Garchomp, M, shiny|item
|poke|p2|Dragonite, M, shiny|item
|poke|p2|Charizard, F, shiny|item
|poke|p2|Guzzlord, shiny|item
|teampreview|undefined
|choice|*|*team 423156
|choice|*team 213456|*
|choice|team 2, 1, 3, 4, 5, 6|team 4, 2, 3, 1, 5, 6
|
|start
|switch|p1a: Mimikyu|Mimikyu, M|268\/268
|switch|p2a: Dragonite|Dragonite, M, shiny|323\/323
|turn|1
|c|☆DraconSer|ese golemm TENGO MIEDO
|choice|*|*move 3
|choice|*move 3 zmove|*
|choice|*|*move 2
|choice|move playrough zmove|move firepunch
|
|-zpower|p1a: Mimikyu
|move|p1a: Mimikyu|Let's Snuggle Forever|p2a: Dragonite|[zeffect]
|-supereffective|p2a: Dragonite
|-damage|p2a: Dragonite|59\/323
|move|p2a: Dragonite|Fire Punch|p1a: Mimikyu
|-activate|p1a: Mimikyu|ability: Disguise
|-damage|p1a: Mimikyu|268\/268
|detailschange|p1a: Mimikyu|Mimikyu-Busted, M
|
|-heal|p2a: Dragonite|79\/323|[from] item: Leftovers
|upkeep
|turn|2
|choice|*|*move 2
|choice|*move 4|*
|choice|move shadowsneak|move firepunch
|
|move|p1a: Mimikyu|Shadow Sneak|p2a: Dragonite
|-damage|p2a: Dragonite|18\/323
|move|p2a: Dragonite|Fire Punch|p1a: Mimikyu
|-damage|p1a: Mimikyu|162\/268
|
|-heal|p2a: Dragonite|38\/323|[from] item: Leftovers
|upkeep
|turn|3
|choice|*|*move 2
|choice|*move 1|*
|choice|move swordsdance|move firepunch
|
|move|p1a: Mimikyu|Swords Dance|p1a: Mimikyu
|-boost|p1a: Mimikyu|atk|2
|move|p2a: Dragonite|Fire Punch|p1a: Mimikyu
|-damage|p1a: Mimikyu|52\/268
|
|-heal|p2a: Dragonite|58\/323|[from] item: Leftovers
|upkeep
|turn|4
|choice|*move 4|*
|choice|*|*move 2
|choice|move shadowsneak|move firepunch
|
|move|p1a: Mimikyu|Shadow Sneak|p2a: Dragonite
|-damage|p2a: Dragonite|0 fnt
|faint|p2a: Dragonite
|
|upkeep
|choice|*|*switch 5
|choice||switch 5
|
|switch|p2a: Charizard|Charizard, F, shiny|297\/297
|turn|5
|choice|*|*move 3
|choice|*move 4|*
|choice|move shadowsneak|move firepunch
|
|move|p1a: Mimikyu|Shadow Sneak|p2a: Charizard
|-damage|p2a: Charizard|159\/297
|move|p2a: Charizard|Fire Punch|p1a: Mimikyu
|-damage|p1a: Mimikyu|0 fnt
|faint|p1a: Mimikyu
|
|upkeep
|choice|*switch 2|*
|choice|switch 2|
|
|switch|p1a: Banette|Banette, F|303\/303
|-item|p2a: Charizard|Charizardite X|[from] ability: Frisk|[of] p1a: Banette|[identify]
|turn|6
|choice|*move 3 mega|*
|choice|*|*switch 3
|choice|move shadowclaw mega|switch 3
|
|switch|p2a: Garchomp|Garchomp, M, shiny|357\/357
|-mega|p1a: Banette|Banette|Banettite
|detailschange|p1a: Banette|Banette-Mega, F
|move|p1a: Banette|Shadow Claw|p2a: Garchomp
|-damage|p2a: Garchomp|209\/357
|-damage|p1a: Banette|266\/303|[from] ability: Rough Skin|[of] p2a: Garchomp
|
|upkeep
|turn|7
|choice|*|*move 1 zmove
|choice|*move 4|*
|choice|move willowisp|move earthquake zmove
|
|move|p1a: Banette|Will-O-Wisp|p2a: Garchomp
|-status|p2a: Garchomp|brn
|-zpower|p2a: Garchomp
|move|p2a: Garchomp|Tectonic Rage|p1a: Banette|[zeffect]
|-damage|p1a: Banette|90\/303
|
|-damage|p2a: Garchomp|187\/357 brn|[from] brn
|upkeep
|turn|8
|choice|*|*move 4
|choice|*switch 5|*
|choice|switch 5|move stealthrock
|
|switch|p1a: Trevenant|Trevenant, F|351\/351
|move|p2a: Garchomp|Stealth Rock|p1a: Trevenant
|-sidestart|p1: xxxjossxxx|move: Stealth Rock
|
|-damage|p2a: Garchomp|165\/357 brn|[from] brn
|upkeep
|turn|9
|choice|*|*move 3
|choice|*move 2|*
|choice|*|*move 3
|choice|move trickroom|move fireblast
|
|move|p2a: Garchomp|Fire Blast|p1a: Trevenant
|-supereffective|p1a: Trevenant
|-damage|p1a: Trevenant|239\/351
|move|p1a: Trevenant|Trick Room|p1a: Trevenant
|-fieldstart|move: Trick Room|[of] p1a: Trevenant
|
|-damage|p2a: Garchomp|143\/357 brn|[from] brn
|upkeep
|turn|10
|choice|*move 4|*
|choice|*|*move 3
|choice|move leechseed|move fireblast
|
|move|p1a: Trevenant|Leech Seed|p2a: Garchomp
|-start|p2a: Garchomp|move: Leech Seed
|move|p2a: Garchomp|Fire Blast|p1a: Trevenant
|-supereffective|p1a: Trevenant
|-damage|p1a: Trevenant|127\/351
|-enditem|p1a: Trevenant|Sitrus Berry|[eat]
|-heal|p1a: Trevenant|214\/351|[from] item: Sitrus Berry
|
|-damage|p2a: Garchomp|99\/357 brn|[from] Leech Seed|[of] p1a: Trevenant
|-heal|p1a: Trevenant|258\/351|[silent]
|-damage|p2a: Garchomp|77\/357 brn|[from] brn
|-item|p1a: Trevenant|Sitrus Berry|[from] ability: Harvest
|upkeep
|turn|11
|choice|*|*move 3
|choice|*move 1|*
|choice|move hornleech|move fireblast
|
|move|p1a: Trevenant|Horn Leech|p2a: Garchomp
|-damage|p2a: Garchomp|0 fnt
|-heal|p1a: Trevenant|297\/351|[from] drain|[of] p2a: Garchomp
|-damage|p1a: Trevenant|254\/351|[from] ability: Rough Skin|[of] p2a: Garchomp
|faint|p2a: Garchomp
|
|upkeep
|choice|*|*switch 6
|choice||switch 6
|
|switch|p2a: Guzzlord|Guzzlord, shiny|650\/650
|turn|12
|choice|*|*move 3
|choice|*move 3|*
|choice|move willowisp|move fireblast
|
|move|p1a: Trevenant|Will-O-Wisp|p2a: Guzzlord
|-status|p2a: Guzzlord|brn
|move|p2a: Guzzlord|Fire Blast|p1a: Trevenant
|-supereffective|p1a: Trevenant
|-damage|p1a: Trevenant|54\/351
|-enditem|p1a: Trevenant|Sitrus Berry|[eat]
|-heal|p1a: Trevenant|141\/351|[from] item: Sitrus Berry
|
|-damage|p2a: Guzzlord|610\/650 brn|[from] brn
|-item|p1a: Trevenant|Sitrus Berry|[from] ability: Harvest
|upkeep
|-enditem|p1a: Trevenant|Sitrus Berry|[eat]
|-heal|p1a: Trevenant|228\/351|[from] item: Sitrus Berry
|turn|13
|c|☆DraconSer|.__.
|choice|*move 4|*
|choice|*|*move 4
|choice|move leechseed|move sludgebomb
|
|move|p1a: Trevenant|Leech Seed|p2a: Guzzlord
|-start|p2a: Guzzlord|move: Leech Seed
|move|p2a: Guzzlord|Sludge Bomb|p1a: Trevenant
|-damage|p1a: Trevenant|143\/351
|
|-damage|p2a: Guzzlord|529\/650 brn|[from] Leech Seed|[of] p1a: Trevenant
|-heal|p1a: Trevenant|224\/351|[silent]
|-damage|p2a: Guzzlord|489\/650 brn|[from] brn
|-fieldend|move: Trick Room
|-item|p1a: Trevenant|Sitrus Berry|[from] ability: Harvest
|upkeep
|turn|14
|choice|*|*move 2
|player|p1|
|player|p1|xxxjossxxx|267
|choice|*move 2|*
|choice|move trickroom|move darkpulse
|
|move|p2a: Guzzlord|Dark Pulse|p1a: Trevenant
|-supereffective|p1a: Trevenant
|-damage|p1a: Trevenant|26\/351
|-enditem|p1a: Trevenant|Sitrus Berry|[eat]
|-heal|p1a: Trevenant|113\/351|[from] item: Sitrus Berry
|move|p1a: Trevenant|Trick Room|p1a: Trevenant
|-fieldstart|move: Trick Room|[of] p1a: Trevenant
|
|-damage|p2a: Guzzlord|408\/650 brn|[from] Leech Seed|[of] p1a: Trevenant
|-heal|p1a: Trevenant|194\/351|[silent]
|-damage|p2a: Guzzlord|368\/650 brn|[from] brn
|upkeep
|turn|15
|choice|*|*move 2
|choice|*move 1|*
|choice|move hornleech|move darkpulse
|
|move|p1a: Trevenant|Horn Leech|p2a: Guzzlord
|-resisted|p2a: Guzzlord
|-damage|p2a: Guzzlord|281\/650 brn
|-heal|p1a: Trevenant|238\/351|[from] drain|[of] p2a: Guzzlord
|move|p2a: Guzzlord|Dark Pulse|p1a: Trevenant
|-supereffective|p1a: Trevenant
|-damage|p1a: Trevenant|40\/351
|
|-damage|p2a: Guzzlord|200\/650 brn|[from] Leech Seed|[of] p1a: Trevenant
|-heal|p1a: Trevenant|121\/351|[silent]
|-damage|p2a: Guzzlord|160\/650 brn|[from] brn
|-item|p1a: Trevenant|Sitrus Berry|[from] ability: Harvest
|upkeep
|-enditem|p1a: Trevenant|Sitrus Berry|[eat]
|-heal|p1a: Trevenant|208\/351|[from] item: Sitrus Berry
|turn|16
|choice|*|*move 2
|choice|*|*move 2
|choice|*move 1|*
|choice|move hornleech|move darkpulse
|
|move|p1a: Trevenant|Horn Leech|p2a: Guzzlord
|-resisted|p2a: Guzzlord
|-damage|p2a: Guzzlord|69\/650 brn
|-heal|p1a: Trevenant|254\/351|[from] drain|[of] p2a: Guzzlord
|move|p2a: Guzzlord|Dark Pulse|p1a: Trevenant
|-supereffective|p1a: Trevenant
|-damage|p1a: Trevenant|36\/351
|
|-damage|p2a: Guzzlord|0 fnt|[from] Leech Seed|[of] p1a: Trevenant
|-heal|p1a: Trevenant|105\/351|[silent]
|-item|p1a: Trevenant|Sitrus Berry|[from] ability: Harvest
|upkeep
|faint|p2a: Guzzlord
|-enditem|p1a: Trevenant|Sitrus Berry|[eat]
|-heal|p1a: Trevenant|192\/351|[from] item: Sitrus Berry
|choice|*|*switch 2
|choice||switch 2
|
|switch|p2a: Kommo-o|Kommo-o, M, shiny|291\/291
|turn|17
|choice|*|*move 4
|choice|*move 3|*
|choice|move willowisp|move dragondance
|
|move|p1a: Trevenant|Will-O-Wisp|p2a: Kommo-o|[miss]
|-miss|p1a: Trevenant|p2a: Kommo-o
|move|p2a: Kommo-o|Dragon Dance|p2a: Kommo-o
|-boost|p2a: Kommo-o|atk|1
|-boost|p2a: Kommo-o|spe|1
|
|upkeep
|turn|18
|choice|*|*move 4
|choice|*move 3|*
|choice|move willowisp|move dragondance
|
|move|p1a: Trevenant|Will-O-Wisp|p2a: Kommo-o|[miss]
|-miss|p1a: Trevenant|p2a: Kommo-o
|move|p2a: Kommo-o|Dragon Dance|p2a: Kommo-o
|-boost|p2a: Kommo-o|atk|1
|-boost|p2a: Kommo-o|spe|1
|
|-fieldend|move: Trick Room
|upkeep
|turn|19
|choice|*|*move 3
|choice|*move 2|*
|choice|move trickroom|move poisonjab
|
|move|p2a: Kommo-o|Poison Jab|p1a: Trevenant
|-crit|p1a: Trevenant
|-damage|p1a: Trevenant|0 fnt
|-damage|p2a: Kommo-o|262\/291|[from] item: Life Orb
|faint|p1a: Trevenant
|
|upkeep
|choice|*switch 5|*
|choice|switch 5|
|
|switch|p1a: Banette|Banette-Mega, F|90\/303
|-damage|p1a: Banette|53\/303|[from] Stealth Rock
|turn|20
|choice|*|*move 1
|choice|*move 1|*
|choice|move destinybond|move dragonclaw
|
|move|p1a: Banette|Destiny Bond|p1a: Banette
|-singlemove|p1a: Banette|Destiny Bond
|move|p2a: Kommo-o|Dragon Claw|p1a: Banette
|-damage|p1a: Banette|0 fnt
|-damage|p2a: Kommo-o|233\/291|[from] item: Life Orb
|faint|p1a: Banette
|-activate|p1a: Banette|move: Destiny Bond
|faint|p2a: Kommo-o
|
|upkeep
|c|☆DraconSer|esa me gusto
|c|☆DraconSer|:V
|choice|*switch 4|*
|c|☆DraconSer|aunque deveria de estar gritando de lo que acaba de pasar xd
|choice|*|*switch 4
|choice|switch 4|switch 4
|
|switch|p2a: Kyurem|Kyurem-Black, shiny|454\/454
|switch|p1a: Golurk|Golurk, shiny|345\/345
|-ability|p2a: Kyurem|Teravolt
|-damage|p1a: Golurk|324\/345|[from] Stealth Rock
|turn|21
|choice|*|*move 3
|c|☆xxxjossxxx|XD
|choice|*move 4|*
|choice|move rockslide|move ironhead
|
|move|p2a: Kyurem|Iron Head|p1a: Golurk
|-damage|p1a: Golurk|187\/345
|cant|p1a: Golurk|flinch
|
|-heal|p1a: Golurk|208\/345|[from] item: Leftovers
|upkeep
|turn|22
|choice|*|*move 3
|choice|*move 3|*
|choice|move stealthrock|move ironhead
|
|move|p2a: Kyurem|Iron Head|p1a: Golurk
|-damage|p1a: Golurk|64\/345
|move|p1a: Golurk|Stealth Rock|p2a: Kyurem
|-sidestart|p2: DraconSer|move: Stealth Rock
|
|-heal|p1a: Golurk|85\/345|[from] item: Leftovers
|upkeep
|turn|23
|choice|*|*move 3
|choice|*move 4|*
|choice|move rockslide|move ironhead
|
|move|p2a: Kyurem|Iron Head|p1a: Golurk
|-damage|p1a: Golurk|0 fnt
|faint|p1a: Golurk
|
|upkeep
|choice|*switch 6|*
|choice|switch 6|
|
|switch|p1a: Marowak|Marowak-Alola, F|311\/311
|-damage|p1a: Marowak|234\/311|[from] Stealth Rock
|turn|24
|choice|*move 3|*
|choice|*|*move 4
|choice|move flareblitz|move fusionbolt
|
|move|p2a: Kyurem|Fusion Bolt|p1a: Marowak
|-damage|p1a: Marowak|102\/311
|move|p1a: Marowak|Flare Blitz|p2a: Kyurem
|-damage|p2a: Kyurem|121\/454
|
|upkeep
|turn|25
|choice|*|*move 4
|choice|*move 3|*
|choice|move flareblitz|move fusionbolt
|
|move|p2a: Kyurem|Fusion Bolt|p1a: Marowak
|-damage|p1a: Marowak|0 fnt
|faint|p1a: Marowak
|
|upkeep
|c|☆xxxjossxxx|gg
|choice|*switch 3|*
|choice|switch 3|
|
|switch|p1a: Gengar|Gengar, M|261\/261
|-damage|p1a: Gengar|229\/261|[from] Stealth Rock
|turn|26
|choice|*|*move 1
|choice|*move 1|*
|choice|move shadowball|move zenheadbutt
|
|move|p1a: Gengar|Shadow Ball|p2a: Kyurem
|-damage|p2a: Kyurem|4\/454
|-unboost|p2a: Kyurem|spd|1
|move|p2a: Kyurem|Zen Headbutt|p1a: Gengar
|-supereffective|p1a: Gengar
|-damage|p1a: Gengar|0 fnt
|-start|p2a: Kyurem|Disable|Zen Headbutt|[from] ability: Cursed Body|[of] p1a: Gengar
|faint|p1a: Gengar
|
|win|DraconSer
|c|☆DraconSer|uyyy
|c|☆DraconSer|casi xd
|c|☆xxxjossxxx|XD ese final no lo vi
|c|☆DraconSer|y te acabo de quitar el titulo por cierto :V
|c|☆xxxjossxxx|esa cosa es muy bullky XD
|c|☆DraconSer|no es cierto xd
|c|☆DraconSer|bullky?
|c|☆xxxjossxxx|osea bastante resistente
|c|☆DraconSer|a
|c|☆DraconSer|pos pense que iva a tener que utilizar a mega charizard
|c|☆DraconSer|pero mut buena batalla
|c|☆xxxjossxxx|y felisidades eres al primero de todos en la infernus league que me gana desde que los conosco
|c|☆DraconSer|a que no te esperaste el ataque de tipo spiquico? xD
|c|☆DraconSer|a pos eso si que es gratificante xd
|c|☆xxxjossxxx|de hecho al ver el cabeza de hierro me esperaba lo que sea XD
|c|☆DraconSer|:V
|c|☆xxxjossxxx|esto me pasa por no usar onda toxica XD
|c|☆DraconSer|pro bueno alparecer enmedio de el combate te caiste y alparecer no quiero que esta evidencia se borre xd
</script>
</div>
<div class="battle-log battle-log-inline"><div class="inner"><div class="battle-options"></div><div class="inner"><div class=""><small>Format:</small> <br><strong>OU</strong></div><div class=""><small><em>Cláusula-Mod de Dormir:</em> solo puedes dormir a uno de tus oponentes a la vez.</small></div><div class=""><small><em>Cláusula de Especie:</em> Hasta un Pokémon de cada especie</small></div><div class=""><small><em>Cláusula de Golpe Fulminante:</em> los movimientos fulminantes (OHKO) estan prohibidos</small></div><div class=""><small><em>Cláusula de Veleta:</em> la habilidad Veleta está prohibida</small></div><div class=""><small><em>Cláusula de Movimientos Evasivos:</em> los movimientos de Evasión están prohibidos.</small></div><div class=""><small><em>Cláusula de Batallas Eternas:</em> forzar batallas eternas está prohibido</small></div><div class="chat battle-history"><strong>xxxjossxxx's team:</strong> <em style="color:#445566;display:block;">Banette / Mimikyu / Gengar / Golurk / Trevenant / Marowak-Alola</em></div><div class="chat battle-history"><strong>DraconSer's team:</strong> <em style="color:#445566;display:block;">Kyurem-Black / Kommo-o / Garchomp / Dragonite / Charizard / Guzzlord</em></div><div class="spacer battle-history"><br></div><div class="battle-history">Battle started between xxxjossxxx and DraconSer!<br></div><div class="spacer battle-history"><br></div><div class="battle-history">Go! <strong>Mimikyu</strong>!<br></div><div class="spacer battle-history"><br></div><div class="battle-history">DraconSer sent out <strong>Dragonite</strong>!<br></div><div class="spacer battle-history"><br></div><h2 class="battle-history">Turn 1</h2><div class="chat chatmessage-draconser"><strong style="color:hsl(100,46%,42%)"><small>☆</small><span class="username" data-name="DraconSer">DraconSer</span>:</strong> <em>ese golemm TENGO MIEDO</em></div><div class="spacer battle-history"><br></div><div class="battle-history"><small>Mimikyu surrounded itself with its Z-Power!</small><br></div><div class="spacer battle-history"><br></div><div class="battle-history">Mimikyu used <strong>Let's Snuggle Forever</strong>!<br></div><div class="battle-history"><small>It's super effective!</small><br></div><div class="battle-history"><small>(The opposing Dragonite lost <abbr title="−264/323">81.7%</abbr> of its health!)</small><br></div><div class="spacer battle-history"><br></div><div class="battle-history">The opposing Dragonite used <strong>Fire Punch</strong>!<br></div><div class="battle-history"><small>[Mimikyu's Disguise]</small><br><small>Its disguise served it as a decoy!</small><br></div><div class="battle-history"><small>(Mimikyu lost <abbr title="0/268">0%</abbr> of its health!)</small><br></div><div class="battle-history">Mimikyu's disguise was busted!<br></div><div class="spacer battle-history"><br></div><div class="battle-history"><small>The opposing Dragonite restored a little HP using its Leftovers!</small><br></div><div class="spacer battle-history"><br></div><h2 class="battle-history">Turn 2</h2><div class="spacer battle-history"><br></div><div class="battle-history">Mimikyu used <strong>Shadow Sneak</strong>!<br></div><div class="battle-history"><small>(The opposing Dragonite lost <abbr title="−61/323">18.9%</abbr> of its health!)</small><br></div><div class="spacer battle-history"><br></div><div class="battle-history">The opposing Dragonite used <strong>Fire Punch</strong>!<br></div><div class="battle-history"><small>(Mimikyu lost <abbr title="−106/268">39.6%</abbr> of its health!)</small><br></div><div class="spacer battle-history"><br></div><div class="battle-history"><small>The opposing Dragonite restored a little HP using its Leftovers!</small><br></div><div class="spacer battle-history"><br></div><h2 class="battle-history">Turn 3</h2><div class="spacer battle-history"><br></div><div class="battle-history">Mimikyu used <strong>Swords Dance</strong>!<br></div><div class="battle-history"><small>Mimikyu's Attack rose sharply!</small><br></div><div class="spacer battle-history"><br></div><div class="battle-history">The opposing Dragonite used <strong>Fire Punch</strong>!<br></div><div class="battle-history"><small>(Mimikyu lost <abbr title="−110/268">41.0%</abbr> of its health!)</small><br></div><div class="spacer battle-history"><br></div><div class="battle-history"><small>The opposing Dragonite restored a little HP using its Leftovers!</small><br></div><div class="spacer battle-history"><br></div><h2 class="battle-history">Turn 4</h2><div class="spacer battle-history"><br></div><div class="battle-history">Mimikyu used <strong>Shadow Sneak</strong>!<br></div><div class="battle-history"><small>(The opposing Dragonite lost <abbr title="−58/323">18.0%</abbr> of its health!)</small><br></div><div class="spacer battle-history"><br></div><div class="battle-history">The opposing Dragonite fainted!<br></div><div class="spacer battle-history"><br></div><div class="battle-history">DraconSer sent out <strong>Charizard</strong>!<br></div><div class="spacer battle-history"><br></div><h2 class="battle-history">Turn 5</h2><div class="spacer battle-history"><br></div><div class="battle-history">Mimikyu used <strong>Shadow Sneak</strong>!<br></div><div class="battle-history"><small>(The opposing Charizard lost <abbr title="−138/297">46.5%</abbr> of its health!)</small><br></div><div class="spacer battle-history"><br></div><div class="battle-history">The opposing Charizard used <strong>Fire Punch</strong>!<br></div><div class="battle-history"><small>(Mimikyu lost <abbr title="−52/268">19.4%</abbr> of its health!)</small><br></div><div class="spacer battle-history"><br></div><div class="battle-history">Mimikyu fainted!<br></div><div class="spacer battle-history"><br></div><div class="battle-history">Go! <strong>Banette</strong>!<br></div><div class="battle-history"><small>[Banette's Frisk]</small><br><small>Banette frisked the opposing Charizard and found its Charizardite X!</small><br></div><div class="spacer battle-history"><br></div><h2 class="battle-history">Turn 6</h2><div class="spacer battle-history"><br></div><div class="battle-history">DraconSer withdrew Charizard!<br></div><div class="battle-history">DraconSer sent out <strong>Garchomp</strong>!<br></div><div class="spacer battle-history"><br></div><div class="battle-history"><small>Banette's Banettite is reacting to the Key Stone!</small><br>Banette has Mega Evolved into Mega Banette!<br></div><div class="spacer battle-history"><br></div><div class="battle-history">Banette used <strong>Shadow Claw</strong>!<br></div><div class="battle-history"><small>(The opposing Garchomp lost <abbr title="−148/357">41.5%</abbr> of its health!)</small><br></div><div class="battle-history"><small>[The opposing Garchomp's Rough Skin]</small><br><small>Banette was hurt!</small><br></div><div class="spacer battle-history"><br></div><h2 class="battle-history">Turn 7</h2><div class="spacer battle-history"><br></div><div class="battle-history">Banette used <strong>Will-O-Wisp</strong>!<br></div><div class="battle-history"><small>The opposing Garchomp was burned!</small><br></div><div class="battle-history"><small>The opposing Garchomp surrounded itself with its Z-Power!</small><br></div><div class="spacer battle-history"><br></div><div class="battle-history">The opposing Garchomp used <strong>Tectonic Rage</strong>!<br></div><div class="battle-history"><small>(Banette lost <abbr title="−176/303">58.1%</abbr> of its health!)</small><br></div><div class="spacer battle-history"><br></div><div class="battle-history"><small>The opposing Garchomp was hurt by its burn!</small><br></div><div class="spacer battle-history"><br></div><h2 class="battle-history">Turn 8</h2><div class="spacer battle-history"><br></div><div class="battle-history">Banette, come back!<br></div><div class="battle-history">Go! <strong>Trevenant</strong>!<br></div><div class="spacer battle-history"><br></div><div class="battle-history">The opposing Garchomp used <strong>Stealth Rock</strong>!<br></div><div class="battle-history"><small>Pointed stones float in the air around your team!</small><br></div><div class="spacer battle-history"><br></div><div class="battle-history"><small>The opposing Garchomp was hurt by its burn!</small><br></div><div class="spacer battle-history"><br></div><h2 class="battle-history">Turn 9</h2><div class="spacer battle-history"><br></div><div class="battle-history">The opposing Garchomp used <strong>Fire Blast</strong>!<br></div><div class="battle-history"><small>It's super effective!</small><br></div><div class="battle-history"><small>(Trevenant lost <abbr title="−112/351">31.9%</abbr> of its health!)</small><br></div><div class="spacer battle-history"><br></div><div class="battle-history">Trevenant used <strong>Trick Room</strong>!<br></div><div class="battle-history"><small>Trevenant twisted the dimensions!</small><br></div><div class="spacer battle-history"><br></div><div class="battle-history"><small>The opposing Garchomp was hurt by its burn!</small><br></div><div class="spacer battle-history"><br></div><h2 class="battle-history">Turn 10</h2><div class="spacer battle-history"><br></div><div class="battle-history">Trevenant used <strong>Leech Seed</strong>!<br></div><div class="battle-history"><small>The opposing Garchomp was seeded!</small><br></div><div class="spacer battle-history"><br></div><div class="battle-history">The opposing Garchomp used <strong>Fire Blast</strong>!<br></div><div class="battle-history"><small>It's super effective!</small><br></div><div class="battle-history"><small>(Trevenant lost <abbr title="−112/351">31.9%</abbr> of its health!)</small><br></div><div class="battle-history"><small>Trevenant ate its Sitrus Berry!</small><br></div><div class="battle-history"><small>Trevenant restored HP using its Sitrus Berry!</small><br></div><div class="spacer battle-history"><br></div><div class="battle-history"><small>The opposing Garchomp's health is sapped by Leech Seed!</small><br></div><div class="battle-history"><small>The opposing Garchomp was hurt by its burn!</small><br></div><div class="battle-history"><small>[Trevenant's Harvest]</small><br><small>Trevenant harvested one Sitrus Berry!</small><br></div><div class="spacer battle-history"><br></div><h2 class="battle-history">Turn 11</h2><div class="spacer battle-history"><br></div><div class="battle-history">Trevenant used <strong>Horn Leech</strong>!<br></div><div class="battle-history"><small>(The opposing Garchomp lost <abbr title="−77/357">21.6%</abbr> of its health!)</small><br></div><div class="battle-history"><small>The opposing Garchomp had its energy drained!</small><br></div><div class="battle-history"><small>[The opposing Garchomp's Rough Skin]</small><br><small>Trevenant was hurt!</small><br></div><div class="spacer battle-history"><br></div><div class="battle-history">The opposing Garchomp fainted!<br></div><div class="spacer battle-history"><br></div><div class="battle-history">DraconSer sent out <strong>Guzzlord</strong>!<br></div><div class="spacer battle-history"><br></div><h2 class="battle-history">Turn 12</h2><div class="spacer battle-history"><br></div><div class="battle-history">Trevenant used <strong>Will-O-Wisp</strong>!<br></div><div class="battle-history"><small>The opposing Guzzlord was burned!</small><br></div><div class="spacer battle-history"><br></div><div class="battle-history">The opposing Guzzlord used <strong>Fire Blast</strong>!<br></div><div class="battle-history"><small>It's super effective!</small><br></div><div class="battle-history"><small>(Trevenant lost <abbr title="−200/351">57.0%</abbr> of its health!)</small><br></div><div class="battle-history"><small>Trevenant ate its Sitrus Berry!</small><br></div><div class="battle-history"><small>Trevenant restored HP using its Sitrus Berry!</small><br></div><div class="spacer battle-history"><br></div><div class="battle-history"><small>The opposing Guzzlord was hurt by its burn!</small><br></div><div class="battle-history"><small>[Trevenant's Harvest]</small><br><small>Trevenant harvested one Sitrus Berry!</small><br></div><div class="spacer battle-history"><br></div><div class="battle-history"><small>Trevenant ate its Sitrus Berry!</small><br></div><div class="battle-history"><small>Trevenant restored HP using its Sitrus Berry!</small><br></div><div class="spacer battle-history"><br></div><h2 class="battle-history">Turn 13</h2><div class="chat chatmessage-draconser"><strong style="color:hsl(100,46%,42%)"><small>☆</small><span class="username" data-name="DraconSer">DraconSer</span>:</strong> <em>.__.</em></div><div class="spacer battle-history"><br></div><div class="battle-history">Trevenant used <strong>Leech Seed</strong>!<br></div><div class="battle-history"><small>The opposing Guzzlord was seeded!</small><br></div><div class="spacer battle-history"><br></div><div class="battle-history">The opposing Guzzlord used <strong>Sludge Bomb</strong>!<br></div><div class="battle-history"><small>(Trevenant lost <abbr title="−85/351">24.2%</abbr> of its health!)</small><br></div><div class="spacer battle-history"><br></div><div class="battle-history"><small>The opposing Guzzlord's health is sapped by Leech Seed!</small><br></div><div class="battle-history"><small>The opposing Guzzlord was hurt by its burn!</small><br></div><div class="battle-history"><small>The twisted dimensions returned to normal!</small><br></div><div class="battle-history"><small>[Trevenant's Harvest]</small><br><small>Trevenant harvested one Sitrus Berry!</small><br></div><div class="spacer battle-history"><br></div><h2 class="battle-history">Turn 14</h2><div class="spacer battle-history"><br></div><div class="battle-history">The opposing Guzzlord used <strong>Dark Pulse</strong>!<br></div><div class="battle-history"><small>It's super effective!</small><br></div><div class="battle-history"><small>(Trevenant lost <abbr title="−198/351">56.4%</abbr> of its health!)</small><br></div><div class="battle-history"><small>Trevenant ate its Sitrus Berry!</small><br></div><div class="battle-history"><small>Trevenant restored HP using its Sitrus Berry!</small><br></div><div class="spacer battle-history"><br></div><div class="battle-history">Trevenant used <strong>Trick Room</strong>!<br></div><div class="battle-history"><small>Trevenant twisted the dimensions!</small><br></div><div class="spacer battle-history"><br></div><div class="battle-history"><small>The opposing Guzzlord's health is sapped by Leech Seed!</small><br></div><div class="battle-history"><small>The opposing Guzzlord was hurt by its burn!</small><br></div><div class="spacer battle-history"><br></div><h2 class="battle-history">Turn 15</h2><div class="spacer battle-history"><br></div><div class="battle-history">Trevenant used <strong>Horn Leech</strong>!<br></div><div class="battle-history"><small>It's not very effective...</small><br></div><div class="battle-history"><small>(The opposing Guzzlord lost <abbr title="−87/650">13.4%</abbr> of its health!)</small><br></div><div class="battle-history"><small>The opposing Guzzlord had its energy drained!</small><br></div><div class="spacer battle-history"><br></div><div class="battle-history">The opposing Guzzlord used <strong>Dark Pulse</strong>!<br></div><div class="battle-history"><small>It's super effective!</small><br></div><div class="battle-history"><small>(Trevenant lost <abbr title="−198/351">56.4%</abbr> of its health!)</small><br></div><div class="spacer battle-history"><br></div><div class="battle-history"><small>The opposing Guzzlord's health is sapped by Leech Seed!</small><br></div><div class="battle-history"><small>The opposing Guzzlord was hurt by its burn!</small><br></div><div class="battle-history"><small>[Trevenant's Harvest]</small><br><small>Trevenant harvested one Sitrus Berry!</small><br></div><div class="spacer battle-history"><br></div><div class="battle-history"><small>Trevenant ate its Sitrus Berry!</small><br></div><div class="battle-history"><small>Trevenant restored HP using its Sitrus Berry!</small><br></div><div class="spacer battle-history"><br></div><h2 class="battle-history">Turn 16</h2><div class="spacer battle-history"><br></div><div class="battle-history">Trevenant used <strong>Horn Leech</strong>!<br></div><div class="battle-history"><small>It's not very effective...</small><br></div><div class="battle-history"><small>(The opposing Guzzlord lost <abbr title="−91/650">14.0%</abbr> of its health!)</small><br></div><div class="battle-history"><small>The opposing Guzzlord had its energy drained!</small><br></div><div class="spacer battle-history"><br></div><div class="battle-history">The opposing Guzzlord used <strong>Dark Pulse</strong>!<br></div><div class="battle-history"><small>It's super effective!</small><br></div><div class="battle-history"><small>(Trevenant lost <abbr title="−218/351">62.1%</abbr> of its health!)</small><br></div><div class="spacer battle-history"><br></div><div class="battle-history"><small>The opposing Guzzlord's health is sapped by Leech Seed!</small><br></div><div class="battle-history"><small>[Trevenant's Harvest]</small><br><small>Trevenant harvested one Sitrus Berry!</small><br></div><div class="spacer battle-history"><br></div><div class="battle-history">The opposing Guzzlord fainted!<br></div><div class="battle-history"><small>Trevenant ate its Sitrus Berry!</small><br></div><div class="battle-history"><small>Trevenant restored HP using its Sitrus Berry!</small><br></div><div class="spacer battle-history"><br></div><div class="battle-history">DraconSer sent out <strong>Kommo-o</strong>!<br></div><div class="spacer battle-history"><br></div><h2 class="battle-history">Turn 17</h2><div class="spacer battle-history"><br></div><div class="battle-history">Trevenant used <strong>Will-O-Wisp</strong>!<br></div><div class="battle-history"><small>The opposing Kommo-o avoided the attack!</small><br></div><div class="spacer battle-history"><br></div><div class="battle-history">The opposing Kommo-o used <strong>Dragon Dance</strong>!<br></div><div class="battle-history"><small>The opposing Kommo-o's Attack rose!</small><br></div><div class="battle-history"><small>The opposing Kommo-o's Speed rose!</small><br></div><div class="spacer battle-history"><br></div><h2 class="battle-history">Turn 18</h2><div class="spacer battle-history"><br></div><div class="battle-history">Trevenant used <strong>Will-O-Wisp</strong>!<br></div><div class="battle-history"><small>The opposing Kommo-o avoided the attack!</small><br></div><div class="spacer battle-history"><br></div><div class="battle-history">The opposing Kommo-o used <strong>Dragon Dance</strong>!<br></div><div class="battle-history"><small>The opposing Kommo-o's Attack rose!</small><br></div><div class="battle-history"><small>The opposing Kommo-o's Speed rose!</small><br></div><div class="spacer battle-history"><br></div><div class="battle-history"><small>The twisted dimensions returned to normal!</small><br></div><div class="spacer battle-history"><br></div><h2 class="battle-history">Turn 19</h2><div class="spacer battle-history"><br></div><div class="battle-history">The opposing Kommo-o used <strong>Poison Jab</strong>!<br></div><div class="battle-history"><small>A critical hit!</small><br></div><div class="battle-history"><small>(Trevenant lost <abbr title="−192/351">54.7%</abbr> of its health!)</small><br></div><div class="battle-history"><small>The opposing Kommo-o lost some of its HP!</small><br></div><div class="spacer battle-history"><br></div><div class="battle-history">Trevenant fainted!<br></div><div class="spacer battle-history"><br></div><div class="battle-history">Go! Banette (<strong>Banette-Mega</strong>)!<br></div><div class="battle-history"><small>Pointed stones dug into Banette!</small><br></div><div class="spacer battle-history"><br></div><h2 class="battle-history">Turn 20</h2><div class="spacer battle-history"><br></div><div class="battle-history">Banette used <strong>Destiny Bond</strong>!<br></div><div class="battle-history">Banette is hoping to take its attacker down with it!<br></div><div class="spacer battle-history"><br></div><div class="battle-history">The opposing Kommo-o used <strong>Dragon Claw</strong>!<br></div><div class="battle-history"><small>(Banette lost <abbr title="−53/303">17.5%</abbr> of its health!)</small><br></div><div class="battle-history"><small>The opposing Kommo-o lost some of its HP!</small><br></div><div class="spacer battle-history"><br></div><div class="battle-history">Banette fainted!<br></div><div class="battle-history"><small>Banette took its attacker down with it!</small><br></div><div class="spacer battle-history"><br></div><div class="battle-history">The opposing Kommo-o fainted!<br></div><div class="chat chatmessage-draconser"><strong style="color:hsl(100,46%,42%)"><small>☆</small><span class="username" data-name="DraconSer">DraconSer</span>:</strong> <em>esa me gusto</em></div><div class="chat chatmessage-draconser"><strong style="color:hsl(100,46%,42%)"><small>☆</small><span class="username" data-name="DraconSer">DraconSer</span>:</strong> <em>:V</em></div><div class="chat chatmessage-draconser"><strong style="color:hsl(100,46%,42%)"><small>☆</small><span class="username" data-name="DraconSer">DraconSer</span>:</strong> <em>aunque deveria de estar gritando de lo que acaba de pasar xd</em></div><div class="spacer battle-history"><br></div><div class="battle-history">DraconSer sent out Kyurem (<strong>Kyurem-Black</strong>)!<br></div><div class="spacer battle-history"><br></div><div class="battle-history">Go! <strong>Golurk</strong>!<br></div><div class="battle-history"><small>[The opposing Kyurem's Teravolt]</small><br><small>The opposing Kyurem is radiating a bursting aura!</small><br></div><div class="battle-history"><small>Pointed stones dug into Golurk!</small><br></div><div class="spacer battle-history"><br></div><h2 class="battle-history">Turn 21</h2><div class="chat chatmessage-xxxjossxxx"><strong style="color:hsl(261,49%,56.27801656020747%)"><small>☆</small><span class="username" data-name="xxxjossxxx">xxxjossxxx</span>:</strong> <em>XD</em></div><div class="spacer battle-history"><br></div><div class="battle-history">The opposing Kyurem used <strong>Iron Head</strong>!<br></div><div class="battle-history"><small>(Golurk lost <abbr title="−137/345">39.7%</abbr> of its health!)</small><br></div><div class="spacer battle-history"><br></div><div class="battle-history">Golurk flinched and couldn't move!<br></div><div class="spacer battle-history"><br></div><div class="battle-history"><small>Golurk restored a little HP using its Leftovers!</small><br></div><div class="spacer battle-history"><br></div><h2 class="battle-history">Turn 22</h2><div class="spacer battle-history"><br></div><div class="battle-history">The opposing Kyurem used <strong>Iron Head</strong>!<br></div><div class="battle-history"><small>(Golurk lost <abbr title="−144/345">41.7%</abbr> of its health!)</small><br></div><div class="spacer battle-history"><br></div><div class="battle-history">Golurk used <strong>Stealth Rock</strong>!<br></div><div class="battle-history"><small>Pointed stones float in the air around the opposing team!</small><br></div><div class="spacer battle-history"><br></div><div class="battle-history"><small>Golurk restored a little HP using its Leftovers!</small><br></div><div class="spacer battle-history"><br></div><h2 class="battle-history">Turn 23</h2><div class="spacer battle-history"><br></div><div class="battle-history">The opposing Kyurem used <strong>Iron Head</strong>!<br></div><div class="battle-history"><small>(Golurk lost <abbr title="−85/345">24.6%</abbr> of its health!)</small><br></div><div class="spacer battle-history"><br></div><div class="battle-history">Golurk fainted!<br></div><div class="spacer battle-history"><br></div><div class="battle-history">Go! Marowak (<strong>Marowak-Alola</strong>)!<br></div><div class="battle-history"><small>Pointed stones dug into Marowak!</small><br></div><div class="spacer battle-history"><br></div><h2 class="battle-history">Turn 24</h2><div class="spacer battle-history"><br></div><div class="battle-history">The opposing Kyurem used <strong>Fusion Bolt</strong>!<br></div><div class="battle-history"><small>(Marowak lost <abbr title="−132/311">42.4%</abbr> of its health!)</small><br></div><div class="spacer battle-history"><br></div><div class="battle-history">Marowak used <strong>Flare Blitz</strong>!<br></div><div class="battle-history"><small>(The opposing Kyurem lost <abbr title="−333/454">73.3%</abbr> of its health!)</small><br></div><div class="spacer battle-history"><br></div><h2 class="battle-history">Turn 25</h2><div class="spacer battle-history"><br></div><div class="battle-history">The opposing Kyurem used <strong>Fusion Bolt</strong>!<br></div><div class="battle-history"><small>(Marowak lost <abbr title="−102/311">32.8%</abbr> of its health!)</small><br></div><div class="spacer battle-history"><br></div><div class="battle-history">Marowak fainted!<br></div><div class="chat chatmessage-xxxjossxxx"><strong style="color:hsl(261,49%,56.27801656020747%)"><small>☆</small><span class="username" data-name="xxxjossxxx">xxxjossxxx</span>:</strong> <em>gg</em></div><div class="spacer battle-history"><br></div><div class="battle-history">Go! <strong>Gengar</strong>!<br></div><div class="battle-history"><small>Pointed stones dug into Gengar!</small><br></div><div class="spacer battle-history"><br></div><h2 class="battle-history">Turn 26</h2><div class="spacer battle-history"><br></div><div class="battle-history">Gengar used <strong>Shadow Ball</strong>!<br></div><div class="battle-history"><small>(The opposing Kyurem lost <abbr title="−117/454">25.8%</abbr> of its health!)</small><br></div><div class="battle-history"><small>The opposing Kyurem's Special Defense fell!</small><br></div><div class="spacer battle-history"><br></div><div class="battle-history">The opposing Kyurem used <strong>Zen Headbutt</strong>!<br></div><div class="battle-history"><small>It's super effective!</small><br></div><div class="battle-history"><small>(Gengar lost <abbr title="−229/261">87.7%</abbr> of its health!)</small><br></div><div class="battle-history"><small>[Gengar's Cursed Body]</small><br><small>The opposing Kyurem's Zen Headbutt was disabled!</small><br></div><div class="spacer battle-history"><br></div><div class="battle-history">Gengar fainted!<br></div><div class="spacer battle-history"><br></div><div class="battle-history"><strong>DraconSer</strong> won the battle!<br></div><div class="chat chatmessage-draconser"><strong style="color:hsl(100,46%,42%)"><small>☆</small><span class="username" data-name="DraconSer">DraconSer</span>:</strong> <em>uyyy</em></div><div class="chat chatmessage-draconser"><strong style="color:hsl(100,46%,42%)"><small>☆</small><span class="username" data-name="DraconSer">DraconSer</span>:</strong> <em>casi xd</em></div><div class="chat chatmessage-xxxjossxxx"><strong style="color:hsl(261,49%,56.27801656020747%)"><small>☆</small><span class="username" data-name="xxxjossxxx">xxxjossxxx</span>:</strong> <em>XD ese final no lo vi</em></div><div class="chat chatmessage-draconser"><strong style="color:hsl(100,46%,42%)"><small>☆</small><span class="username" data-name="DraconSer">DraconSer</span>:</strong> <em>y te acabo de quitar el titulo por cierto :V</em></div><div class="chat chatmessage-xxxjossxxx"><strong style="color:hsl(261,49%,56.27801656020747%)"><small>☆</small><span class="username" data-name="xxxjossxxx">xxxjossxxx</span>:</strong> <em>esa cosa es muy bullky XD</em></div><div class="chat chatmessage-draconser"><strong style="color:hsl(100,46%,42%)"><small>☆</small><span class="username" data-name="DraconSer">DraconSer</span>:</strong> <em>no es cierto xd</em></div><div class="chat chatmessage-draconser"><strong style="color:hsl(100,46%,42%)"><small>☆</small><span class="username" data-name="DraconSer">DraconSer</span>:</strong> <em>bullky?</em></div><div class="chat chatmessage-xxxjossxxx"><strong style="color:hsl(261,49%,56.27801656020747%)"><small>☆</small><span class="username" data-name="xxxjossxxx">xxxjossxxx</span>:</strong> <em>osea bastante resistente</em></div><div class="chat chatmessage-draconser"><strong style="color:hsl(100,46%,42%)"><small>☆</small><span class="username" data-name="DraconSer">DraconSer</span>:</strong> <em>a</em></div><div class="chat chatmessage-draconser"><strong style="color:hsl(100,46%,42%)"><small>☆</small><span class="username" data-name="DraconSer">DraconSer</span>:</strong> <em>pos pense que iva a tener que utilizar a mega charizard</em></div><div class="chat chatmessage-draconser"><strong style="color:hsl(100,46%,42%)"><small>☆</small><span class="username" data-name="DraconSer">DraconSer</span>:</strong> <em>pero mut buena batalla</em></div><div class="chat chatmessage-xxxjossxxx"><strong style="color:hsl(261,49%,56.27801656020747%)"><small>☆</small><span class="username" data-name="xxxjossxxx">xxxjossxxx</span>:</strong> <em>y felisidades eres al primero de todos en la infernus league que me gana desde que los conosco</em></div><div class="chat chatmessage-draconser"><strong style="color:hsl(100,46%,42%)"><small>☆</small><span class="username" data-name="DraconSer">DraconSer</span>:</strong> <em>a que no te esperaste el ataque de tipo spiquico? xD</em></div><div class="chat chatmessage-draconser"><strong style="color:hsl(100,46%,42%)"><small>☆</small><span class="username" data-name="DraconSer">DraconSer</span>:</strong> <em>a pos eso si que es gratificante xd</em></div><div class="chat chatmessage-xxxjossxxx"><strong style="color:hsl(261,49%,56.27801656020747%)"><small>☆</small><span class="username" data-name="xxxjossxxx">xxxjossxxx</span>:</strong> <em>de hecho al ver el cabeza de hierro me esperaba lo que sea XD</em></div><div class="chat chatmessage-draconser"><strong style="color:hsl(100,46%,42%)"><small>☆</small><span class="username" data-name="DraconSer">DraconSer</span>:</strong> <em>:V</em></div><div class="chat chatmessage-xxxjossxxx"><strong style="color:hsl(261,49%,56.27801656020747%)"><small>☆</small><span class="username" data-name="xxxjossxxx">xxxjossxxx</span>:</strong> <em>esto me pasa por no usar onda toxica XD</em></div><div class="chat chatmessage-draconser"><strong style="color:hsl(100,46%,42%)"><small>☆</small><span class="username" data-name="DraconSer">DraconSer</span>:</strong> <em>pro bueno alparecer enmedio de el combate te caiste y alparecer no quiero que esta evidencia se borre xd</em></div></div><div class="inner-preempt"></div></div></div>
</div>
<script>
let daily = Math.floor(Date.now()/1000/60/60/24);document.write('<script src="https://play.pokemonshowdown.com/js/replay-embed.js?version'+daily+'"></'+'script>');
</script>
