<!DOCTYPE html>
<meta charset="utf-8" />
<!-- version 1 -->
<title>OU replay: Coffe Style vs. ObitoUchiha37</title>
<style>
html,body {font-family:Verdana, sans-serif;font-size:10pt;margin:0;padding:0;}body{padding:12px 0;} .battle-log {font-family:Verdana, sans-serif;font-size:10pt;} .battle-log-inline {border:1px solid #AAAAAA;background:#EEF2F5;color:black;max-width:640px;margin:0 auto 80px;padding-bottom:5px;} .battle-log .inner {padding:4px 8px 0px 8px;} .battle-log .inner-preempt {padding:0 8px 4px 8px;} .battle-log .inner-after {margin-top:0.5em;} .battle-log h2 {margin:0.5em -8px;padding:4px 8px;border:1px solid #AAAAAA;background:#E0E7EA;border-left:0;border-right:0;font-family:Verdana, sans-serif;font-size:13pt;} .battle-log .chat {vertical-align:middle;padding:3px 0 3px 0;font-size:8pt;} .battle-log .chat strong {color:#40576A;} .battle-log .chat em {padding:1px 4px 1px 3px;color:#000000;font-style:normal;} .chat.mine {background:rgba(0,0,0,0.05);margin-left:-8px;margin-right:-8px;padding-left:8px;padding-right:8px;} .spoiler {color:#BBBBBB;background:#BBBBBB;padding:0px 3px;} .spoiler:hover, .spoiler:active, .spoiler-shown {color:#000000;background:#E2E2E2;padding:0px 3px;} .spoiler a {color:#BBBBBB;} .spoiler:hover a, .spoiler:active a, .spoiler-shown a {color:#2288CC;} .chat code, .chat .spoiler:hover code, .chat .spoiler:active code, .chat .spoiler-shown code {border:1px solid #C0C0C0;background:#EEEEEE;color:black;padding:0 2px;} .chat .spoiler code {border:1px solid #CCCCCC;background:#CCCCCC;color:#CCCCCC;} .battle-log .rated {padding:3px 4px;} .battle-log .rated strong {color:white;background:#89A;padding:1px 4px;border-radius:4px;} .spacer {margin-top:0.5em;} .message-announce {background:#6688AA;color:white;padding:1px 4px 2px;} .message-announce a, .broadcast-green a, .broadcast-blue a, .broadcast-red a {color:#DDEEFF;} .broadcast-green {background-color:#559955;color:white;padding:2px 4px;} .broadcast-blue {background-color:#6688AA;color:white;padding:2px 4px;} .infobox {border:1px solid #6688AA;padding:2px 4px;} .infobox-limited {max-height:200px;overflow:auto;overflow-x:hidden;} .broadcast-red {background-color:#AA5544;color:white;padding:2px 4px;} .message-learn-canlearn {font-weight:bold;color:#228822;text-decoration:underline;} .message-learn-cannotlearn {font-weight:bold;color:#CC2222;text-decoration:underline;} .message-effect-weak {font-weight:bold;color:#CC2222;} .message-effect-resist {font-weight:bold;color:#6688AA;} .message-effect-immune {font-weight:bold;color:#666666;} .message-learn-list {margin-top:0;margin-bottom:0;} .message-throttle-notice, .message-error {color:#992222;} .message-overflow, .chat small.message-overflow {font-size:0pt;} .message-overflow::before {font-size:9pt;content:'...';} .subtle {color:#3A4A66;}
</style>
<div class="wrapper replay-wrapper" style="max-width:1180px;margin:0 auto">
<input type="hidden" name="replayid" value="destiny-ou-435147" />
<div class="battle"></div><div class="battle-log"></div><div class="replay-controls"></div><div class="replay-controls-2"></div>
<h1 style="font-weight:normal;text-align:center"><strong>OU</strong><br /><a href="http://pokemonshowdown.com/users/coffestyle" class="subtle" target="_blank">Coffe Style</a> vs. <a href="http://pokemonshowdown.com/users/obitouchiha37" class="subtle" target="_blank">ObitoUchiha37</a></h1>
<script type="text/plain" class="battle-log-data">|player|p1|Coffe Style|1103
|teamsize|p1|6
|player|p2|ObitoUchiha37|2011
|teamsize|p2|6
|teamsize|p1|6
|teamsize|p2|6
|gametype|singles
|gen|7
|tier|OU
|rated
|seed|54585,30789,54923,56970
|rule|Cláusula-Mod de Dormir: solo puedes dormir a uno de tus oponentes a la vez.
|rule|Cláusula de Especie: Hasta un Pokémon de cada especie
|rule|Cláusula de Golpe Fulminante: los movimientos fulminantes (OHKO) estan prohibidos
|rule|Cláusula de Veleta: la habilidad Veleta está prohibida
|rule|Cláusula de Movimientos Evasivos: los movimientos de Evasión están prohibidos.
|rule|Cláusula de Batallas Eternas: forzar batallas eternas está prohibido
|clearpoke
|poke|p1|Volcarona, M|item
|poke|p1|Zygarde|item
|poke|p1|Chansey, F|item
|poke|p1|Sableye, M|item
|poke|p1|Breloom, M|item
|poke|p1|Zapdos|item
|poke|p2|Lopunny, F, shiny|item
|poke|p2|Tangrowth, M|item
|poke|p2|Tapu Fini|item
|poke|p2|Jirachi|item
|poke|p2|Dragonite, M|item
|poke|p2|Nihilego|item
|teampreview|undefined
|choice|*team 213456|*
|choice|*|*team 623451
|choice|team 2, 1, 3, 4, 5, 6|team 6, 2, 3, 4, 5, 1
|
|start
|switch|p1a: Zygarde|Zygarde|357\/357
|switch|p2a: Nihilego|Nihilego|359\/359
|-ability|p1a: Zygarde|Aura Break
|turn|1
|choice|*move 2|*
|choice|*|*switch 2
|choice|move thousandarrows|switch 2
|
|switch|p2a: Tangrowth|Tangrowth, M|403\/403
|move|p1a: Zygarde|Thousand Arrows|p2a: Tangrowth
|-resisted|p2a: Tangrowth
|-damage|p2a: Tangrowth|331\/403
|
|upkeep
|turn|2
|choice|*|*move 2
|choice|*switch 4|*
|choice|switch 4|move knockoff
|
|switch|p1a: Sableye|Sableye, M|303\/303
|move|p2a: Tangrowth|Knock Off|p1a: Sableye
|-damage|p1a: Sableye|235\/303
|
|upkeep
|turn|3
|choice|*move 4 mega|*
|choice|*|*switch 3
|choice|move knockoff mega|switch 3
|
|switch|p2a: Tapu Fini|Tapu Fini|343\/343
|-fieldstart|move: Misty Terrain|[from] ability: Misty Surge|[of] p2a: Tapu Fini
|-mega|p1a: Sableye|Sableye|Sablenite
|detailschange|p1a: Sableye|Sableye-Mega, M
|move|p1a: Sableye|Knock Off|p2a: Tapu Fini
|-resisted|p2a: Tapu Fini
|-damage|p2a: Tapu Fini|299\/343
|-enditem|p2a: Tapu Fini|Iapapa Berry|[from] move: Knock Off|[of] p1a: Sableye
|
|upkeep
|turn|4
|choice|*|*move 3
|choice|*move 3|*
|choice|move protect|move naturesmadness
|
|move|p1a: Sableye|Protect|p1a: Sableye
|-singleturn|p1a: Sableye|Protect
|move|p2a: Tapu Fini|Nature's Madness|p1a: Sableye
|-activate|p1a: Sableye|move: Protect
|
|upkeep
|turn|5
|choice|*|*move 4
|choice|*switch 3|*
|choice|switch 3|move moonblast
|
|switch|p1a: Chansey|Chansey, F|704\/704
|move|p2a: Tapu Fini|Moonblast|p1a: Chansey
|-damage|p1a: Chansey|617\/704
|-unboost|p1a: Chansey|spa|1
|
|upkeep
|turn|6
|choice|*move 2|*
|choice|*|*switch 6
|choice|move stealthrock|switch 6
|
|switch|p2a: Lopunny|Lopunny, F, shiny|271\/271
|move|p1a: Chansey|Stealth Rock|p2a: Lopunny
|-sidestart|p2: ObitoUchiha37|move: Stealth Rock
|
|upkeep
|turn|7
|choice|*switch 6|*
|choice|*|*move 4 mega
|choice|switch 6|move poweruppunch mega
|
|switch|p1a: Zapdos|Zapdos|383\/383
|-mega|p2a: Lopunny|Lopunny|Lopunnite
|detailschange|p2a: Lopunny|Lopunny-Mega, F, shiny
|move|p2a: Lopunny|Power-Up Punch|p1a: Zapdos
|-resisted|p1a: Zapdos
|-damage|p1a: Zapdos|355\/383
|-boost|p2a: Lopunny|atk|1
|
|-heal|p1a: Zapdos|378\/383|[from] item: Leftovers
|-fieldend|Misty Terrain
|upkeep
|turn|8
|choice|*move 1|*
|choice|*|*move 3
|choice|move discharge|move return
|
|move|p2a: Lopunny|Return|p1a: Zapdos
|-damage|p1a: Zapdos|167\/383
|move|p1a: Zapdos|Discharge|p2a: Lopunny
|-damage|p2a: Lopunny|159\/271
|
|-heal|p1a: Zapdos|190\/383|[from] item: Leftovers
|upkeep
|turn|9
|choice|*|*move 3
|choice|*switch 5|*
|choice|switch 5|move return
|
|switch|p1a: Breloom|Breloom, M|261\/261
|move|p2a: Lopunny|Return|p1a: Breloom
|-enditem|p1a: Breloom|Focus Sash
|-damage|p1a: Breloom|1\/261
|
|upkeep
|turn|10
|choice|*move 3|*
|choice|*|*switch 3
|choice|move machpunch|switch 3
|
|switch|p2a: Tangrowth|Tangrowth, M|403\/403
|-damage|p2a: Tangrowth|353\/403|[from] Stealth Rock
|move|p1a: Breloom|Mach Punch|p2a: Tangrowth
|-damage|p2a: Tangrowth|289\/403
|
|upkeep
|turn|11
|choice|*|*move 1
|choice|*switch 3|*
|choice|switch 3|move gigadrain
|
|switch|p1a: Sableye|Sableye-Mega, M|235\/303
|move|p2a: Tangrowth|Giga Drain|p1a: Sableye
|-damage|p1a: Sableye|175\/303
|-heal|p2a: Tangrowth|319\/403|[from] drain|[of] p1a: Sableye
|
|upkeep
|turn|12
|choice|*move 2|*
|choice|*|*switch 6
|choice|move recover|switch 6
|
|switch|p2a: Tapu Fini|Tapu Fini|299\/343
|-damage|p2a: Tapu Fini|257\/343|[from] Stealth Rock
|-fieldstart|move: Misty Terrain|[from] ability: Misty Surge|[of] p2a: Tapu Fini
|move|p1a: Sableye|Recover|p1a: Sableye
|-heal|p1a: Sableye|303\/303
|
|upkeep
|turn|13
|choice|*switch 3|*
|choice|*|*move 4
|choice|switch 3|move moonblast
|
|switch|p1a: Breloom|Breloom, M|1\/261
|move|p2a: Tapu Fini|Moonblast|p1a: Breloom
|-supereffective|p1a: Breloom
|-damage|p1a: Breloom|0 fnt
|faint|p1a: Breloom
|
|upkeep
|choice|*switch 6|*
|choice|switch 6|
|
|switch|p1a: Chansey|Chansey, F|617\/704
|turn|14
|choice|*move 1|*
|choice|*|*move 3
|choice|move seismictoss|move naturesmadness
|
|move|p2a: Tapu Fini|Nature's Madness|p1a: Chansey
|-damage|p1a: Chansey|309\/704
|move|p1a: Chansey|Seismic Toss|p2a: Tapu Fini
|-damage|p2a: Tapu Fini|157\/343
|
|upkeep
|turn|15
|choice|*|*move 1
|choice|*move 1|*
|choice|move seismictoss|move defog
|
|move|p2a: Tapu Fini|Defog|p1a: Chansey
|-unboost|p1a: Chansey|evasion|1
|-sideend|p2: ObitoUchiha37|Stealth Rock|[from] move: Defog|[of] p2a: Tapu Fini
|move|p1a: Chansey|Seismic Toss|p2a: Tapu Fini
|-damage|p2a: Tapu Fini|57\/343
|
|upkeep
|turn|16
|choice|*move 3|*
|choice|*|*switch 3
|choice|move softboiled|switch 3
|
|switch|p2a: Lopunny|Lopunny-Mega, F, shiny|159\/271
|move|p1a: Chansey|Soft-Boiled|p1a: Chansey
|-heal|p1a: Chansey|661\/704
|
|-fieldend|Misty Terrain
|upkeep
|turn|17
|choice|*switch 5|*
|choice|*|*move 2
|choice|switch 5|move highjumpkick
|
|switch|p1a: Zapdos|Zapdos|190\/383
|move|p2a: Lopunny|High Jump Kick|p1a: Zapdos
|-resisted|p1a: Zapdos
|-damage|p1a: Zapdos|96\/383
|
|-heal|p1a: Zapdos|119\/383|[from] item: Leftovers
|upkeep
|turn|18
|choice|*|*move 3
|choice|*move 1|*
|choice|move discharge|move return
|
|move|p2a: Lopunny|Return|p1a: Zapdos
|-damage|p1a: Zapdos|0 fnt
|faint|p1a: Zapdos
|
|upkeep
|choice|*switch 3|*
|choice|switch 3|
|
|switch|p1a: Sableye|Sableye-Mega, M|303\/303
|turn|19
|choice|*move 3|*
|choice|*|*switch 3
|choice|move protect|switch 3
|
|switch|p2a: Tapu Fini|Tapu Fini|57\/343
|-fieldstart|move: Misty Terrain|[from] ability: Misty Surge|[of] p2a: Tapu Fini
|move|p1a: Sableye|Protect|p1a: Sableye
|-fail|p1a: Sableye
|
|upkeep
|turn|20
|choice|*|*move 4
|choice|*switch 5|*
|choice|switch 5|move moonblast
|
|switch|p1a: Chansey|Chansey, F|661\/704
|move|p2a: Tapu Fini|Moonblast|p1a: Chansey
|-damage|p1a: Chansey|573\/704
|
|upkeep
|turn|21
|choice|*move 1|*
|choice|*move 2|*
|choice|*|*switch 3
|choice|move stealthrock|switch 3
|
|switch|p2a: Lopunny|Lopunny-Mega, F, shiny|159\/271
|move|p1a: Chansey|Stealth Rock|p2a: Lopunny
|-sidestart|p2: ObitoUchiha37|move: Stealth Rock
|
|upkeep
|turn|22
|choice|*move 1|*
|choice|*|*move 4
|choice|move seismictoss|move poweruppunch
|
|move|p2a: Lopunny|Power-Up Punch|p1a: Chansey
|-supereffective|p1a: Chansey
|-damage|p1a: Chansey|385\/704
|-boost|p2a: Lopunny|atk|1
|move|p1a: Chansey|Seismic Toss|p2a: Lopunny
|-damage|p2a: Lopunny|59\/271
|
|upkeep
|turn|23
|choice|*move 1|*
|choice|*|*move 3
|choice|move seismictoss|move return
|
|move|p2a: Lopunny|Return|p1a: Chansey
|-damage|p1a: Chansey|27\/704
|move|p1a: Chansey|Seismic Toss|p2a: Lopunny
|-damage|p2a: Lopunny|0 fnt
|faint|p2a: Lopunny
|
|-fieldend|Misty Terrain
|upkeep
|choice|*|*switch 4
|choice||switch 4
|
|switch|p2a: Jirachi|Jirachi|341\/341
|-damage|p2a: Jirachi|320\/341|[from] Stealth Rock
|turn|24
|choice|*|*move 4
|inactive|Reloj de batalla ENCENDIDO. El jugador inactivo será descalificado (solicitado por ObitoUchiha37).
|choice|*switch 5|*
|choice|switch 5|move uturn
|
|switch|p1a: Sableye|Sableye-Mega, M|303\/303
|move|p2a: Jirachi|U-turn|p1a: Sableye
|-damage|p1a: Sableye|245\/303
|inactive|ObitoUchiha37 tiene 135 segundos restantes.
|choice|*|*switch 3
|choice||switch 3
|
|switch|p2a: Tapu Fini|Tapu Fini|57\/343|[from]move: U-turn
|-damage|p2a: Tapu Fini|15\/343|[from] Stealth Rock
|-fieldstart|move: Misty Terrain|[from] ability: Misty Surge|[of] p2a: Tapu Fini
|
|upkeep
|turn|25
|choice|*|*move 1
|choice|*move 4|*
|choice|move knockoff|move defog
|
|move|p2a: Tapu Fini|Defog|p1a: Sableye
|move|p1a: Sableye|Defog|p2a: Tapu Fini|[from]Magic Bounce
|-unboost|p2a: Tapu Fini|evasion|1
|-sideend|p2: ObitoUchiha37|Stealth Rock|[from] move: Defog|[of] p2a: Tapu Fini
|move|p1a: Sableye|Knock Off|p2a: Tapu Fini
|-resisted|p2a: Tapu Fini
|-damage|p2a: Tapu Fini|0 fnt
|faint|p2a: Tapu Fini
|
|upkeep
|choice|*|*switch 2
|choice||switch 2
|
|switch|p2a: Nihilego|Nihilego|359\/359
|turn|26
|choice|*move 3|*
|choice|*|*move 3
|choice|move protect|move powergem
|
|move|p1a: Sableye|Protect|p1a: Sableye
|-singleturn|p1a: Sableye|Protect
|move|p2a: Nihilego|Power Gem|p1a: Sableye
|-activate|p1a: Sableye|move: Protect
|
|upkeep
|turn|27
|choice|*|*move 3
|choice|*switch 4|*
|choice|switch 4|move powergem
|
|switch|p1a: Zygarde|Zygarde|357\/357
|-ability|p1a: Zygarde|Aura Break
|move|p2a: Nihilego|Power Gem|p1a: Zygarde
|-resisted|p1a: Zygarde
|-damage|p1a: Zygarde|240\/357
|
|upkeep
|turn|28
|choice|*switch 2|*
|choice|*|*move 3
|choice|switch 2|move powergem
|
|switch|p1a: Volcarona|Volcarona, M|311\/311
|move|p2a: Nihilego|Power Gem|p1a: Volcarona
|-supereffective|p1a: Volcarona
|-damage|p1a: Volcarona|0 fnt
|faint|p1a: Volcarona
|-ability|p2a: Nihilego|Beast Boost|boost
|-boost|p2a: Nihilego|spa|1
|
|-fieldend|Misty Terrain
|upkeep
|choice|*switch 2|*
|choice|switch 2|
|
|switch|p1a: Zygarde|Zygarde|240\/357
|-ability|p1a: Zygarde|Aura Break
|turn|29
|choice|*move 2|*
|choice|*|*move 3
|choice|move thousandarrows|move powergem
|
|move|p2a: Nihilego|Power Gem|p1a: Zygarde
|-resisted|p1a: Zygarde
|-damage|p1a: Zygarde|76\/357
|move|p1a: Zygarde|Thousand Arrows|p2a: Nihilego
|-supereffective|p2a: Nihilego
|-damage|p2a: Nihilego|0 fnt
|faint|p2a: Nihilego
|
|upkeep
|choice|*|*switch 3
|choice||switch 3
|
|switch|p2a: Jirachi|Jirachi|320\/341
|turn|30
|choice|*switch 5|*
|choice|*|*move 1
|choice|switch 5|move ironhead
|
|switch|p1a: Chansey|Chansey, F|27\/704
|move|p2a: Jirachi|Iron Head|p1a: Chansey
|-damage|p1a: Chansey|0 fnt
|faint|p1a: Chansey
|
|upkeep
|choice|*switch 4|*
|choice|switch 4|
|
|switch|p1a: Sableye|Sableye-Mega, M|245\/303
|turn|31
|choice|*move 1|*
|choice|*|*move 1
|choice|move willowisp|move ironhead
|
|move|p2a: Jirachi|Iron Head|p1a: Sableye
|-damage|p1a: Sableye|155\/303
|cant|p1a: Sableye|flinch
|
|upkeep
|turn|32
|choice|*|*move 1
|choice|*move 3|*
|choice|move protect|move ironhead
|
|move|p1a: Sableye|Protect|p1a: Sableye
|-singleturn|p1a: Sableye|Protect
|move|p2a: Jirachi|Iron Head|p1a: Sableye
|-activate|p1a: Sableye|move: Protect
|
|upkeep
|turn|33
|choice|*|*move 1
|choice|*move 1|*
|choice|move willowisp|move ironhead
|
|move|p2a: Jirachi|Iron Head|p1a: Sableye
|-damage|p1a: Sableye|50\/303
|move|p1a: Sableye|Will-O-Wisp|p2a: Jirachi
|-status|p2a: Jirachi|brn
|
|-damage|p2a: Jirachi|299\/341 brn|[from] brn
|upkeep
|turn|34
|choice|*|*move 1
|choice|*move 3|*
|choice|move protect|move ironhead
|
|move|p1a: Sableye|Protect|p1a: Sableye
|-singleturn|p1a: Sableye|Protect
|move|p2a: Jirachi|Iron Head|p1a: Sableye
|-activate|p1a: Sableye|move: Protect
|
|-damage|p2a: Jirachi|278\/341 brn|[from] brn
|upkeep
|turn|35
|choice|*move 2|*
|choice|*|*move 1
|choice|move recover|move ironhead
|
|move|p2a: Jirachi|Iron Head|p1a: Sableye
|-damage|p1a: Sableye|5\/303
|cant|p1a: Sableye|flinch
|
|-damage|p2a: Jirachi|257\/341 brn|[from] brn
|upkeep
|turn|36
|choice|*move 3|*
|choice|*|*move 1
|choice|move protect|move ironhead
|
|move|p1a: Sableye|Protect|p1a: Sableye
|-singleturn|p1a: Sableye|Protect
|move|p2a: Jirachi|Iron Head|p1a: Sableye
|-activate|p1a: Sableye|move: Protect
|
|-damage|p2a: Jirachi|236\/341 brn|[from] brn
|upkeep
|turn|37
|choice|*move 2|*
|choice|*|*move 1
|choice|move recover|move ironhead
|
|move|p2a: Jirachi|Iron Head|p1a: Sableye
|-damage|p1a: Sableye|0 fnt
|faint|p1a: Sableye
|
|-damage|p2a: Jirachi|215\/341 brn|[from] brn
|upkeep
|-message|Coffe Style se rindió.
|
|win|ObitoUchiha37
ObitoUchiha37 ha ganado 6.75 PokeDolares.
|raw|Puntaje de Coffe Style: 1293 &rarr; <strong>1256<\/strong><br \/>(-37 por perder)
|raw|Puntaje de ObitoUchiha37: 1113 &rarr; <strong>1163<\/strong><br \/>(+50 por ganar)
</script>
</div>
<div class="battle-log battle-log-inline"><div class="inner"><div class="battle-options"></div><div class="inner"><div class=""><small>Format:</small> <br><strong>OU</strong></div><div class="rated"><strong>Rated battle</strong></div><div class=""><small><em>Cláusula-Mod de Dormir:</em> solo puedes dormir a uno de tus oponentes a la vez.</small></div><div class=""><small><em>Cláusula de Especie:</em> Hasta un Pokémon de cada especie</small></div><div class=""><small><em>Cláusula de Golpe Fulminante:</em> los movimientos fulminantes (OHKO) estan prohibidos</small></div><div class=""><small><em>Cláusula de Veleta:</em> la habilidad Veleta está prohibida</small></div><div class=""><small><em>Cláusula de Movimientos Evasivos:</em> los movimientos de Evasión están prohibidos.</small></div><div class=""><small><em>Cláusula de Batallas Eternas:</em> forzar batallas eternas está prohibido</small></div><div class="chat battle-history"><strong>Coffe Style's team:</strong> <em style="color:#445566;display:block;">Volcarona / Zygarde / Chansey / Sableye / Breloom / Zapdos</em></div><div class="chat battle-history"><strong>ObitoUchiha37's team:</strong> <em style="color:#445566;display:block;">Lopunny / Tangrowth / Tapu Fini / Jirachi / Dragonite / Nihilego</em></div><div class="spacer battle-history"><br></div><div class="battle-history">Battle started between Coffe Style and ObitoUchiha37!<br></div><div class="spacer battle-history"><br></div><div class="battle-history">Go! <strong>Zygarde</strong>!<br></div><div class="spacer battle-history"><br></div><div class="battle-history">ObitoUchiha37 sent out <strong>Nihilego</strong>!<br></div><div class="battle-history"><small>[Zygarde's Aura Break]</small><br><small>Zygarde reversed all other Pokémon's auras!</small><br></div><div class="spacer battle-history"><br></div><h2 class="battle-history">Turn 1</h2><div class="spacer battle-history"><br></div><div class="battle-history">ObitoUchiha37 withdrew Nihilego!<br></div><div class="battle-history">ObitoUchiha37 sent out <strong>Tangrowth</strong>!<br></div><div class="spacer battle-history"><br></div><div class="battle-history">Zygarde used <strong>Thousand Arrows</strong>!<br></div><div class="battle-history"><small>It's not very effective...</small><br></div><div class="battle-history"><small>(The opposing Tangrowth lost <abbr title="−72/403">17.9%</abbr> of its health!)</small><br></div><div class="spacer battle-history"><br></div><h2 class="battle-history">Turn 2</h2><div class="spacer battle-history"><br></div><div class="battle-history">Zygarde, come back!<br></div><div class="battle-history">Go! <strong>Sableye</strong>!<br></div><div class="spacer battle-history"><br></div><div class="battle-history">The opposing Tangrowth used <strong>Knock Off</strong>!<br></div><div class="battle-history"><small>(Sableye lost <abbr title="−68/303">22.4%</abbr> of its health!)</small><br></div><div class="spacer battle-history"><br></div><h2 class="battle-history">Turn 3</h2><div class="spacer battle-history"><br></div><div class="battle-history">ObitoUchiha37 withdrew Tangrowth!<br></div><div class="battle-history">ObitoUchiha37 sent out <strong>Tapu Fini</strong>!<br></div><div class="battle-history"><small>[The opposing Tapu Fini's Misty Surge]</small><br><small>Mist swirls around the battlefield!</small><br></div><div class="spacer battle-history"><br></div><div class="battle-history"><small>Sableye's Sablenite is reacting to the Key Stone!</small><br>Sableye has Mega Evolved into Mega Sableye!<br></div><div class="spacer battle-history"><br></div><div class="battle-history">Sableye used <strong>Knock Off</strong>!<br></div><div class="battle-history"><small>It's not very effective...</small><br></div><div class="battle-history"><small>(The opposing Tapu Fini lost <abbr title="−44/343">12.8%</abbr> of its health!)</small><br></div><div class="battle-history"><small>Sableye knocked off the opposing Tapu Fini's Iapapa Berry!</small><br></div><div class="spacer battle-history"><br></div><h2 class="battle-history">Turn 4</h2><div class="spacer battle-history"><br></div><div class="battle-history">Sableye used <strong>Protect</strong>!<br></div><div class="battle-history"><small>Sableye protected itself!</small><br></div><div class="spacer battle-history"><br></div><div class="battle-history">The opposing Tapu Fini used <strong>Nature's Madness</strong>!<br></div><div class="battle-history"><small>Sableye protected itself!</small><br></div><div class="spacer battle-history"><br></div><h2 class="battle-history">Turn 5</h2><div class="spacer battle-history"><br></div><div class="battle-history">Sableye, come back!<br></div><div class="battle-history">Go! <strong>Chansey</strong>!<br></div><div class="spacer battle-history"><br></div><div class="battle-history">The opposing Tapu Fini used <strong>Moonblast</strong>!<br></div><div class="battle-history"><small>(Chansey lost <abbr title="−87/704">12.4%</abbr> of its health!)</small><br></div><div class="battle-history"><small>Chansey's Special Attack fell!</small><br></div><div class="spacer battle-history"><br></div><h2 class="battle-history">Turn 6</h2><div class="spacer battle-history"><br></div><div class="battle-history">ObitoUchiha37 withdrew Tapu Fini!<br></div><div class="battle-history">ObitoUchiha37 sent out <strong>Lopunny</strong>!<br></div><div class="spacer battle-history"><br></div><div class="battle-history">Chansey used <strong>Stealth Rock</strong>!<br></div><div class="battle-history"><small>Pointed stones float in the air around the opposing team!</small><br></div><div class="spacer battle-history"><br></div><h2 class="battle-history">Turn 7</h2><div class="spacer battle-history"><br></div><div class="battle-history">Chansey, come back!<br></div><div class="battle-history">Go! <strong>Zapdos</strong>!<br></div><div class="spacer battle-history"><br></div><div class="battle-history"><small>The opposing Lopunny's Lopunnite is reacting to the Key Stone!</small><br>The opposing Lopunny has Mega Evolved into Mega Lopunny!<br></div><div class="spacer battle-history"><br></div><div class="battle-history">The opposing Lopunny used <strong>Power-Up Punch</strong>!<br></div><div class="battle-history"><small>It's not very effective...</small><br></div><div class="battle-history"><small>(Zapdos lost <abbr title="−28/383">7.3%</abbr> of its health!)</small><br></div><div class="battle-history"><small>The opposing Lopunny's Attack rose!</small><br></div><div class="spacer battle-history"><br></div><div class="battle-history"><small>Zapdos restored a little HP using its Leftovers!</small><br></div><div class="battle-history"><small>The mist disappeared from the battlefield.</small><br></div><div class="spacer battle-history"><br></div><h2 class="battle-history">Turn 8</h2><div class="spacer battle-history"><br></div><div class="battle-history">The opposing Lopunny used <strong>Return</strong>!<br></div><div class="battle-history"><small>(Zapdos lost <abbr title="−211/383">55.1%</abbr> of its health!)</small><br></div><div class="spacer battle-history"><br></div><div class="battle-history">Zapdos used <strong>Discharge</strong>!<br></div><div class="battle-history"><small>(The opposing Lopunny lost <abbr title="−112/271">41.3%</abbr> of its health!)</small><br></div><div class="spacer battle-history"><br></div><div class="battle-history"><small>Zapdos restored a little HP using its Leftovers!</small><br></div><div class="spacer battle-history"><br></div><h2 class="battle-history">Turn 9</h2><div class="spacer battle-history"><br></div><div class="battle-history">Zapdos, come back!<br></div><div class="battle-history">Go! <strong>Breloom</strong>!<br></div><div class="spacer battle-history"><br></div><div class="battle-history">The opposing Lopunny used <strong>Return</strong>!<br></div><div class="battle-history"><small>Breloom hung on using its Focus Sash!</small><br></div><div class="battle-history"><small>(Breloom lost <abbr title="−260/261">99.6%</abbr> of its health!)</small><br></div><div class="spacer battle-history"><br></div><h2 class="battle-history">Turn 10</h2><div class="spacer battle-history"><br></div><div class="battle-history">ObitoUchiha37 withdrew Lopunny!<br></div><div class="battle-history">ObitoUchiha37 sent out <strong>Tangrowth</strong>!<br></div><div class="battle-history"><small>Pointed stones dug into the opposing Tangrowth!</small><br></div><div class="spacer battle-history"><br></div><div class="battle-history">Breloom used <strong>Mach Punch</strong>!<br></div><div class="battle-history"><small>(The opposing Tangrowth lost <abbr title="−64/403">15.9%</abbr> of its health!)</small><br></div><div class="spacer battle-history"><br></div><h2 class="battle-history">Turn 11</h2><div class="spacer battle-history"><br></div><div class="battle-history">Breloom, come back!<br></div><div class="battle-history">Go! Sableye (<strong>Sableye-Mega</strong>)!<br></div><div class="spacer battle-history"><br></div><div class="battle-history">The opposing Tangrowth used <strong>Giga Drain</strong>!<br></div><div class="battle-history"><small>(Sableye lost <abbr title="−60/303">19.8%</abbr> of its health!)</small><br></div><div class="battle-history"><small>Sableye had its energy drained!</small><br></div><div class="spacer battle-history"><br></div><h2 class="battle-history">Turn 12</h2><div class="spacer battle-history"><br></div><div class="battle-history">ObitoUchiha37 withdrew Tangrowth!<br></div><div class="battle-history">ObitoUchiha37 sent out <strong>Tapu Fini</strong>!<br></div><div class="battle-history"><small>Pointed stones dug into the opposing Tapu Fini!</small><br></div><div class="battle-history"><small>[The opposing Tapu Fini's Misty Surge]</small><br><small>Mist swirls around the battlefield!</small><br></div><div class="spacer battle-history"><br></div><div class="battle-history">Sableye used <strong>Recover</strong>!<br></div><div class="battle-history"><small>Sableye restored its HP.</small><br></div><div class="spacer battle-history"><br></div><h2 class="battle-history">Turn 13</h2><div class="spacer battle-history"><br></div><div class="battle-history">Sableye, come back!<br></div><div class="battle-history">Go! <strong>Breloom</strong>!<br></div><div class="spacer battle-history"><br></div><div class="battle-history">The opposing Tapu Fini used <strong>Moonblast</strong>!<br></div><div class="battle-history"><small>It's super effective!</small><br></div><div class="battle-history"><small>(Breloom lost <abbr title="−1/261">0.4%</abbr> of its health!)</small><br></div><div class="spacer battle-history"><br></div><div class="battle-history">Breloom fainted!<br></div><div class="spacer battle-history"><br></div><div class="battle-history">Go! <strong>Chansey</strong>!<br></div><div class="spacer battle-history"><br></div><h2 class="battle-history">Turn 14</h2><div class="spacer battle-history"><br></div><div class="battle-history">The opposing Tapu Fini used <strong>Nature's Madness</strong>!<br></div><div class="battle-history"><small>(Chansey lost <abbr title="−308/704">43.8%</abbr> of its health!)</small><br></div><div class="spacer battle-history"><br></div><div class="battle-history">Chansey used <strong>Seismic Toss</strong>!<br></div><div class="battle-history"><small>(The opposing Tapu Fini lost <abbr title="−100/343">29.2%</abbr> of its health!)</small><br></div><div class="spacer battle-history"><br></div><h2 class="battle-history">Turn 15</h2><div class="spacer battle-history"><br></div><div class="battle-history">The opposing Tapu Fini used <strong>Defog</strong>!<br></div><div class="battle-history"><small>Chansey's evasiveness fell!</small><br></div><div class="battle-history"><small>The pointed stones disappeared from around the opposing team!</small><br></div><div class="spacer battle-history"><br></div><div class="battle-history">Chansey used <strong>Seismic Toss</strong>!<br></div><div class="battle-history"><small>(The opposing Tapu Fini lost <abbr title="−100/343">29.2%</abbr> of its health!)</small><br></div><div class="spacer battle-history"><br></div><h2 class="battle-history">Turn 16</h2><div class="spacer battle-history"><br></div><div class="battle-history">ObitoUchiha37 withdrew Tapu Fini!<br></div><div class="battle-history">ObitoUchiha37 sent out Lopunny (<strong>Lopunny-Mega</strong>)!<br></div><div class="spacer battle-history"><br></div><div class="battle-history">Chansey used <strong>Soft-Boiled</strong>!<br></div><div class="battle-history"><small>Chansey restored its HP.</small><br></div><div class="spacer battle-history"><br></div><div class="battle-history"><small>The mist disappeared from the battlefield.</small><br></div><div class="spacer battle-history"><br></div><h2 class="battle-history">Turn 17</h2><div class="spacer battle-history"><br></div><div class="battle-history">Chansey, come back!<br></div><div class="battle-history">Go! <strong>Zapdos</strong>!<br></div><div class="spacer battle-history"><br></div><div class="battle-history">The opposing Lopunny used <strong>High Jump Kick</strong>!<br></div><div class="battle-history"><small>It's not very effective...</small><br></div><div class="battle-history"><small>(Zapdos lost <abbr title="−94/383">24.5%</abbr> of its health!)</small><br></div><div class="spacer battle-history"><br></div><div class="battle-history"><small>Zapdos restored a little HP using its Leftovers!</small><br></div><div class="spacer battle-history"><br></div><h2 class="battle-history">Turn 18</h2><div class="spacer battle-history"><br></div><div class="battle-history">The opposing Lopunny used <strong>Return</strong>!<br></div><div class="battle-history"><small>(Zapdos lost <abbr title="−119/383">31.1%</abbr> of its health!)</small><br></div><div class="spacer battle-history"><br></div><div class="battle-history">Zapdos fainted!<br></div><div class="spacer battle-history"><br></div><div class="battle-history">Go! Sableye (<strong>Sableye-Mega</strong>)!<br></div><div class="spacer battle-history"><br></div><h2 class="battle-history">Turn 19</h2><div class="spacer battle-history"><br></div><div class="battle-history">ObitoUchiha37 withdrew Lopunny!<br></div><div class="battle-history">ObitoUchiha37 sent out <strong>Tapu Fini</strong>!<br></div><div class="battle-history"><small>[The opposing Tapu Fini's Misty Surge]</small><br><small>Mist swirls around the battlefield!</small><br></div><div class="spacer battle-history"><br></div><div class="battle-history">Sableye used <strong>Protect</strong>!<br></div><div class="battle-history"><small>But it failed!</small><br></div><div class="spacer battle-history"><br></div><h2 class="battle-history">Turn 20</h2><div class="spacer battle-history"><br></div><div class="battle-history">Sableye, come back!<br></div><div class="battle-history">Go! <strong>Chansey</strong>!<br></div><div class="spacer battle-history"><br></div><div class="battle-history">The opposing Tapu Fini used <strong>Moonblast</strong>!<br></div><div class="battle-history"><small>(Chansey lost <abbr title="−88/704">12.5%</abbr> of its health!)</small><br></div><div class="spacer battle-history"><br></div><h2 class="battle-history">Turn 21</h2><div class="spacer battle-history"><br></div><div class="battle-history">ObitoUchiha37 withdrew Tapu Fini!<br></div><div class="battle-history">ObitoUchiha37 sent out Lopunny (<strong>Lopunny-Mega</strong>)!<br></div><div class="spacer battle-history"><br></div><div class="battle-history">Chansey used <strong>Stealth Rock</strong>!<br></div><div class="battle-history"><small>Pointed stones float in the air around the opposing team!</small><br></div><div class="spacer battle-history"><br></div><h2 class="battle-history">Turn 22</h2><div class="spacer battle-history"><br></div><div class="battle-history">The opposing Lopunny used <strong>Power-Up Punch</strong>!<br></div><div class="battle-history"><small>It's super effective!</small><br></div><div class="battle-history"><small>(Chansey lost <abbr title="−188/704">26.7%</abbr> of its health!)</small><br></div><div class="battle-history"><small>The opposing Lopunny's Attack rose!</small><br></div><div class="spacer battle-history"><br></div><div class="battle-history">Chansey used <strong>Seismic Toss</strong>!<br></div><div class="battle-history"><small>(The opposing Lopunny lost <abbr title="−100/271">36.9%</abbr> of its health!)</small><br></div><div class="spacer battle-history"><br></div><h2 class="battle-history">Turn 23</h2><div class="spacer battle-history"><br></div><div class="battle-history">The opposing Lopunny used <strong>Return</strong>!<br></div><div class="battle-history"><small>(Chansey lost <abbr title="−358/704">50.9%</abbr> of its health!)</small><br></div><div class="spacer battle-history"><br></div><div class="battle-history">Chansey used <strong>Seismic Toss</strong>!<br></div><div class="battle-history"><small>(The opposing Lopunny lost <abbr title="−59/271">21.8%</abbr> of its health!)</small><br></div><div class="spacer battle-history"><br></div><div class="battle-history">The opposing Lopunny fainted!<br></div><div class="spacer battle-history"><br></div><div class="battle-history"><small>The mist disappeared from the battlefield.</small><br></div><div class="spacer battle-history"><br></div><div class="battle-history">ObitoUchiha37 sent out <strong>Jirachi</strong>!<br></div><div class="battle-history"><small>Pointed stones dug into the opposing Jirachi!</small><br></div><div class="spacer battle-history"><br></div><h2 class="battle-history">Turn 24</h2><div class="chat message-error">Reloj de batalla ENCENDIDO. El jugador inactivo será descalificado (solicitado por ObitoUchiha37).</div><div class="spacer battle-history"><br></div><div class="battle-history">Chansey, come back!<br></div><div class="battle-history">Go! Sableye (<strong>Sableye-Mega</strong>)!<br></div><div class="spacer battle-history"><br></div><div class="battle-history">The opposing Jirachi used <strong>U-turn</strong>!<br></div><div class="battle-history"><small>(Sableye lost <abbr title="−58/303">19.1%</abbr> of its health!)</small><br></div><div class="chat message-error">ObitoUchiha37 tiene 135 segundos restantes.</div><div class="spacer battle-history"><br></div><div class="battle-history">The opposing Jirachi went back to ObitoUchiha37!<br></div><div class="battle-history">ObitoUchiha37 sent out <strong>Tapu Fini</strong>!<br></div><div class="battle-history"><small>Pointed stones dug into the opposing Tapu Fini!</small><br></div><div class="battle-history"><small>[The opposing Tapu Fini's Misty Surge]</small><br><small>Mist swirls around the battlefield!</small><br></div><div class="spacer battle-history"><br></div><h2 class="battle-history">Turn 25</h2><div class="spacer battle-history"><br></div><div class="battle-history">The opposing Tapu Fini used <strong>Defog</strong>!<br></div><div class="spacer battle-history"><br></div><div class="battle-history"><small>[Sableye's Magic Bounce]</small><br>Sableye bounced the Defog back!<br></div><div class="battle-history"><small>The opposing Tapu Fini's evasiveness fell!</small><br></div><div class="battle-history"><small>The pointed stones disappeared from around the opposing team!</small><br></div><div class="spacer battle-history"><br></div><div class="battle-history">Sableye used <strong>Knock Off</strong>!<br></div><div class="battle-history"><small>It's not very effective...</small><br></div><div class="battle-history"><small>(The opposing Tapu Fini lost <abbr title="−15/343">4.4%</abbr> of its health!)</small><br></div><div class="spacer battle-history"><br></div><div class="battle-history">The opposing Tapu Fini fainted!<br></div><div class="spacer battle-history"><br></div><div class="battle-history">ObitoUchiha37 sent out <strong>Nihilego</strong>!<br></div><div class="spacer battle-history"><br></div><h2 class="battle-history">Turn 26</h2><div class="spacer battle-history"><br></div><div class="battle-history">Sableye used <strong>Protect</strong>!<br></div><div class="battle-history"><small>Sableye protected itself!</small><br></div><div class="spacer battle-history"><br></div><div class="battle-history">The opposing Nihilego used <strong>Power Gem</strong>!<br></div><div class="battle-history"><small>Sableye protected itself!</small><br></div><div class="spacer battle-history"><br></div><h2 class="battle-history">Turn 27</h2><div class="spacer battle-history"><br></div><div class="battle-history">Sableye, come back!<br></div><div class="battle-history">Go! <strong>Zygarde</strong>!<br></div><div class="battle-history"><small>[Zygarde's Aura Break]</small><br><small>Zygarde reversed all other Pokémon's auras!</small><br></div><div class="spacer battle-history"><br></div><div class="battle-history">The opposing Nihilego used <strong>Power Gem</strong>!<br></div><div class="battle-history"><small>It's not very effective...</small><br></div><div class="battle-history"><small>(Zygarde lost <abbr title="−117/357">32.8%</abbr> of its health!)</small><br></div><div class="spacer battle-history"><br></div><h2 class="battle-history">Turn 28</h2><div class="spacer battle-history"><br></div><div class="battle-history">Zygarde, come back!<br></div><div class="battle-history">Go! <strong>Volcarona</strong>!<br></div><div class="spacer battle-history"><br></div><div class="battle-history">The opposing Nihilego used <strong>Power Gem</strong>!<br></div><div class="battle-history"><small>It's super effective!</small><br></div><div class="battle-history"><small>(Volcarona lost <abbr title="−311/311">100%</abbr> of its health!)</small><br></div><div class="spacer battle-history"><br></div><div class="battle-history">Volcarona fainted!<br></div><div class="battle-history"><small>[The opposing Nihilego's Beast Boost]</small><br></div><div class="battle-history"><small>The opposing Nihilego's Special Attack rose!</small><br></div><div class="spacer battle-history"><br></div><div class="battle-history"><small>The mist disappeared from the battlefield.</small><br></div><div class="spacer battle-history"><br></div><div class="battle-history">Go! <strong>Zygarde</strong>!<br></div><div class="battle-history"><small>[Zygarde's Aura Break]</small><br><small>Zygarde reversed all other Pokémon's auras!</small><br></div><div class="spacer battle-history"><br></div><h2 class="battle-history">Turn 29</h2><div class="spacer battle-history"><br></div><div class="battle-history">The opposing Nihilego used <strong>Power Gem</strong>!<br></div><div class="battle-history"><small>It's not very effective...</small><br></div><div class="battle-history"><small>(Zygarde lost <abbr title="−164/357">45.9%</abbr> of its health!)</small><br></div><div class="spacer battle-history"><br></div><div class="battle-history">Zygarde used <strong>Thousand Arrows</strong>!<br></div><div class="battle-history"><small>It's super effective!</small><br></div><div class="battle-history"><small>(The opposing Nihilego lost <abbr title="−359/359">100%</abbr> of its health!)</small><br></div><div class="spacer battle-history"><br></div><div class="battle-history">The opposing Nihilego fainted!<br></div><div class="spacer battle-history"><br></div><div class="battle-history">ObitoUchiha37 sent out <strong>Jirachi</strong>!<br></div><div class="spacer battle-history"><br></div><h2 class="battle-history">Turn 30</h2><div class="spacer battle-history"><br></div><div class="battle-history">Zygarde, come back!<br></div><div class="battle-history">Go! <strong>Chansey</strong>!<br></div><div class="spacer battle-history"><br></div><div class="battle-history">The opposing Jirachi used <strong>Iron Head</strong>!<br></div><div class="battle-history"><small>(Chansey lost <abbr title="−27/704">3.8%</abbr> of its health!)</small><br></div><div class="spacer battle-history"><br></div><div class="battle-history">Chansey fainted!<br></div><div class="spacer battle-history"><br></div><div class="battle-history">Go! Sableye (<strong>Sableye-Mega</strong>)!<br></div><div class="spacer battle-history"><br></div><h2 class="battle-history">Turn 31</h2><div class="spacer battle-history"><br></div><div class="battle-history">The opposing Jirachi used <strong>Iron Head</strong>!<br></div><div class="battle-history"><small>(Sableye lost <abbr title="−90/303">29.7%</abbr> of its health!)</small><br></div><div class="spacer battle-history"><br></div><div class="battle-history">Sableye flinched and couldn't move!<br></div><div class="spacer battle-history"><br></div><h2 class="battle-history">Turn 32</h2><div class="spacer battle-history"><br></div><div class="battle-history">Sableye used <strong>Protect</strong>!<br></div><div class="battle-history"><small>Sableye protected itself!</small><br></div><div class="spacer battle-history"><br></div><div class="battle-history">The opposing Jirachi used <strong>Iron Head</strong>!<br></div><div class="battle-history"><small>Sableye protected itself!</small><br></div><div class="spacer battle-history"><br></div><h2 class="battle-history">Turn 33</h2><div class="spacer battle-history"><br></div><div class="battle-history">The opposing Jirachi used <strong>Iron Head</strong>!<br></div><div class="battle-history"><small>(Sableye lost <abbr title="−105/303">34.7%</abbr> of its health!)</small><br></div><div class="spacer battle-history"><br></div><div class="battle-history">Sableye used <strong>Will-O-Wisp</strong>!<br></div><div class="battle-history"><small>The opposing Jirachi was burned!</small><br></div><div class="spacer battle-history"><br></div><div class="battle-history"><small>The opposing Jirachi was hurt by its burn!</small><br></div><div class="spacer battle-history"><br></div><h2 class="battle-history">Turn 34</h2><div class="spacer battle-history"><br></div><div class="battle-history">Sableye used <strong>Protect</strong>!<br></div><div class="battle-history"><small>Sableye protected itself!</small><br></div><div class="spacer battle-history"><br></div><div class="battle-history">The opposing Jirachi used <strong>Iron Head</strong>!<br></div><div class="battle-history"><small>Sableye protected itself!</small><br></div><div class="spacer battle-history"><br></div><div class="battle-history"><small>The opposing Jirachi was hurt by its burn!</small><br></div><div class="spacer battle-history"><br></div><h2 class="battle-history">Turn 35</h2><div class="spacer battle-history"><br></div><div class="battle-history">The opposing Jirachi used <strong>Iron Head</strong>!<br></div><div class="battle-history"><small>(Sableye lost <abbr title="−45/303">14.9%</abbr> of its health!)</small><br></div><div class="spacer battle-history"><br></div><div class="battle-history">Sableye flinched and couldn't move!<br></div><div class="spacer battle-history"><br></div><div class="battle-history"><small>The opposing Jirachi was hurt by its burn!</small><br></div><div class="spacer battle-history"><br></div><h2 class="battle-history">Turn 36</h2><div class="spacer battle-history"><br></div><div class="battle-history">Sableye used <strong>Protect</strong>!<br></div><div class="battle-history"><small>Sableye protected itself!</small><br></div><div class="spacer battle-history"><br></div><div class="battle-history">The opposing Jirachi used <strong>Iron Head</strong>!<br></div><div class="battle-history"><small>Sableye protected itself!</small><br></div><div class="spacer battle-history"><br></div><div class="battle-history"><small>The opposing Jirachi was hurt by its burn!</small><br></div><div class="spacer battle-history"><br></div><h2 class="battle-history">Turn 37</h2><div class="spacer battle-history"><br></div><div class="battle-history">The opposing Jirachi used <strong>Iron Head</strong>!<br></div><div class="battle-history"><small>(Sableye lost <abbr title="−5/303">1.7%</abbr> of its health!)</small><br></div><div class="spacer battle-history"><br></div><div class="battle-history">Sableye fainted!<br></div><div class="spacer battle-history"><br></div><div class="battle-history"><small>The opposing Jirachi was hurt by its burn!</small><br></div><div class="spacer battle-history"><br></div><div class="battle-history"><small>Coffe Style se rindió.</small><br></div><div class="spacer battle-history"><br></div><div class="battle-history"><strong>ObitoUchiha37</strong> won the battle!<br></div><div class="chat">ObitoUchiha37 ha ganado 6.75 PokeDolares.</div><div class="chat">Puntaje de Coffe Style: 1293 → <strong>1256</strong><br>(-37 por perder)</div><div class="chat">Puntaje de ObitoUchiha37: 1113 → <strong>1163</strong><br>(+50 por ganar)</div></div><div class="inner-preempt"></div></div></div>
</div>
<script>
let daily = Math.floor(Date.now()/1000/60/60/24);document.write('<script src="https://play.pokemonshowdown.com/js/replay-embed.js?version'+daily+'"></'+'script>');
</script>
