<!DOCTYPE html>
<meta charset="utf-8" />
<!-- version 1 -->
<title>OU replay: Vanilla Ninja vs. ❤DJ × Yunoø❤</title>
<style>
html,body {font-family:Verdana, sans-serif;font-size:10pt;margin:0;padding:0;}body{padding:12px 0;} .battle-log {font-family:Verdana, sans-serif;font-size:10pt;} .battle-log-inline {border:1px solid #AAAAAA;background:#EEF2F5;color:black;max-width:640px;margin:0 auto 80px;padding-bottom:5px;} .battle-log .inner {padding:4px 8px 0px 8px;} .battle-log .inner-preempt {padding:0 8px 4px 8px;} .battle-log .inner-after {margin-top:0.5em;} .battle-log h2 {margin:0.5em -8px;padding:4px 8px;border:1px solid #AAAAAA;background:#E0E7EA;border-left:0;border-right:0;font-family:Verdana, sans-serif;font-size:13pt;} .battle-log .chat {vertical-align:middle;padding:3px 0 3px 0;font-size:8pt;} .battle-log .chat strong {color:#40576A;} .battle-log .chat em {padding:1px 4px 1px 3px;color:#000000;font-style:normal;} .chat.mine {background:rgba(0,0,0,0.05);margin-left:-8px;margin-right:-8px;padding-left:8px;padding-right:8px;} .spoiler {color:#BBBBBB;background:#BBBBBB;padding:0px 3px;} .spoiler:hover, .spoiler:active, .spoiler-shown {color:#000000;background:#E2E2E2;padding:0px 3px;} .spoiler a {color:#BBBBBB;} .spoiler:hover a, .spoiler:active a, .spoiler-shown a {color:#2288CC;} .chat code, .chat .spoiler:hover code, .chat .spoiler:active code, .chat .spoiler-shown code {border:1px solid #C0C0C0;background:#EEEEEE;color:black;padding:0 2px;} .chat .spoiler code {border:1px solid #CCCCCC;background:#CCCCCC;color:#CCCCCC;} .battle-log .rated {padding:3px 4px;} .battle-log .rated strong {color:white;background:#89A;padding:1px 4px;border-radius:4px;} .spacer {margin-top:0.5em;} .message-announce {background:#6688AA;color:white;padding:1px 4px 2px;} .message-announce a, .broadcast-green a, .broadcast-blue a, .broadcast-red a {color:#DDEEFF;} .broadcast-green {background-color:#559955;color:white;padding:2px 4px;} .broadcast-blue {background-color:#6688AA;color:white;padding:2px 4px;} .infobox {border:1px solid #6688AA;padding:2px 4px;} .infobox-limited {max-height:200px;overflow:auto;overflow-x:hidden;} .broadcast-red {background-color:#AA5544;color:white;padding:2px 4px;} .message-learn-canlearn {font-weight:bold;color:#228822;text-decoration:underline;} .message-learn-cannotlearn {font-weight:bold;color:#CC2222;text-decoration:underline;} .message-effect-weak {font-weight:bold;color:#CC2222;} .message-effect-resist {font-weight:bold;color:#6688AA;} .message-effect-immune {font-weight:bold;color:#666666;} .message-learn-list {margin-top:0;margin-bottom:0;} .message-throttle-notice, .message-error {color:#992222;} .message-overflow, .chat small.message-overflow {font-size:0pt;} .message-overflow::before {font-size:9pt;content:'...';} .subtle {color:#3A4A66;}
</style>
<div class="wrapper replay-wrapper" style="max-width:1180px;margin:0 auto">
<input type="hidden" name="replayid" value="destiny-ou-471185" />
<div class="battle"></div><div class="battle-log"></div><div class="replay-controls"></div><div class="replay-controls-2"></div>
<h1 style="font-weight:normal;text-align:center"><strong>OU</strong><br /><a href="http://pokemonshowdown.com/users/vanillaninja" class="subtle" target="_blank">Vanilla Ninja</a> vs. <a href="http://pokemonshowdown.com/users/djyuno" class="subtle" target="_blank">❤DJ × Yunoø❤</a></h1>
<script type="text/plain" class="battle-log-data">|unlink|||tour
|player|p1|Vanilla Ninja|128
|teamsize|p1|6
|player|p2|❤DJ × Yunoø❤|djyuno-15.gif?c1e9fa27
|teamsize|p2|6
|teamsize|p1|6
|teamsize|p2|6
|gametype|singles
|gen|7
|tier|OU
|seed|49798,50995,29060,408
|rule|Cláusula-Mod de Dormir: solo puedes dormir a uno de tus oponentes a la vez.
|rule|Cláusula de Especie: Hasta un Pokémon de cada especie
|rule|Cláusula de Golpe Fulminante: los movimientos fulminantes (OHKO) estan prohibidos
|rule|Cláusula de Veleta: la habilidad Veleta está prohibida
|rule|Cláusula de Movimientos Evasivos: los movimientos de Evasión están prohibidos.
|rule|Cláusula de Batallas Eternas: forzar batallas eternas está prohibido
|clearpoke
|poke|p1|Lopunny, F|item
|poke|p1|Mantine, M|item
|poke|p1|Chansey, F|item
|poke|p1|Zeraora|item
|poke|p1|Magearna|item
|poke|p1|Celesteela|item
|poke|p2|Absol, F|item
|poke|p2|Jirachi|item
|poke|p2|Zapdos|item
|poke|p2|Keldeo-Resolute|item
|poke|p2|Tyranitar, F|item
|poke|p2|Zygarde|item
|teampreview|undefined
|choice|*|*team 213456
|choice|*|*team 213456
|choice|*team 423156|*
|choice|team 4, 2, 3, 1, 5, 6|team 2, 1, 3, 4, 5, 6
|
|start
|switch|p1a: Zeraora|Zeraora|317\/317
|switch|p2a: Jirachi|Jirachi|404\/404
|turn|1
|choice|*|*move 4
|choice|*move 3|*
|choice|move firepunch|move stealthrock
|
|move|p1a: Zeraora|Fire Punch|p2a: Jirachi
|-supereffective|p2a: Jirachi
|-damage|p2a: Jirachi|236\/404
|move|p2a: Jirachi|Stealth Rock|p1a: Zeraora
|-sidestart|p1: Vanilla Ninja|move: Stealth Rock
|
|-heal|p2a: Jirachi|261\/404|[from] item: Leftovers
|upkeep
|turn|2
|choice|*|*move 3
|choice|*move 2|*
|choice|move knockoff|move wish
|
|move|p1a: Zeraora|Knock Off|p2a: Jirachi
|-supereffective|p2a: Jirachi
|-damage|p2a: Jirachi|69\/404
|-enditem|p2a: Jirachi|Leftovers|[from] move: Knock Off|[of] p1a: Zeraora
|move|p2a: Jirachi|Wish|p2a: Jirachi
|
|upkeep
|turn|3
|choice|*move 2|*
|choice|*|*switch 6
|choice|move knockoff|switch 6
|
|switch|p2a: Zygarde|Zygarde|357\/357
|-ability|p2a: Zygarde|Aura Break
|move|p1a: Zeraora|Knock Off|p2a: Zygarde
|-damage|p2a: Zygarde|301\/357
|
|-heal|p2a: Zygarde|357\/357|[from] move: Wish|[wisher] Jirachi
|upkeep
|turn|4
|choice|*|*move 1
|choice|*switch 2|*
|choice|switch 2|move dragondance
|
|switch|p1a: Mantine|Mantine, M|373\/373
|-damage|p1a: Mantine|280\/373|[from] Stealth Rock
|move|p2a: Zygarde|Dragon Dance|p2a: Zygarde
|-boost|p2a: Zygarde|atk|1
|-boost|p2a: Zygarde|spe|1
|
|-heal|p1a: Mantine|303\/373|[from] item: Leftovers
|upkeep
|turn|5
|choice|*move 3|*
|choice|*|*move 4
|choice|move haze|move thousandarrows
|
|move|p2a: Zygarde|Thousand Arrows|p1a: Mantine
|-damage|p1a: Mantine|59\/373
|-start|p1a: Mantine|Smack Down
|move|p1a: Mantine|Haze|p1a: Mantine
|-clearallboost
|
|-heal|p1a: Mantine|82\/373|[from] item: Leftovers
|upkeep
|turn|6
|choice|*|*move 4
|choice|*|*move 1
|choice|*move 3|*
|choice|move haze|move dragondance
|
|move|p2a: Zygarde|Dragon Dance|p2a: Zygarde
|-boost|p2a: Zygarde|atk|1
|-boost|p2a: Zygarde|spe|1
|move|p1a: Mantine|Haze|p1a: Mantine
|-clearallboost
|
|-heal|p1a: Mantine|105\/373|[from] item: Leftovers
|upkeep
|turn|7
|choice|*move 3|*
|choice|*|*move 4
|choice|*move 2|*
|choice|move defog|move thousandarrows
|
|move|p2a: Zygarde|Thousand Arrows|p1a: Mantine
|-damage|p1a: Mantine|0 fnt
|faint|p1a: Mantine
|
|upkeep
|choice|*switch 4|*
|choice|switch 4|
|
|switch|p1a: Lopunny|Lopunny, F|271\/271
|-damage|p1a: Lopunny|238\/271|[from] Stealth Rock
|turn|8
|choice|*switch 3|*
|choice|*|*switch 6
|choice|switch 3|switch 6
|
|switch|p1a: Chansey|Chansey, F|702\/702
|-damage|p1a: Chansey|615\/702|[from] Stealth Rock
|switch|p2a: Jirachi|Jirachi|69\/404
|
|upkeep
|turn|9
|choice|*|*move 3
|choice|*move 3|*
|choice|move seismictoss|move wish
|
|move|p2a: Jirachi|Wish|p2a: Jirachi
|move|p1a: Chansey|Seismic Toss|p2a: Jirachi
|-damage|p2a: Jirachi|0 fnt
|faint|p2a: Jirachi
|
|upkeep
|choice|*|*switch 2
|choice||switch 2
|
|switch|p2a: Absol|Absol, F|271\/271
|turn|10
|choice|*switch 5|*
|choice|*|*move 1 mega
|choice|switch 5|move swordsdance mega
|
|switch|p1a: Magearna|Magearna|363\/363
|-damage|p1a: Magearna|341\/363|[from] Stealth Rock
|-mega|p2a: Absol|Absol|Absolite
|detailschange|p2a: Absol|Absol-Mega, F
|move|p2a: Absol|Swords Dance|p2a: Absol
|-boost|p2a: Absol|atk|2
|
|upkeep
|turn|11
|choice|*move 2|*
|choice|*|*move 4
|choice|move fleurcannon|move superpower
|
|move|p2a: Absol|Superpower|p1a: Magearna
|-damage|p1a: Magearna|80\/363
|-unboost|p2a: Absol|atk|1
|-unboost|p2a: Absol|def|1
|move|p1a: Magearna|Fleur Cannon|p2a: Absol
|-supereffective|p2a: Absol
|-crit|p2a: Absol
|-damage|p2a: Absol|0 fnt
|-unboost|p1a: Magearna|spa|2
|faint|p2a: Absol
|-ability|p1a: Magearna|Soul-Heart|boost
|-boost|p1a: Magearna|spa|1
|
|upkeep
|choice|*|*switch 6
|choice||switch 6
|
|switch|p2a: Zygarde|Zygarde|357\/357
|-ability|p2a: Zygarde|Aura Break
|turn|12
|choice|*|*move 4
|choice|*move 4|*
|choice|move icebeam|move thousandarrows
|
|move|p2a: Zygarde|Thousand Arrows|p1a: Magearna
|-supereffective|p1a: Magearna
|-crit|p1a: Magearna
|-damage|p1a: Magearna|0 fnt
|faint|p1a: Magearna
|
|upkeep
|choice|*switch 3|*
|choice|switch 3|
|
|switch|p1a: Lopunny|Lopunny, F|238\/271
|-damage|p1a: Lopunny|205\/271|[from] Stealth Rock
|turn|13
|choice|*move 2 mega|*
|choice|*|*switch 3
|choice|move icepunch mega|switch 3
|
|switch|p2a: Zapdos|Zapdos|384\/384
|-mega|p1a: Lopunny|Lopunny|Lopunnite
|detailschange|p1a: Lopunny|Lopunny-Mega, F
|move|p1a: Lopunny|Ice Punch|p2a: Zapdos
|-supereffective|p2a: Zapdos
|-damage|p2a: Zapdos|240\/384
|-status|p1a: Lopunny|par|[from] ability: Static|[of] p2a: Zapdos
|
|-heal|p2a: Zapdos|264\/384|[from] item: Leftovers
|upkeep
|turn|14
|choice|*switch 5|*
|choice|*|*move 2
|choice|switch 5|move discharge
|
|switch|p1a: Chansey|Chansey, F|615\/702
|-damage|p1a: Chansey|528\/702|[from] Stealth Rock
|move|p2a: Zapdos|Discharge|p1a: Chansey
|-damage|p1a: Chansey|452\/702
|
|-heal|p2a: Zapdos|288\/384|[from] item: Leftovers
|upkeep
|turn|15
|choice|*move 4|*
|choice|*|*switch 3
|choice|move aromatherapy|switch 3
|
|switch|p2a: Zygarde|Zygarde|357\/357
|-ability|p2a: Zygarde|Aura Break
|move|p1a: Chansey|Aromatherapy|p1a: Chansey
|-activate|p1a: Chansey|move: Aromatherapy
|-curestatus|p1: Lopunny|par|[msg]
|
|upkeep
|turn|16
|choice|*move 2|*
|choice|*|*move 4
|choice|move toxic|move thousandarrows
|
|move|p2a: Zygarde|Thousand Arrows|p1a: Chansey
|-damage|p1a: Chansey|263\/702
|move|p1a: Chansey|Toxic|p2a: Zygarde
|-status|p2a: Zygarde|tox
|
|-damage|p2a: Zygarde|335\/357 tox|[from] psn
|upkeep
|turn|17
|choice|*|*move 4
|choice|*move 1|*
|choice|move softboiled|move thousandarrows
|
|move|p2a: Zygarde|Thousand Arrows|p1a: Chansey
|-damage|p1a: Chansey|100\/702
|move|p1a: Chansey|Soft-Boiled|p1a: Chansey
|-heal|p1a: Chansey|451\/702
|
|-damage|p2a: Zygarde|291\/357 tox|[from] psn
|upkeep
|turn|18
|choice|*|*move 1
|choice|*move 1|*
|choice|move softboiled|move dragondance
|
|move|p2a: Zygarde|Dragon Dance|p2a: Zygarde
|-boost|p2a: Zygarde|atk|1
|-boost|p2a: Zygarde|spe|1
|move|p1a: Chansey|Soft-Boiled|p1a: Chansey
|-heal|p1a: Chansey|702\/702
|
|-damage|p2a: Zygarde|225\/357 tox|[from] psn
|upkeep
|turn|19
|choice|*move 1|*
|choice|*|*move 4
|choice|move softboiled|move thousandarrows
|
|move|p2a: Zygarde|Thousand Arrows|p1a: Chansey
|-damage|p1a: Chansey|425\/702
|move|p1a: Chansey|Soft-Boiled|p1a: Chansey
|-heal|p1a: Chansey|702\/702
|
|-damage|p2a: Zygarde|137\/357 tox|[from] psn
|upkeep
|turn|20
|choice|*move 1|*
|choice|*|*move 3 zmove
|choice|move softboiled|move irontail zmove
|
|-zpower|p2a: Zygarde
|move|p2a: Zygarde|Corkscrew Crash|p1a: Chansey|[zeffect]
|-damage|p1a: Chansey|338\/702
|move|p1a: Chansey|Soft-Boiled|p1a: Chansey
|-heal|p1a: Chansey|689\/702
|
|-damage|p2a: Zygarde|27\/357 tox|[from] psn
|upkeep
|turn|21
|choice|*move 1|*
|choice|*|*move 4
|choice|move softboiled|move thousandarrows
|
|move|p2a: Zygarde|Thousand Arrows|p1a: Chansey
|-damage|p1a: Chansey|406\/702
|move|p1a: Chansey|Soft-Boiled|p1a: Chansey
|-heal|p1a: Chansey|702\/702
|
|-damage|p2a: Zygarde|0 fnt|[from] psn
|upkeep
|faint|p2a: Zygarde
|choice|*|*switch 4
|choice||switch 4
|
|switch|p2a: Keldeo|Keldeo-Resolute|323\/323
|turn|22
|choice|*|*move 3
|choice|*move 2|*
|choice|move toxic|move secretsword
|
|move|p2a: Keldeo|Secret Sword|p1a: Chansey
|-supereffective|p1a: Chansey
|-damage|p1a: Chansey|264\/702
|move|p1a: Chansey|Toxic|p2a: Keldeo
|-status|p2a: Keldeo|tox
|
|-damage|p2a: Keldeo|303\/323 tox|[from] psn
|upkeep
|turn|23
|choice|*|*move 3
|choice|*switch 6|*
|choice|switch 6|move secretsword
|
|switch|p1a: Celesteela|Celesteela|398\/398
|-damage|p1a: Celesteela|349\/398|[from] Stealth Rock
|move|p2a: Keldeo|Secret Sword|p1a: Celesteela
|-damage|p1a: Celesteela|237\/398
|
|-heal|p1a: Celesteela|261\/398|[from] item: Leftovers
|-damage|p2a: Keldeo|263\/323 tox|[from] psn
|upkeep
|turn|24
|choice|*move 1|*
|choice|*|*switch 5
|choice|move leechseed|switch 5
|
|switch|p2a: Tyranitar|Tyranitar, F|404\/404
|-weather|Sandstorm|[from] ability: Sand Stream|[of] p2a: Tyranitar
|move|p1a: Celesteela|Leech Seed|p2a: Tyranitar
|-start|p2a: Tyranitar|move: Leech Seed
|
|-weather|Sandstorm|[upkeep]
|-heal|p1a: Celesteela|285\/398|[from] item: Leftovers
|-damage|p2a: Tyranitar|354\/404|[from] Leech Seed|[of] p1a: Celesteela
|-heal|p1a: Celesteela|335\/398|[silent]
|upkeep
|turn|25
|choice|*move 4|*
|choice|*|*move 2
|choice|move heavyslam|move firepunch
|
|move|p2a: Tyranitar|Fire Punch|p1a: Celesteela
|-supereffective|p1a: Celesteela
|-damage|p1a: Celesteela|103\/398
|move|p1a: Celesteela|Heavy Slam|p2a: Tyranitar
|-supereffective|p2a: Tyranitar
|-damage|p2a: Tyranitar|148\/404
|
|-weather|Sandstorm|[upkeep]
|-heal|p1a: Celesteela|127\/398|[from] item: Leftovers
|-damage|p2a: Tyranitar|98\/404|[from] Leech Seed|[of] p1a: Celesteela
|-heal|p1a: Celesteela|177\/398|[silent]
|upkeep
|turn|26
|choice|*move 2|*
|choice|*|*switch 5
|choice|move protect|switch 5
|
|switch|p2a: Keldeo|Keldeo-Resolute|263\/323 tox
|move|p1a: Celesteela|Protect|p1a: Celesteela
|-fail|p1a: Celesteela
|
|-weather|Sandstorm|[upkeep]
|-damage|p2a: Keldeo|243\/323 tox|[from] sandstorm
|-heal|p1a: Celesteela|201\/398|[from] item: Leftovers
|-damage|p2a: Keldeo|223\/323 tox|[from] psn
|upkeep
|turn|27
|choice|*|*move 1
|choice|*move 2|*
|choice|move protect|move hydropump
|
|move|p1a: Celesteela|Protect|p1a: Celesteela
|-singleturn|p1a: Celesteela|Protect
|move|p2a: Keldeo|Hydro Pump|p1a: Celesteela
|-activate|p1a: Celesteela|move: Protect
|
|-weather|Sandstorm|[upkeep]
|-damage|p2a: Keldeo|203\/323 tox|[from] sandstorm
|-heal|p1a: Celesteela|225\/398|[from] item: Leftovers
|-damage|p2a: Keldeo|163\/323 tox|[from] psn
|upkeep
|turn|28
|choice|*|*move 1
|choice|*|*switch 5
|choice|*move 2|*
|choice|move protect|switch 5
|
|switch|p2a: Tyranitar|Tyranitar, F|98\/404
|move|p1a: Celesteela|Protect|p1a: Celesteela
|-fail|p1a: Celesteela
|
|-weather|none
|-heal|p1a: Celesteela|249\/398|[from] item: Leftovers
|upkeep
|turn|29
|choice|*move 4|*
|choice|*|*move 4
|choice|move heavyslam|move stoneedge
|
|move|p2a: Tyranitar|Stone Edge|p1a: Celesteela
|-damage|p1a: Celesteela|27\/398
|move|p1a: Celesteela|Heavy Slam|p2a: Tyranitar
|-supereffective|p2a: Tyranitar
|-damage|p2a: Tyranitar|0 fnt
|faint|p2a: Tyranitar
|-ability|p1a: Celesteela|Beast Boost|boost
|-boost|p1a: Celesteela|def|1
|
|-heal|p1a: Celesteela|51\/398|[from] item: Leftovers
|upkeep
|choice|*|*switch 3
|choice||switch 3
|
|switch|p2a: Zapdos|Zapdos|288\/384
|turn|30
|choice|*|*move 2
|choice|*move 1|*
|choice|move leechseed|move discharge
|
|move|p2a: Zapdos|Discharge|p1a: Celesteela
|-supereffective|p1a: Celesteela
|-damage|p1a: Celesteela|0 fnt
|faint|p1a: Celesteela
|
|-heal|p2a: Zapdos|312\/384|[from] item: Leftovers
|upkeep
|choice|*switch 2|*
|choice|switch 2|
|
|switch|p1a: Zeraora|Zeraora|317\/317
|-damage|p1a: Zeraora|278\/317|[from] Stealth Rock
|turn|31
|choice|*move 1 zmove|*
|choice|*|*move 4
|choice|move plasmafists zmove|move roost
|
|-zpower|p1a: Zeraora
|move|p1a: Zeraora|Gigavolt Havoc|p2a: Zapdos|[zeffect]
|-damage|p2a: Zapdos|59\/384
|move|p2a: Zapdos|Roost|p2a: Zapdos
|-heal|p2a: Zapdos|251\/384
|
|-heal|p2a: Zapdos|275\/384|[from] item: Leftovers
|upkeep
|turn|32
|choice|*move 2|*
|choice|*|*move 4
|choice|move knockoff|move roost
|
|move|p1a: Zeraora|Knock Off|p2a: Zapdos
|-damage|p2a: Zapdos|195\/384
|-enditem|p2a: Zapdos|Leftovers|[from] move: Knock Off|[of] p1a: Zeraora
|move|p2a: Zapdos|Roost|p2a: Zapdos
|-heal|p2a: Zapdos|384\/384
|
|upkeep
|turn|33
|choice|*|*move 3
|choice|*switch 6|*
|choice|switch 6|move hiddenpower
|
|switch|p1a: Chansey|Chansey, F|264\/702
|-damage|p1a: Chansey|177\/702|[from] Stealth Rock
|move|p2a: Zapdos|Hidden Power|p1a: Chansey
|-damage|p1a: Chansey|141\/702
|
|upkeep
|turn|34
|choice|*move 1|*
|choice|*|*move 2
|choice|move softboiled|move discharge
|
|move|p2a: Zapdos|Discharge|p1a: Chansey
|-damage|p1a: Chansey|74\/702
|move|p1a: Chansey|Soft-Boiled|p1a: Chansey
|-heal|p1a: Chansey|425\/702
|
|upkeep
|turn|35
|choice|*|*move 2
|inactive|Reloj de batalla ENCENDIDO. El jugador inactivo será descalificado (solicitado por ❤DJ × Yunoø❤).
|inactive|Vanilla Ninja tiene 285 segundos restantes.
|inactive|Vanilla Ninja tiene 270 segundos restantes.
|choice|*move 1|*
|choice|move softboiled|move discharge
|
|move|p2a: Zapdos|Discharge|p1a: Chansey
|-damage|p1a: Chansey|349\/702
|move|p1a: Chansey|Soft-Boiled|p1a: Chansey
|-heal|p1a: Chansey|700\/702
|
|upkeep
|turn|36
|choice|*move 2|*
|choice|*|*move 2
|choice|move toxic|move discharge
|
|move|p2a: Zapdos|Discharge|p1a: Chansey
|-damage|p1a: Chansey|628\/702
|move|p1a: Chansey|Toxic|p2a: Zapdos
|-status|p2a: Zapdos|tox
|
|-damage|p2a: Zapdos|360\/384 tox|[from] psn
|upkeep
|turn|37
|choice|*|*move 2
|choice|*move 3|*
|choice|move seismictoss|move discharge
|
|move|p2a: Zapdos|Discharge|p1a: Chansey
|-damage|p1a: Chansey|555\/702
|move|p1a: Chansey|Seismic Toss|p2a: Zapdos
|-damage|p2a: Zapdos|260\/384 tox
|
|-damage|p2a: Zapdos|212\/384 tox|[from] psn
|upkeep
|turn|38
|choice|*|*move 2
|choice|*switch 6|*
|choice|switch 6|move discharge
|
|switch|p1a: Zeraora|Zeraora|278\/317
|-damage|p1a: Zeraora|239\/317|[from] Stealth Rock
|move|p2a: Zapdos|Discharge|p1a: Zeraora
|-heal|p1a: Zeraora|317\/317|[from] ability: Volt Absorb|[of] p2a: Zapdos
|
|-damage|p2a: Zapdos|140\/384 tox|[from] psn
|upkeep
|turn|39
|choice|*move 1|*
|-message|❤DJ × Yunoø❤ se rindió.
|
|win|Vanilla Ninja
</script>
</div>
<div class="battle-log battle-log-inline"><div class="inner"><div class="battle-options"></div><div class="inner"><div class=""><small>Format:</small> <br><strong>OU</strong></div><div class=""><small><em>Cláusula-Mod de Dormir:</em> solo puedes dormir a uno de tus oponentes a la vez.</small></div><div class=""><small><em>Cláusula de Especie:</em> Hasta un Pokémon de cada especie</small></div><div class=""><small><em>Cláusula de Golpe Fulminante:</em> los movimientos fulminantes (OHKO) estan prohibidos</small></div><div class=""><small><em>Cláusula de Veleta:</em> la habilidad Veleta está prohibida</small></div><div class=""><small><em>Cláusula de Movimientos Evasivos:</em> los movimientos de Evasión están prohibidos.</small></div><div class=""><small><em>Cláusula de Batallas Eternas:</em> forzar batallas eternas está prohibido</small></div><div class="chat battle-history"><strong>Vanilla Ninja's team:</strong> <em style="color:#445566;display:block;">Lopunny / Mantine / Chansey / Zeraora / Magearna / Celesteela</em></div><div class="chat battle-history"><strong>❤DJ × Yunoø❤'s team:</strong> <em style="color:#445566;display:block;">Absol / Jirachi / Zapdos / Keldeo-Resolute / Tyranitar / Zygarde</em></div><div class="spacer battle-history"><br></div><div class="battle-history">Battle started between Vanilla Ninja and ❤DJ × Yunoø❤!<br></div><div class="spacer battle-history"><br></div><div class="battle-history">Go! <strong>Zeraora</strong>!<br></div><div class="spacer battle-history"><br></div><div class="battle-history">❤DJ × Yunoø❤ sent out <strong>Jirachi</strong>!<br></div><div class="spacer battle-history"><br></div><h2 class="battle-history">Turn 1</h2><div class="spacer battle-history"><br></div><div class="battle-history">Zeraora used <strong>Fire Punch</strong>!<br></div><div class="battle-history"><small>It's super effective!</small><br></div><div class="battle-history"><small>(The opposing Jirachi lost <abbr title="−168/404">41.6%</abbr> of its health!)</small><br></div><div class="spacer battle-history"><br></div><div class="battle-history">The opposing Jirachi used <strong>Stealth Rock</strong>!<br></div><div class="battle-history"><small>Pointed stones float in the air around your team!</small><br></div><div class="spacer battle-history"><br></div><div class="battle-history"><small>The opposing Jirachi restored a little HP using its Leftovers!</small><br></div><div class="spacer battle-history"><br></div><h2 class="battle-history">Turn 2</h2><div class="spacer battle-history"><br></div><div class="battle-history">Zeraora used <strong>Knock Off</strong>!<br></div><div class="battle-history"><small>It's super effective!</small><br></div><div class="battle-history"><small>(The opposing Jirachi lost <abbr title="−192/404">47.5%</abbr> of its health!)</small><br></div><div class="battle-history"><small>Zeraora knocked off the opposing Jirachi's Leftovers!</small><br></div><div class="spacer battle-history"><br></div><div class="battle-history">The opposing Jirachi used <strong>Wish</strong>!<br></div><div class="spacer battle-history"><br></div><h2 class="battle-history">Turn 3</h2><div class="spacer battle-history"><br></div><div class="battle-history">❤DJ × Yunoø❤ withdrew Jirachi!<br></div><div class="battle-history">❤DJ × Yunoø❤ sent out <strong>Zygarde</strong>!<br></div><div class="battle-history"><small>[The opposing Zygarde's Aura Break]</small><br><small>The opposing Zygarde reversed all other Pokémon's auras!</small><br></div><div class="spacer battle-history"><br></div><div class="battle-history">Zeraora used <strong>Knock Off</strong>!<br></div><div class="battle-history"><small>(The opposing Zygarde lost <abbr title="−56/357">15.7%</abbr> of its health!)</small><br></div><div class="spacer battle-history"><br></div><div class="battle-history"><small>Jirachi's wish came true!</small><br></div><div class="spacer battle-history"><br></div><h2 class="battle-history">Turn 4</h2><div class="spacer battle-history"><br></div><div class="battle-history">Zeraora, come back!<br></div><div class="battle-history">Go! <strong>Mantine</strong>!<br></div><div class="battle-history"><small>Pointed stones dug into Mantine!</small><br></div><div class="spacer battle-history"><br></div><div class="battle-history">The opposing Zygarde used <strong>Dragon Dance</strong>!<br></div><div class="battle-history"><small>The opposing Zygarde's Attack rose!</small><br></div><div class="battle-history"><small>The opposing Zygarde's Speed rose!</small><br></div><div class="spacer battle-history"><br></div><div class="battle-history"><small>Mantine restored a little HP using its Leftovers!</small><br></div><div class="spacer battle-history"><br></div><h2 class="battle-history">Turn 5</h2><div class="spacer battle-history"><br></div><div class="battle-history">The opposing Zygarde used <strong>Thousand Arrows</strong>!<br></div><div class="battle-history"><small>(Mantine lost <abbr title="−244/373">65.4%</abbr> of its health!)</small><br></div><div class="battle-history"><small>Mantine fell straight down!</small><br></div><div class="spacer battle-history"><br></div><div class="battle-history">Mantine used <strong>Haze</strong>!<br></div><div class="battle-history"><small>All stat changes were eliminated!</small><br></div><div class="spacer battle-history"><br></div><div class="battle-history"><small>Mantine restored a little HP using its Leftovers!</small><br></div><div class="spacer battle-history"><br></div><h2 class="battle-history">Turn 6</h2><div class="spacer battle-history"><br></div><div class="battle-history">The opposing Zygarde used <strong>Dragon Dance</strong>!<br></div><div class="battle-history"><small>The opposing Zygarde's Attack rose!</small><br></div><div class="battle-history"><small>The opposing Zygarde's Speed rose!</small><br></div><div class="spacer battle-history"><br></div><div class="battle-history">Mantine used <strong>Haze</strong>!<br></div><div class="battle-history"><small>All stat changes were eliminated!</small><br></div><div class="spacer battle-history"><br></div><div class="battle-history"><small>Mantine restored a little HP using its Leftovers!</small><br></div><div class="spacer battle-history"><br></div><h2 class="battle-history">Turn 7</h2><div class="spacer battle-history"><br></div><div class="battle-history">The opposing Zygarde used <strong>Thousand Arrows</strong>!<br></div><div class="battle-history"><small>(Mantine lost <abbr title="−105/373">28.2%</abbr> of its health!)</small><br></div><div class="spacer battle-history"><br></div><div class="battle-history">Mantine fainted!<br></div><div class="spacer battle-history"><br></div><div class="battle-history">Go! <strong>Lopunny</strong>!<br></div><div class="battle-history"><small>Pointed stones dug into Lopunny!</small><br></div><div class="spacer battle-history"><br></div><h2 class="battle-history">Turn 8</h2><div class="spacer battle-history"><br></div><div class="battle-history">Lopunny, come back!<br></div><div class="battle-history">Go! <strong>Chansey</strong>!<br></div><div class="battle-history"><small>Pointed stones dug into Chansey!</small><br></div><div class="spacer battle-history"><br></div><div class="battle-history">❤DJ × Yunoø❤ withdrew Zygarde!<br></div><div class="battle-history">❤DJ × Yunoø❤ sent out <strong>Jirachi</strong>!<br></div><div class="spacer battle-history"><br></div><h2 class="battle-history">Turn 9</h2><div class="spacer battle-history"><br></div><div class="battle-history">The opposing Jirachi used <strong>Wish</strong>!<br></div><div class="spacer battle-history"><br></div><div class="battle-history">Chansey used <strong>Seismic Toss</strong>!<br></div><div class="battle-history"><small>(The opposing Jirachi lost <abbr title="−69/404">17.1%</abbr> of its health!)</small><br></div><div class="spacer battle-history"><br></div><div class="battle-history">The opposing Jirachi fainted!<br></div><div class="spacer battle-history"><br></div><div class="battle-history">❤DJ × Yunoø❤ sent out <strong>Absol</strong>!<br></div><div class="spacer battle-history"><br></div><h2 class="battle-history">Turn 10</h2><div class="spacer battle-history"><br></div><div class="battle-history">Chansey, come back!<br></div><div class="battle-history">Go! <strong>Magearna</strong>!<br></div><div class="battle-history"><small>Pointed stones dug into Magearna!</small><br></div><div class="spacer battle-history"><br></div><div class="battle-history"><small>The opposing Absol's Absolite is reacting to the Key Stone!</small><br>The opposing Absol has Mega Evolved into Mega Absol!<br></div><div class="spacer battle-history"><br></div><div class="battle-history">The opposing Absol used <strong>Swords Dance</strong>!<br></div><div class="battle-history"><small>The opposing Absol's Attack rose sharply!</small><br></div><div class="spacer battle-history"><br></div><h2 class="battle-history">Turn 11</h2><div class="spacer battle-history"><br></div><div class="battle-history">The opposing Absol used <strong>Superpower</strong>!<br></div><div class="battle-history"><small>(Magearna lost <abbr title="−261/363">71.9%</abbr> of its health!)</small><br></div><div class="battle-history"><small>The opposing Absol's Attack fell!</small><br></div><div class="battle-history"><small>The opposing Absol's Defense fell!</small><br></div><div class="spacer battle-history"><br></div><div class="battle-history">Magearna used <strong>Fleur Cannon</strong>!<br></div><div class="battle-history"><small>It's super effective!</small><br></div><div class="battle-history"><small>A critical hit!</small><br></div><div class="battle-history"><small>(The opposing Absol lost <abbr title="−271/271">100%</abbr> of its health!)</small><br></div><div class="battle-history"><small>Magearna's Special Attack fell harshly!</small><br></div><div class="spacer battle-history"><br></div><div class="battle-history">The opposing Absol fainted!<br></div><div class="battle-history"><small>[Magearna's Soul-Heart]</small><br></div><div class="battle-history"><small>Magearna's Special Attack rose!</small><br></div><div class="spacer battle-history"><br></div><div class="battle-history">❤DJ × Yunoø❤ sent out <strong>Zygarde</strong>!<br></div><div class="battle-history"><small>[The opposing Zygarde's Aura Break]</small><br><small>The opposing Zygarde reversed all other Pokémon's auras!</small><br></div><div class="spacer battle-history"><br></div><h2 class="battle-history">Turn 12</h2><div class="spacer battle-history"><br></div><div class="battle-history">The opposing Zygarde used <strong>Thousand Arrows</strong>!<br></div><div class="battle-history"><small>It's super effective!</small><br></div><div class="battle-history"><small>A critical hit!</small><br></div><div class="battle-history"><small>(Magearna lost <abbr title="−80/363">22.0%</abbr> of its health!)</small><br></div><div class="spacer battle-history"><br></div><div class="battle-history">Magearna fainted!<br></div><div class="spacer battle-history"><br></div><div class="battle-history">Go! <strong>Lopunny</strong>!<br></div><div class="battle-history"><small>Pointed stones dug into Lopunny!</small><br></div><div class="spacer battle-history"><br></div><h2 class="battle-history">Turn 13</h2><div class="spacer battle-history"><br></div><div class="battle-history">❤DJ × Yunoø❤ withdrew Zygarde!<br></div><div class="battle-history">❤DJ × Yunoø❤ sent out <strong>Zapdos</strong>!<br></div><div class="spacer battle-history"><br></div><div class="battle-history"><small>Lopunny's Lopunnite is reacting to the Key Stone!</small><br>Lopunny has Mega Evolved into Mega Lopunny!<br></div><div class="spacer battle-history"><br></div><div class="battle-history">Lopunny used <strong>Ice Punch</strong>!<br></div><div class="battle-history"><small>It's super effective!</small><br></div><div class="battle-history"><small>(The opposing Zapdos lost <abbr title="−144/384">37.5%</abbr> of its health!)</small><br></div><div class="battle-history"><small>[The opposing Zapdos's Static]</small><br><small>Lopunny is paralyzed! It may be unable to move!</small><br></div><div class="spacer battle-history"><br></div><div class="battle-history"><small>The opposing Zapdos restored a little HP using its Leftovers!</small><br></div><div class="spacer battle-history"><br></div><h2 class="battle-history">Turn 14</h2><div class="spacer battle-history"><br></div><div class="battle-history">Lopunny, come back!<br></div><div class="battle-history">Go! <strong>Chansey</strong>!<br></div><div class="battle-history"><small>Pointed stones dug into Chansey!</small><br></div><div class="spacer battle-history"><br></div><div class="battle-history">The opposing Zapdos used <strong>Discharge</strong>!<br></div><div class="battle-history"><small>(Chansey lost <abbr title="−76/702">10.8%</abbr> of its health!)</small><br></div><div class="spacer battle-history"><br></div><div class="battle-history"><small>The opposing Zapdos restored a little HP using its Leftovers!</small><br></div><div class="spacer battle-history"><br></div><h2 class="battle-history">Turn 15</h2><div class="spacer battle-history"><br></div><div class="battle-history">❤DJ × Yunoø❤ withdrew Zapdos!<br></div><div class="battle-history">❤DJ × Yunoø❤ sent out <strong>Zygarde</strong>!<br></div><div class="battle-history"><small>[The opposing Zygarde's Aura Break]</small><br><small>The opposing Zygarde reversed all other Pokémon's auras!</small><br></div><div class="spacer battle-history"><br></div><div class="battle-history">Chansey used <strong>Aromatherapy</strong>!<br></div><div class="battle-history"><small>A soothing aroma wafted through the area!</small><br></div><div class="battle-history"><small>Lopunny was cured of paralysis.</small><br></div><div class="spacer battle-history"><br></div><h2 class="battle-history">Turn 16</h2><div class="spacer battle-history"><br></div><div class="battle-history">The opposing Zygarde used <strong>Thousand Arrows</strong>!<br></div><div class="battle-history"><small>(Chansey lost <abbr title="−189/702">26.9%</abbr> of its health!)</small><br></div><div class="spacer battle-history"><br></div><div class="battle-history">Chansey used <strong>Toxic</strong>!<br></div><div class="battle-history"><small>The opposing Zygarde was badly poisoned!</small><br></div><div class="spacer battle-history"><br></div><div class="battle-history"><small>The opposing Zygarde was hurt by poison!</small><br></div><div class="spacer battle-history"><br></div><h2 class="battle-history">Turn 17</h2><div class="spacer battle-history"><br></div><div class="battle-history">The opposing Zygarde used <strong>Thousand Arrows</strong>!<br></div><div class="battle-history"><small>(Chansey lost <abbr title="−163/702">23.2%</abbr> of its health!)</small><br></div><div class="spacer battle-history"><br></div><div class="battle-history">Chansey used <strong>Soft-Boiled</strong>!<br></div><div class="battle-history"><small>Chansey restored its HP.</small><br></div><div class="spacer battle-history"><br></div><div class="battle-history"><small>The opposing Zygarde was hurt by poison!</small><br></div><div class="spacer battle-history"><br></div><h2 class="battle-history">Turn 18</h2><div class="spacer battle-history"><br></div><div class="battle-history">The opposing Zygarde used <strong>Dragon Dance</strong>!<br></div><div class="battle-history"><small>The opposing Zygarde's Attack rose!</small><br></div><div class="battle-history"><small>The opposing Zygarde's Speed rose!</small><br></div><div class="spacer battle-history"><br></div><div class="battle-history">Chansey used <strong>Soft-Boiled</strong>!<br></div><div class="battle-history"><small>Chansey restored its HP.</small><br></div><div class="spacer battle-history"><br></div><div class="battle-history"><small>The opposing Zygarde was hurt by poison!</small><br></div><div class="spacer battle-history"><br></div><h2 class="battle-history">Turn 19</h2><div class="spacer battle-history"><br></div><div class="battle-history">The opposing Zygarde used <strong>Thousand Arrows</strong>!<br></div><div class="battle-history"><small>(Chansey lost <abbr title="−277/702">39.5%</abbr> of its health!)</small><br></div><div class="spacer battle-history"><br></div><div class="battle-history">Chansey used <strong>Soft-Boiled</strong>!<br></div><div class="battle-history"><small>Chansey restored its HP.</small><br></div><div class="spacer battle-history"><br></div><div class="battle-history"><small>The opposing Zygarde was hurt by poison!</small><br></div><div class="spacer battle-history"><br></div><h2 class="battle-history">Turn 20</h2><div class="spacer battle-history"><br></div><div class="battle-history"><small>The opposing Zygarde surrounded itself with its Z-Power!</small><br></div><div class="spacer battle-history"><br></div><div class="battle-history">The opposing Zygarde used <strong>Corkscrew Crash</strong>!<br></div><div class="battle-history"><small>(Chansey lost <abbr title="−364/702">51.9%</abbr> of its health!)</small><br></div><div class="spacer battle-history"><br></div><div class="battle-history">Chansey used <strong>Soft-Boiled</strong>!<br></div><div class="battle-history"><small>Chansey restored its HP.</small><br></div><div class="spacer battle-history"><br></div><div class="battle-history"><small>The opposing Zygarde was hurt by poison!</small><br></div><div class="spacer battle-history"><br></div><h2 class="battle-history">Turn 21</h2><div class="spacer battle-history"><br></div><div class="battle-history">The opposing Zygarde used <strong>Thousand Arrows</strong>!<br></div><div class="battle-history"><small>(Chansey lost <abbr title="−283/702">40.3%</abbr> of its health!)</small><br></div><div class="spacer battle-history"><br></div><div class="battle-history">Chansey used <strong>Soft-Boiled</strong>!<br></div><div class="battle-history"><small>Chansey restored its HP.</small><br></div><div class="spacer battle-history"><br></div><div class="battle-history"><small>The opposing Zygarde was hurt by poison!</small><br></div><div class="spacer battle-history"><br></div><div class="battle-history">The opposing Zygarde fainted!<br></div><div class="spacer battle-history"><br></div><div class="battle-history">❤DJ × Yunoø❤ sent out Keldeo (<strong>Keldeo-Resolute</strong>)!<br></div><div class="spacer battle-history"><br></div><h2 class="battle-history">Turn 22</h2><div class="spacer battle-history"><br></div><div class="battle-history">The opposing Keldeo used <strong>Secret Sword</strong>!<br></div><div class="battle-history"><small>It's super effective!</small><br></div><div class="battle-history"><small>(Chansey lost <abbr title="−438/702">62.4%</abbr> of its health!)</small><br></div><div class="spacer battle-history"><br></div><div class="battle-history">Chansey used <strong>Toxic</strong>!<br></div><div class="battle-history"><small>The opposing Keldeo was badly poisoned!</small><br></div><div class="spacer battle-history"><br></div><div class="battle-history"><small>The opposing Keldeo was hurt by poison!</small><br></div><div class="spacer battle-history"><br></div><h2 class="battle-history">Turn 23</h2><div class="spacer battle-history"><br></div><div class="battle-history">Chansey, come back!<br></div><div class="battle-history">Go! <strong>Celesteela</strong>!<br></div><div class="battle-history"><small>Pointed stones dug into Celesteela!</small><br></div><div class="spacer battle-history"><br></div><div class="battle-history">The opposing Keldeo used <strong>Secret Sword</strong>!<br></div><div class="battle-history"><small>(Celesteela lost <abbr title="−112/398">28.1%</abbr> of its health!)</small><br></div><div class="spacer battle-history"><br></div><div class="battle-history"><small>Celesteela restored a little HP using its Leftovers!</small><br></div><div class="battle-history"><small>The opposing Keldeo was hurt by poison!</small><br></div><div class="spacer battle-history"><br></div><h2 class="battle-history">Turn 24</h2><div class="spacer battle-history"><br></div><div class="battle-history">❤DJ × Yunoø❤ withdrew Keldeo!<br></div><div class="battle-history">❤DJ × Yunoø❤ sent out <strong>Tyranitar</strong>!<br></div><div class="battle-history"><small>[The opposing Tyranitar's Sand Stream]</small><br><small>A sandstorm kicked up!</small><br></div><div class="spacer battle-history"><br></div><div class="battle-history">Celesteela used <strong>Leech Seed</strong>!<br></div><div class="battle-history"><small>The opposing Tyranitar was seeded!</small><br></div><div class="spacer battle-history"><br></div><div class="battle-history"><small>The sandstorm is raging.</small><br></div><div class="battle-history"><small>Celesteela restored a little HP using its Leftovers!</small><br></div><div class="battle-history"><small>The opposing Tyranitar's health is sapped by Leech Seed!</small><br></div><div class="spacer battle-history"><br></div><h2 class="battle-history">Turn 25</h2><div class="spacer battle-history"><br></div><div class="battle-history">The opposing Tyranitar used <strong>Fire Punch</strong>!<br></div><div class="battle-history"><small>It's super effective!</small><br></div><div class="battle-history"><small>(Celesteela lost <abbr title="−232/398">58.3%</abbr> of its health!)</small><br></div><div class="spacer battle-history"><br></div><div class="battle-history">Celesteela used <strong>Heavy Slam</strong>!<br></div><div class="battle-history"><small>It's super effective!</small><br></div><div class="battle-history"><small>(The opposing Tyranitar lost <abbr title="−206/404">51.0%</abbr> of its health!)</small><br></div><div class="spacer battle-history"><br></div><div class="battle-history"><small>The sandstorm is raging.</small><br></div><div class="battle-history"><small>Celesteela restored a little HP using its Leftovers!</small><br></div><div class="battle-history"><small>The opposing Tyranitar's health is sapped by Leech Seed!</small><br></div><div class="spacer battle-history"><br></div><h2 class="battle-history">Turn 26</h2><div class="spacer battle-history"><br></div><div class="battle-history">❤DJ × Yunoø❤ withdrew Tyranitar!<br></div><div class="battle-history">❤DJ × Yunoø❤ sent out Keldeo (<strong>Keldeo-Resolute</strong>)!<br></div><div class="spacer battle-history"><br></div><div class="battle-history">Celesteela used <strong>Protect</strong>!<br></div><div class="battle-history"><small>But it failed!</small><br></div><div class="spacer battle-history"><br></div><div class="battle-history"><small>The sandstorm is raging.</small><br></div><div class="battle-history"><small>The opposing Keldeo is buffeted by the sandstorm!</small><br></div><div class="battle-history"><small>Celesteela restored a little HP using its Leftovers!</small><br></div><div class="battle-history"><small>The opposing Keldeo was hurt by poison!</small><br></div><div class="spacer battle-history"><br></div><h2 class="battle-history">Turn 27</h2><div class="spacer battle-history"><br></div><div class="battle-history">Celesteela used <strong>Protect</strong>!<br></div><div class="battle-history"><small>Celesteela protected itself!</small><br></div><div class="spacer battle-history"><br></div><div class="battle-history">The opposing Keldeo used <strong>Hydro Pump</strong>!<br></div><div class="battle-history"><small>Celesteela protected itself!</small><br></div><div class="spacer battle-history"><br></div><div class="battle-history"><small>The sandstorm is raging.</small><br></div><div class="battle-history"><small>The opposing Keldeo is buffeted by the sandstorm!</small><br></div><div class="battle-history"><small>Celesteela restored a little HP using its Leftovers!</small><br></div><div class="battle-history"><small>The opposing Keldeo was hurt by poison!</small><br></div><div class="spacer battle-history"><br></div><h2 class="battle-history">Turn 28</h2><div class="spacer battle-history"><br></div><div class="battle-history">❤DJ × Yunoø❤ withdrew Keldeo!<br></div><div class="battle-history">❤DJ × Yunoø❤ sent out <strong>Tyranitar</strong>!<br></div><div class="spacer battle-history"><br></div><div class="battle-history">Celesteela used <strong>Protect</strong>!<br></div><div class="battle-history"><small>But it failed!</small><br></div><div class="spacer battle-history"><br></div><div class="battle-history"><small>The sandstorm subsided.</small><br></div><div class="battle-history"><small>Celesteela restored a little HP using its Leftovers!</small><br></div><div class="spacer battle-history"><br></div><h2 class="battle-history">Turn 29</h2><div class="spacer battle-history"><br></div><div class="battle-history">The opposing Tyranitar used <strong>Stone Edge</strong>!<br></div><div class="battle-history"><small>(Celesteela lost <abbr title="−222/398">55.8%</abbr> of its health!)</small><br></div><div class="spacer battle-history"><br></div><div class="battle-history">Celesteela used <strong>Heavy Slam</strong>!<br></div><div class="battle-history"><small>It's super effective!</small><br></div><div class="battle-history"><small>(The opposing Tyranitar lost <abbr title="−98/404">24.3%</abbr> of its health!)</small><br></div><div class="spacer battle-history"><br></div><div class="battle-history">The opposing Tyranitar fainted!<br></div><div class="battle-history"><small>[Celesteela's Beast Boost]</small><br></div><div class="battle-history"><small>Celesteela's Defense rose!</small><br></div><div class="spacer battle-history"><br></div><div class="battle-history"><small>Celesteela restored a little HP using its Leftovers!</small><br></div><div class="spacer battle-history"><br></div><div class="battle-history">❤DJ × Yunoø❤ sent out <strong>Zapdos</strong>!<br></div><div class="spacer battle-history"><br></div><h2 class="battle-history">Turn 30</h2><div class="spacer battle-history"><br></div><div class="battle-history">The opposing Zapdos used <strong>Discharge</strong>!<br></div><div class="battle-history"><small>It's super effective!</small><br></div><div class="battle-history"><small>(Celesteela lost <abbr title="−51/398">12.8%</abbr> of its health!)</small><br></div><div class="spacer battle-history"><br></div><div class="battle-history">Celesteela fainted!<br></div><div class="spacer battle-history"><br></div><div class="battle-history"><small>The opposing Zapdos restored a little HP using its Leftovers!</small><br></div><div class="spacer battle-history"><br></div><div class="battle-history">Go! <strong>Zeraora</strong>!<br></div><div class="battle-history"><small>Pointed stones dug into Zeraora!</small><br></div><div class="spacer battle-history"><br></div><h2 class="battle-history">Turn 31</h2><div class="spacer battle-history"><br></div><div class="battle-history"><small>Zeraora surrounded itself with its Z-Power!</small><br></div><div class="spacer battle-history"><br></div><div class="battle-history">Zeraora used <strong>Gigavolt Havoc</strong>!<br></div><div class="battle-history"><small>(The opposing Zapdos lost <abbr title="−253/384">65.9%</abbr> of its health!)</small><br></div><div class="spacer battle-history"><br></div><div class="battle-history">The opposing Zapdos used <strong>Roost</strong>!<br></div><div class="battle-history"><small>The opposing Zapdos restored its HP.</small><br></div><div class="spacer battle-history"><br></div><div class="battle-history"><small>The opposing Zapdos restored a little HP using its Leftovers!</small><br></div><div class="spacer battle-history"><br></div><h2 class="battle-history">Turn 32</h2><div class="spacer battle-history"><br></div><div class="battle-history">Zeraora used <strong>Knock Off</strong>!<br></div><div class="battle-history"><small>(The opposing Zapdos lost <abbr title="−80/384">20.8%</abbr> of its health!)</small><br></div><div class="battle-history"><small>Zeraora knocked off the opposing Zapdos's Leftovers!</small><br></div><div class="spacer battle-history"><br></div><div class="battle-history">The opposing Zapdos used <strong>Roost</strong>!<br></div><div class="battle-history"><small>The opposing Zapdos restored its HP.</small><br></div><div class="spacer battle-history"><br></div><h2 class="battle-history">Turn 33</h2><div class="spacer battle-history"><br></div><div class="battle-history">Zeraora, come back!<br></div><div class="battle-history">Go! <strong>Chansey</strong>!<br></div><div class="battle-history"><small>Pointed stones dug into Chansey!</small><br></div><div class="spacer battle-history"><br></div><div class="battle-history">The opposing Zapdos used <strong>Hidden Power</strong>!<br></div><div class="battle-history"><small>(Chansey lost <abbr title="−36/702">5.1%</abbr> of its health!)</small><br></div><div class="spacer battle-history"><br></div><h2 class="battle-history">Turn 34</h2><div class="spacer battle-history"><br></div><div class="battle-history">The opposing Zapdos used <strong>Discharge</strong>!<br></div><div class="battle-history"><small>(Chansey lost <abbr title="−67/702">9.5%</abbr> of its health!)</small><br></div><div class="spacer battle-history"><br></div><div class="battle-history">Chansey used <strong>Soft-Boiled</strong>!<br></div><div class="battle-history"><small>Chansey restored its HP.</small><br></div><div class="spacer battle-history"><br></div><h2 class="battle-history">Turn 35</h2><div class="chat message-error">Reloj de batalla ENCENDIDO. El jugador inactivo será descalificado (solicitado por ❤DJ × Yunoø❤).</div><div class="chat message-error">Vanilla Ninja tiene 285 segundos restantes.</div><div class="chat message-error">Vanilla Ninja tiene 270 segundos restantes.</div><div class="spacer battle-history"><br></div><div class="battle-history">The opposing Zapdos used <strong>Discharge</strong>!<br></div><div class="battle-history"><small>(Chansey lost <abbr title="−76/702">10.8%</abbr> of its health!)</small><br></div><div class="spacer battle-history"><br></div><div class="battle-history">Chansey used <strong>Soft-Boiled</strong>!<br></div><div class="battle-history"><small>Chansey restored its HP.</small><br></div><div class="spacer battle-history"><br></div><h2 class="battle-history">Turn 36</h2><div class="spacer battle-history"><br></div><div class="battle-history">The opposing Zapdos used <strong>Discharge</strong>!<br></div><div class="battle-history"><small>(Chansey lost <abbr title="−72/702">10.3%</abbr> of its health!)</small><br></div><div class="spacer battle-history"><br></div><div class="battle-history">Chansey used <strong>Toxic</strong>!<br></div><div class="battle-history"><small>The opposing Zapdos was badly poisoned!</small><br></div><div class="spacer battle-history"><br></div><div class="battle-history"><small>The opposing Zapdos was hurt by poison!</small><br></div><div class="spacer battle-history"><br></div><h2 class="battle-history">Turn 37</h2><div class="spacer battle-history"><br></div><div class="battle-history">The opposing Zapdos used <strong>Discharge</strong>!<br></div><div class="battle-history"><small>(Chansey lost <abbr title="−73/702">10.4%</abbr> of its health!)</small><br></div><div class="spacer battle-history"><br></div><div class="battle-history">Chansey used <strong>Seismic Toss</strong>!<br></div><div class="battle-history"><small>(The opposing Zapdos lost <abbr title="−100/384">26.0%</abbr> of its health!)</small><br></div><div class="spacer battle-history"><br></div><div class="battle-history"><small>The opposing Zapdos was hurt by poison!</small><br></div><div class="spacer battle-history"><br></div><h2 class="battle-history">Turn 38</h2><div class="spacer battle-history"><br></div><div class="battle-history">Chansey, come back!<br></div><div class="battle-history">Go! <strong>Zeraora</strong>!<br></div><div class="battle-history"><small>Pointed stones dug into Zeraora!</small><br></div><div class="spacer battle-history"><br></div><div class="battle-history">The opposing Zapdos used <strong>Discharge</strong>!<br></div><div class="battle-history"><small>[Zeraora's Volt Absorb]</small><br><small>Zeraora restored its HP.</small><br></div><div class="spacer battle-history"><br></div><div class="battle-history"><small>The opposing Zapdos was hurt by poison!</small><br></div><div class="spacer battle-history"><br></div><h2 class="battle-history">Turn 39</h2><div class="spacer battle-history"><br></div><div class="battle-history"><small>❤DJ × Yunoø❤ se rindió.</small><br></div><div class="spacer battle-history"><br></div><div class="battle-history"><strong>Vanilla Ninja</strong> won the battle!<br></div></div><div class="inner-preempt"></div></div></div>
</div>
<script>
let daily = Math.floor(Date.now()/1000/60/60/24);document.write('<script src="https://play.pokemonshowdown.com/js/replay-embed.js?version'+daily+'"></'+'script>');
</script>
