<!DOCTYPE html>
<meta charset="utf-8" />
<!-- version 1 -->
<title>OU replay: Seiko leich vs. 🐮 EdwardEllric 🐮</title>
<style>
html,body {font-family:Verdana, sans-serif;font-size:10pt;margin:0;padding:0;}body{padding:12px 0;} .battle-log {font-family:Verdana, sans-serif;font-size:10pt;} .battle-log-inline {border:1px solid #AAAAAA;background:#EEF2F5;color:black;max-width:640px;margin:0 auto 80px;padding-bottom:5px;} .battle-log .inner {padding:4px 8px 0px 8px;} .battle-log .inner-preempt {padding:0 8px 4px 8px;} .battle-log .inner-after {margin-top:0.5em;} .battle-log h2 {margin:0.5em -8px;padding:4px 8px;border:1px solid #AAAAAA;background:#E0E7EA;border-left:0;border-right:0;font-family:Verdana, sans-serif;font-size:13pt;} .battle-log .chat {vertical-align:middle;padding:3px 0 3px 0;font-size:8pt;} .battle-log .chat strong {color:#40576A;} .battle-log .chat em {padding:1px 4px 1px 3px;color:#000000;font-style:normal;} .chat.mine {background:rgba(0,0,0,0.05);margin-left:-8px;margin-right:-8px;padding-left:8px;padding-right:8px;} .spoiler {color:#BBBBBB;background:#BBBBBB;padding:0px 3px;} .spoiler:hover, .spoiler:active, .spoiler-shown {color:#000000;background:#E2E2E2;padding:0px 3px;} .spoiler a {color:#BBBBBB;} .spoiler:hover a, .spoiler:active a, .spoiler-shown a {color:#2288CC;} .chat code, .chat .spoiler:hover code, .chat .spoiler:active code, .chat .spoiler-shown code {border:1px solid #C0C0C0;background:#EEEEEE;color:black;padding:0 2px;} .chat .spoiler code {border:1px solid #CCCCCC;background:#CCCCCC;color:#CCCCCC;} .battle-log .rated {padding:3px 4px;} .battle-log .rated strong {color:white;background:#89A;padding:1px 4px;border-radius:4px;} .spacer {margin-top:0.5em;} .message-announce {background:#6688AA;color:white;padding:1px 4px 2px;} .message-announce a, .broadcast-green a, .broadcast-blue a, .broadcast-red a {color:#DDEEFF;} .broadcast-green {background-color:#559955;color:white;padding:2px 4px;} .broadcast-blue {background-color:#6688AA;color:white;padding:2px 4px;} .infobox {border:1px solid #6688AA;padding:2px 4px;} .infobox-limited {max-height:200px;overflow:auto;overflow-x:hidden;} .broadcast-red {background-color:#AA5544;color:white;padding:2px 4px;} .message-learn-canlearn {font-weight:bold;color:#228822;text-decoration:underline;} .message-learn-cannotlearn {font-weight:bold;color:#CC2222;text-decoration:underline;} .message-effect-weak {font-weight:bold;color:#CC2222;} .message-effect-resist {font-weight:bold;color:#6688AA;} .message-effect-immune {font-weight:bold;color:#666666;} .message-learn-list {margin-top:0;margin-bottom:0;} .message-throttle-notice, .message-error {color:#992222;} .message-overflow, .chat small.message-overflow {font-size:0pt;} .message-overflow::before {font-size:9pt;content:'...';} .subtle {color:#3A4A66;}
</style>
<div class="wrapper replay-wrapper" style="max-width:1180px;margin:0 auto">
<input type="hidden" name="replayid" value="destiny-ou-549653" />
<div class="battle"></div><div class="battle-log"></div><div class="replay-controls"></div><div class="replay-controls-2"></div>
<h1 style="font-weight:normal;text-align:center"><strong>OU</strong><br /><a href="http://pokemonshowdown.com/users/seikoleich" class="subtle" target="_blank">Seiko leich</a> vs. <a href="http://pokemonshowdown.com/users/edwardellric" class="subtle" target="_blank">🐮 EdwardEllric 🐮</a></h1>
<script type="text/plain" class="battle-log-data">|unlink|||tour
|player|p1|Seiko leich|169
|teamsize|p1|6
|player|p2|🐮 EdwardEllric 🐮|edwardellric.gif?04209c83
|teamsize|p2|6
|teamsize|p1|6
|teamsize|p2|6
|gametype|singles
|gen|7
|tier|OU
|seed|40596,50220,47082,44937
|rule|Cláusula-Mod de Dormir: solo puedes dormir a uno de tus oponentes a la vez.
|rule|Cláusula de Especie: Hasta un Pokémon de cada especie
|rule|Cláusula de Golpe Fulminante: los movimientos fulminantes (OHKO) estan prohibidos
|rule|Cláusula de Veleta: la habilidad Veleta está prohibida
|rule|Cláusula de Movimientos Evasivos: los movimientos de Evasión están prohibidos.
|rule|Cláusula de Batallas Eternas: forzar batallas eternas está prohibido
|clearpoke
|poke|p1|Kingler, M|item
|poke|p1|Meowstic, M|item
|poke|p1|Marowak-Alola, M|item
|poke|p1|Beheeyem, M|item
|poke|p1|Donphan, M|item
|poke|p1|Alakazam, M|item
|poke|p2|Terrakion|item
|poke|p2|Charizard, M|item
|poke|p2|Landorus-Therian, M|item
|poke|p2|Clefable, F|item
|poke|p2|Zapdos|item
|poke|p2|Toxapex, M|item
|teampreview|undefined
|choice|*|*team 321456
|c|☆Seiko leich|te has cambiado el nick
|c|☆Seiko leich|?
|c|☆🐮 EdwardEllric 🐮|???
|c|☆Seiko leich|antes tenias como una carita feliz?
|c|☆🐮 EdwardEllric 🐮|ah si
|c|☆Seiko leich|=)
|c|☆Seiko leich|jajajajajaja
|c|☆🐮 EdwardEllric 🐮|pero ahora solo unas vaquitas
|c|☆Seiko leich|ok
|choice|*team 213456|*
|choice|team 2, 1, 3, 4, 5, 6|team 3, 2, 1, 4, 5, 6
|
|start
|switch|p1a: Meowstic|Meowstic, M|290\/290
|switch|p2a: Landorus|Landorus-Therian, M|321\/321
|-ability|p2a: Landorus|Intimidate|boost
|-unboost|p1a: Meowstic|atk|1
|turn|1
|choice|*|*move 4
|choice|*move 2|*
|choice|move reflect|move knockoff
|
|move|p1a: Meowstic|Reflect|p1a: Meowstic
|-sidestart|p1: Seiko leich|Reflect
|move|p2a: Landorus|Knock Off|p1a: Meowstic
|-supereffective|p1a: Meowstic
|-damage|p1a: Meowstic|160\/290
|-enditem|p1a: Meowstic|Light Clay|[from] move: Knock Off|[of] p2a: Landorus
|
|upkeep
|turn|2
|choice|*|*move 4
|choice|*move 4|*
|choice|move yawn|move knockoff
|
|move|p1a: Meowstic|Yawn|p2a: Landorus
|-start|p2a: Landorus|move: Yawn|[of] p1a: Meowstic
|move|p2a: Landorus|Knock Off|p1a: Meowstic
|-supereffective|p1a: Meowstic
|-damage|p1a: Meowstic|77\/290
|
|upkeep
|turn|3
|choice|*|*switch 5
|choice|*move 3|*
|choice|move trickroom|switch 5
|
|switch|p2a: Zapdos|Zapdos|383\/383
|-ability|p2a: Zapdos|Pressure
|move|p1a: Meowstic|Trick Room|p1a: Meowstic
|-fieldstart|move: Trick Room|[of] p1a: Meowstic
|
|upkeep
|turn|4
|choice|*|*move 4
|choice|*move 4|*
|choice|move yawn|move defog
|
|move|p1a: Meowstic|Yawn|p2a: Zapdos
|-start|p2a: Zapdos|move: Yawn|[of] p1a: Meowstic
|move|p2a: Zapdos|Defog|p1a: Meowstic
|-unboost|p1a: Meowstic|evasion|1
|-sideend|p1: Seiko leich|Reflect
|-fail|p2a: Zapdos
|
|upkeep
|turn|5
|choice|*move 1|*
|choice|*|*switch 5
|choice|move lightscreen|switch 5
|
|switch|p2a: Landorus|Landorus-Therian, M|321\/321
|-ability|p2a: Landorus|Intimidate|boost
|-unboost|p1a: Meowstic|atk|1
|move|p1a: Meowstic|Light Screen|p1a: Meowstic
|-sidestart|p1: Seiko leich|move: Light Screen
|
|upkeep
|turn|6
|choice|*|*move 2
|choice|*switch 5|*
|choice|switch 5|move uturn
|
|switch|p1a: Donphan|Donphan, M|321\/321
|move|p2a: Landorus|U-turn|p1a: Donphan
|-damage|p1a: Donphan|256\/321
|-damage|p2a: Landorus|268\/321|[from] item: Rocky Helmet|[of] p1a: Donphan
|choice|*|*switch 6
|choice||switch 6
|
|switch|p2a: Toxapex|Toxapex, M|304\/304|[from]move: U-turn
|
|upkeep
|turn|7
|choice|*|*move 3
|choice|*|*switch 5
|choice|*move 1|*
|choice|move earthquake|switch 5
|
|switch|p2a: Zapdos|Zapdos|383\/383
|-ability|p2a: Zapdos|Pressure
|move|p1a: Donphan|Earthquake|p2a: Zapdos
|-immune|p2a: Zapdos|[msg]
|
|-fieldend|move: Trick Room
|upkeep
|turn|8
|choice|*|*move 4
|choice|*move 3|*
|choice|move stealthrock|move defog
|
|move|p2a: Zapdos|Defog|p1a: Donphan
|-unboost|p1a: Donphan|evasion|1
|-sideend|p1: Seiko leich|move: Light Screen
|-fail|p2a: Zapdos
|move|p1a: Donphan|Stealth Rock|p2a: Zapdos
|-sidestart|p2: 🐮 EdwardEllric 🐮|move: Stealth Rock
|
|upkeep
|turn|9
|choice|*|*move 4
|choice|*switch 5|*
|choice|switch 5|move defog
|
|switch|p1a: Meowstic|Meowstic, M|77\/290
|move|p2a: Zapdos|Defog|p1a: Meowstic
|-unboost|p1a: Meowstic|evasion|1
|-sideend|p2: 🐮 EdwardEllric 🐮|Stealth Rock|[from] move: Defog|[of] p2a: Zapdos
|
|upkeep
|turn|10
|choice|*|*move 1
|choice|*move 3|*
|choice|move trickroom|move thunderbolt
|
|move|p2a: Zapdos|Thunderbolt|p1a: Meowstic
|-damage|p1a: Meowstic|0 fnt
|faint|p1a: Meowstic
|
|upkeep
|choice|*switch 4|*
|choice|switch 4|
|
|switch|p1a: Beheeyem|Beheeyem, M|291\/291
|turn|11
|choice|*|*move 1
|choice|*move 2|*
|choice|move trickroom|move thunderbolt
|
|move|p2a: Zapdos|Thunderbolt|p1a: Beheeyem
|-damage|p1a: Beheeyem|189\/291
|-status|p1a: Beheeyem|par
|-activate|p1a: Beheeyem|ability: Synchronize
|-immune|p2a: Zapdos|[msg]
|move|p1a: Beheeyem|Trick Room|p1a: Beheeyem
|-fieldstart|move: Trick Room|[of] p1a: Beheeyem
|
|-heal|p1a: Beheeyem|207\/291 par|[from] item: Leftovers
|upkeep
|turn|12
|choice|*|*move 1
|choice|*switch 5|*
|choice|switch 5|move thunderbolt
|
|switch|p1a: Donphan|Donphan, M|256\/321
|move|p2a: Zapdos|Thunderbolt|p1a: Donphan
|-immune|p1a: Donphan|[msg]
|
|upkeep
|turn|13
|choice|*|*move 2
|choice|*|*switch 6
|choice|*move 2|*
|choice|move iceshard|switch 6
|
|switch|p2a: Landorus|Landorus-Therian, M|268\/321
|-ability|p2a: Landorus|Intimidate|boost
|-unboost|p1a: Donphan|atk|1
|move|p1a: Donphan|Ice Shard|p2a: Landorus
|-supereffective|p2a: Landorus
|-damage|p2a: Landorus|136\/321
|
|upkeep
|turn|14
|choice|*|*switch 5
|choice|*move 3|*
|choice|move stealthrock|switch 5
|
|switch|p2a: Toxapex|Toxapex, M|304\/304
|move|p1a: Donphan|Stealth Rock|p2a: Toxapex
|-sidestart|p2: 🐮 EdwardEllric 🐮|move: Stealth Rock
|
|upkeep
|turn|15
|choice|*|*move 4
|choice|*switch 5|*
|choice|*|*move 1
|choice|switch 5|move toxicspikes
|
|switch|p1a: Beheeyem|Beheeyem, M|207\/291 par
|move|p2a: Toxapex|Toxic Spikes|p1a: Beheeyem
|-sidestart|p1: Seiko leich|move: Toxic Spikes
|
|-heal|p1a: Beheeyem|225\/291 par|[from] item: Leftovers
|-fieldend|move: Trick Room
|upkeep
|turn|16
|choice|*|*move 1
|choice|*move 1|*
|choice|move psychic|move toxicspikes
|
|move|p2a: Toxapex|Toxic Spikes|p1a: Beheeyem
|-sidestart|p1: Seiko leich|move: Toxic Spikes
|cant|p1a: Beheeyem|par
|
|-heal|p1a: Beheeyem|243\/291 par|[from] item: Leftovers
|upkeep
|turn|17
|choice|*|*move 4
|choice|*move 1|*
|choice|move psychic|move scald
|
|move|p2a: Toxapex|Scald|p1a: Beheeyem
|-damage|p1a: Beheeyem|198\/291 par
|move|p1a: Beheeyem|Psychic|p2a: Toxapex
|-supereffective|p2a: Toxapex
|-damage|p2a: Toxapex|110\/304
|
|-heal|p2a: Toxapex|129\/304|[from] item: Black Sludge
|-heal|p1a: Beheeyem|216\/291 par|[from] item: Leftovers
|upkeep
|turn|18
|choice|*move 2|*
|choice|*|*move 3
|choice|move trickroom|move banefulbunker
|
|move|p2a: Toxapex|Baneful Bunker|p2a: Toxapex
|-singleturn|p2a: Toxapex|move: Protect
|move|p1a: Beheeyem|Trick Room|p1a: Beheeyem
|-fieldstart|move: Trick Room|[of] p1a: Beheeyem
|
|-heal|p1a: Beheeyem|234\/291 par|[from] item: Leftovers
|-heal|p2a: Toxapex|148\/304|[from] item: Black Sludge
|upkeep
|turn|19
|choice|*|*switch 4
|choice|*move 1|*
|choice|move psychic|switch 4
|
|switch|p2a: Clefable|Clefable, F|394\/394
|-damage|p2a: Clefable|345\/394|[from] Stealth Rock
|move|p1a: Beheeyem|Psychic|p2a: Clefable
|-damage|p2a: Clefable|146\/394
|
|-heal|p1a: Beheeyem|252\/291 par|[from] item: Leftovers
|-heal|p2a: Clefable|170\/394|[from] item: Leftovers
|upkeep
|turn|20
|choice|*|*move 3
|choice|*move 1|*
|choice|move psychic|move protect
|
|move|p2a: Clefable|Protect|p2a: Clefable
|-singleturn|p2a: Clefable|Protect
|move|p1a: Beheeyem|Psychic|p2a: Clefable
|-activate|p2a: Clefable|move: Protect
|
|-heal|p1a: Beheeyem|270\/291 par|[from] item: Leftovers
|-heal|p2a: Clefable|194\/394|[from] item: Leftovers
|upkeep
|turn|21
|choice|*|*move 1
|choice|*|*move 3
|choice|*move 1|*
|choice|move psychic|move protect
|
|move|p2a: Clefable|Protect|p2a: Clefable
|-fail|p2a: Clefable
|move|p1a: Beheeyem|Psychic|p2a: Clefable
|-damage|p2a: Clefable|8\/394
|
|-heal|p1a: Beheeyem|288\/291 par|[from] item: Leftovers
|-heal|p2a: Clefable|32\/394|[from] item: Leftovers
|upkeep
|turn|22
|choice|*|*move 1
|choice|*move 1|*
|choice|move psychic|move moonblast
|
|cant|p1a: Beheeyem|par
|move|p2a: Clefable|Moonblast|p1a: Beheeyem
|-damage|p1a: Beheeyem|197\/291 par
|
|-heal|p1a: Beheeyem|215\/291 par|[from] item: Leftovers
|-heal|p2a: Clefable|56\/394|[from] item: Leftovers
|-fieldend|move: Trick Room
|upkeep
|turn|23
|choice|*|*move 1
|choice|*move 2|*
|choice|move trickroom|move moonblast
|
|move|p2a: Clefable|Moonblast|p1a: Beheeyem
|-damage|p1a: Beheeyem|127\/291 par
|-unboost|p1a: Beheeyem|spa|1
|cant|p1a: Beheeyem|par
|
|-heal|p2a: Clefable|80\/394|[from] item: Leftovers
|-heal|p1a: Beheeyem|145\/291 par|[from] item: Leftovers
|upkeep
|turn|24
|choice|*move 2|*
|choice|*|*move 1
|choice|move trickroom|move moonblast
|
|move|p2a: Clefable|Moonblast|p1a: Beheeyem
|-damage|p1a: Beheeyem|63\/291 par
|cant|p1a: Beheeyem|par
|
|-heal|p2a: Clefable|104\/394|[from] item: Leftovers
|-heal|p1a: Beheeyem|81\/291 par|[from] item: Leftovers
|upkeep
|turn|25
|choice|*|*move 1
|c|☆🐮 EdwardEllric 🐮|lol
|choice|*move 2|*
|choice|move trickroom|move moonblast
|
|move|p2a: Clefable|Moonblast|p1a: Beheeyem
|-damage|p1a: Beheeyem|0 fnt
|faint|p1a: Beheeyem
|
|-heal|p2a: Clefable|128\/394|[from] item: Leftovers
|upkeep
|choice|*switch 6|*
|choice|switch 6|
|
|switch|p1a: Alakazam|Alakazam, M|251\/251
|-status|p1a: Alakazam|tox
|turn|26
|choice|*|*move 1
|choice|*move 1|*
|choice|move psychic|move moonblast
|
|move|p1a: Alakazam|Psychic|p2a: Clefable
|-damage|p2a: Clefable|0 fnt
|faint|p2a: Clefable
|
|upkeep
|choice|*|*switch 5
|choice||switch 5
|
|switch|p2a: Landorus|Landorus-Therian, M|136\/321
|-damage|p2a: Landorus|96\/321|[from] Stealth Rock
|-ability|p2a: Landorus|Intimidate|boost
|-unboost|p1a: Alakazam|atk|1
|turn|27
|choice|*|*move 2
|choice|*switch 5|*
|choice|switch 5|move uturn
|
|switch|p1a: Donphan|Donphan, M|256\/321
|-status|p1a: Donphan|tox
|move|p2a: Landorus|U-turn|p1a: Donphan
|-damage|p1a: Donphan|189\/321 tox
|-damage|p2a: Landorus|43\/321|[from] item: Rocky Helmet|[of] p1a: Donphan
|choice|*|*switch 2
|choice||switch 2
|
|switch|p2a: Charizard|Charizard, M|297\/297|[from]move: U-turn
|-damage|p2a: Charizard|149\/297|[from] Stealth Rock
|
|-damage|p1a: Donphan|169\/321 tox|[from] psn
|upkeep
|turn|28
|choice|*|*move 1 mega
|choice|*move 4|*
|choice|move rapidspin|move flamethrower mega
|
|-mega|p2a: Charizard|Charizard|Charizardite Y
|detailschange|p2a: Charizard|Charizard-Mega-Y, M
|-weather|SunnyDay|[from] ability: Drought|[of] p2a: Charizard
|move|p2a: Charizard|Flamethrower|p1a: Donphan
|-damage|p1a: Donphan|0 fnt
|faint|p1a: Donphan
|
|-weather|SunnyDay|[upkeep]
|upkeep
|choice|*switch 5|*
|choice|switch 5|
|
|switch|p1a: Alakazam|Alakazam, M|251\/251 tox
|turn|29
|choice|*|*move 4
|choice|*move 1|*
|choice|move psychic|move roost
|
|move|p1a: Alakazam|Psychic|p2a: Charizard
|-damage|p2a: Charizard|10\/297
|move|p2a: Charizard|Roost|p2a: Charizard
|-heal|p2a: Charizard|159\/297
|
|-weather|SunnyDay|[upkeep]
|upkeep
|turn|30
|choice|*|*move 1
|choice|*move 1 mega|*
|choice|move psychic mega|move flamethrower
|
|-mega|p1a: Alakazam|Alakazam|Alakazite
|detailschange|p1a: Alakazam|Alakazam-Mega, M
|-ability|p1a: Alakazam|Drought|[from] ability: Trace|[of] p2a: Charizard
|move|p1a: Alakazam|Psychic|p2a: Charizard
|-crit|p2a: Charizard
|-damage|p2a: Charizard|0 fnt
|faint|p2a: Charizard
|
|-weather|SunnyDay|[upkeep]
|-damage|p1a: Alakazam|221\/251 tox|[from] psn
|upkeep
|choice|*|*switch 6
|choice||switch 6
|
|switch|p2a: Zapdos|Zapdos|383\/383
|-damage|p2a: Zapdos|288\/383|[from] Stealth Rock
|-ability|p2a: Zapdos|Pressure
|turn|31
|choice|*|*move 3
|choice|*move 4|*
|choice|move trickroom|move roost
|
|move|p2a: Zapdos|Roost|p2a: Zapdos
|-heal|p2a: Zapdos|383\/383
|move|p1a: Alakazam|Trick Room|p1a: Alakazam
|-fieldstart|move: Trick Room|[of] p1a: Alakazam
|
|-weather|SunnyDay|[upkeep]
|-damage|p1a: Alakazam|176\/251 tox|[from] psn
|upkeep
|turn|32
|choice|*|*move 1
|choice|*switch 3|*
|choice|switch 3|move thunderbolt
|
|switch|p1a: Marowak|Marowak-Alola, M|261\/261
|-status|p1a: Marowak|tox
|move|p2a: Zapdos|Thunderbolt|p1a: Marowak
|-damage|p1a: Marowak|117\/261 tox
|
|-weather|none
|-damage|p1a: Marowak|101\/261 tox|[from] psn
|upkeep
|turn|33
|choice|*|*switch 4
|choice|*move 4|*
|choice|move swordsdance|switch 4
|
|switch|p2a: Toxapex|Toxapex, M|249\/304
|-damage|p2a: Toxapex|211\/304|[from] Stealth Rock
|move|p1a: Marowak|Swords Dance|p1a: Marowak
|-boost|p1a: Marowak|atk|2
|
|-heal|p2a: Toxapex|230\/304|[from] item: Black Sludge
|-damage|p1a: Marowak|69\/261 tox|[from] psn
|upkeep
|turn|34
|choice|*move 2|*
|choice|*|*move 3
|choice|move shadowbone|move banefulbunker
|
|move|p2a: Toxapex|Baneful Bunker|p2a: Toxapex
|-singleturn|p2a: Toxapex|move: Protect
|move|p1a: Marowak|Shadow Bone|p2a: Toxapex
|-activate|p2a: Toxapex|move: Protect
|
|-heal|p2a: Toxapex|249\/304|[from] item: Black Sludge
|-damage|p1a: Marowak|21\/261 tox|[from] psn
|upkeep
|turn|35
|choice|*move 2|*
|choice|*|*move 4
|choice|move shadowbone|move scald
|
|move|p2a: Toxapex|Scald|p1a: Marowak
|-supereffective|p1a: Marowak
|-crit|p1a: Marowak
|-damage|p1a: Marowak|0 fnt
|faint|p1a: Marowak
|
|-heal|p2a: Toxapex|268\/304|[from] item: Black Sludge
|-fieldend|move: Trick Room
|upkeep
|choice|*switch 3|*
|choice|switch 3|
|
|switch|p1a: Alakazam|Alakazam-Mega, M|176\/251 tox
|-ability|p1a: Alakazam|Regenerator|[from] ability: Trace|[of] p2a: Toxapex
|turn|36
|choice|*move 1|*
|choice|*|*move 4
|choice|move psychic|move scald
|
|move|p1a: Alakazam|Psychic|p2a: Toxapex
|-supereffective|p2a: Toxapex
|-damage|p2a: Toxapex|44\/304
|move|p2a: Toxapex|Scald|p1a: Alakazam
|-crit|p1a: Alakazam
|-damage|p1a: Alakazam|100\/251 tox
|
|-heal|p2a: Toxapex|63\/304|[from] item: Black Sludge
|-damage|p1a: Alakazam|85\/251 tox|[from] psn
|upkeep
|turn|37
|choice|*|*move 4
|choice|*move 1|*
|choice|move psychic|move scald
|
|move|p1a: Alakazam|Psychic|p2a: Toxapex
|-supereffective|p2a: Toxapex
|-damage|p2a: Toxapex|0 fnt
|faint|p2a: Toxapex
|
|-damage|p1a: Alakazam|55\/251 tox|[from] psn
|upkeep
|choice|*|*switch 2
|choice||switch 2
|
|switch|p2a: Landorus|Landorus-Therian, M|43\/321
|-damage|p2a: Landorus|3\/321|[from] Stealth Rock
|-ability|p2a: Landorus|Intimidate|boost
|-unboost|p1a: Alakazam|atk|1
|turn|38
|choice|*|*move 2
|choice|*move 4|*
|choice|move trickroom|move uturn
|
|move|p2a: Landorus|U-turn|p1a: Alakazam
|-supereffective|p1a: Alakazam
|-damage|p1a: Alakazam|0 fnt
|faint|p1a: Alakazam
|choice|*|*switch 3
|choice||switch 3
|
|switch|p2a: Terrakion|Terrakion|323\/323|[from]move: U-turn
|-damage|p2a: Terrakion|303\/323|[from] Stealth Rock
|
|upkeep
|c|☆Seiko leich|triple paralisis
|c|☆Seiko leich|jajaja
|choice|*switch 2|*
|choice|switch 2|
|
|switch|p1a: Kingler|Kingler, M|251\/251
|-status|p1a: Kingler|tox
|turn|39
|c|☆🐮 EdwardEllric 🐮|no importaba viejo
|choice|*move 1|*
|c|☆🐮 EdwardEllric 🐮|queria matar al clefable
|choice|*|*move 2 zmove
|choice|move liquidation|move stoneedge zmove
|
|-zpower|p2a: Terrakion
|move|p2a: Terrakion|Continental Crush|p1a: Kingler|[zeffect]
|-damage|p1a: Kingler|5\/251 tox
|move|p1a: Kingler|Liquidation|p2a: Terrakion
|-supereffective|p2a: Terrakion
|-damage|p2a: Terrakion|0 fnt
|faint|p2a: Terrakion
|
|-damage|p1a: Kingler|0 fnt|[from] psn
|upkeep
|faint|p1a: Kingler
|
|win|🐮 EdwardEllric 🐮
|c|☆Seiko leich|yo queria el espacio raro
|c|☆Seiko leich|XD
</script>
</div>
<div class="battle-log battle-log-inline"><div class="inner"><div class="battle-options"></div><div class="inner"><div class=""><small>Format:</small> <br><strong>OU</strong></div><div class=""><small><em>Cláusula-Mod de Dormir:</em> solo puedes dormir a uno de tus oponentes a la vez.</small></div><div class=""><small><em>Cláusula de Especie:</em> Hasta un Pokémon de cada especie</small></div><div class=""><small><em>Cláusula de Golpe Fulminante:</em> los movimientos fulminantes (OHKO) estan prohibidos</small></div><div class=""><small><em>Cláusula de Veleta:</em> la habilidad Veleta está prohibida</small></div><div class=""><small><em>Cláusula de Movimientos Evasivos:</em> los movimientos de Evasión están prohibidos.</small></div><div class=""><small><em>Cláusula de Batallas Eternas:</em> forzar batallas eternas está prohibido</small></div><div class="chat battle-history"><strong>Seiko leich's team:</strong> <em style="color:#445566;display:block;">Kingler / Meowstic / Marowak-Alola / Beheeyem / Donphan / Alakazam</em></div><div class="chat battle-history"><strong>🐮 EdwardEllric 🐮's team:</strong> <em style="color:#445566;display:block;">Terrakion / Charizard / Landorus-Therian / Clefable / Zapdos / Toxapex</em></div><div class="chat chatmessage-seikoleich"><strong style="color:hsl(241,83%,63.70924950423548%)"><small>☆</small><span class="username" data-name="Seiko leich">Seiko leich</span>:</strong> <em>te has cambiado el nick</em></div><div class="chat chatmessage-seikoleich"><strong style="color:hsl(241,83%,63.70924950423548%)"><small>☆</small><span class="username" data-name="Seiko leich">Seiko leich</span>:</strong> <em>?</em></div><div class="chat chatmessage-edwardellric"><strong style="color:hsl(55,45%,33%)"><small>☆</small><span class="username" data-name="🐮 EdwardEllric 🐮">🐮 EdwardEllric 🐮</span>:</strong> <em>???</em></div><div class="chat chatmessage-seikoleich"><strong style="color:hsl(241,83%,63.70924950423548%)"><small>☆</small><span class="username" data-name="Seiko leich">Seiko leich</span>:</strong> <em>antes tenias como una carita feliz?</em></div><div class="chat chatmessage-edwardellric"><strong style="color:hsl(55,45%,33%)"><small>☆</small><span class="username" data-name="🐮 EdwardEllric 🐮">🐮 EdwardEllric 🐮</span>:</strong> <em>ah si</em></div><div class="chat chatmessage-seikoleich"><strong style="color:hsl(241,83%,63.70924950423548%)"><small>☆</small><span class="username" data-name="Seiko leich">Seiko leich</span>:</strong> <em>=)</em></div><div class="chat chatmessage-seikoleich"><strong style="color:hsl(241,83%,63.70924950423548%)"><small>☆</small><span class="username" data-name="Seiko leich">Seiko leich</span>:</strong> <em>jajajajajaja</em></div><div class="chat chatmessage-edwardellric"><strong style="color:hsl(55,45%,33%)"><small>☆</small><span class="username" data-name="🐮 EdwardEllric 🐮">🐮 EdwardEllric 🐮</span>:</strong> <em>pero ahora solo unas vaquitas</em></div><div class="chat chatmessage-seikoleich"><strong style="color:hsl(241,83%,63.70924950423548%)"><small>☆</small><span class="username" data-name="Seiko leich">Seiko leich</span>:</strong> <em>ok</em></div><div class="spacer battle-history"><br></div><div class="battle-history">Battle started between Seiko leich and 🐮 EdwardEllric 🐮!<br></div><div class="spacer battle-history"><br></div><div class="battle-history">Go! <strong>Meowstic</strong>!<br></div><div class="spacer battle-history"><br></div><div class="battle-history">🐮 EdwardEllric 🐮 sent out Landorus (<strong>Landorus-Therian</strong>)!<br></div><div class="battle-history"><small>[The opposing Landorus's Intimidate]</small><br></div><div class="battle-history"><small>Meowstic's Attack fell!</small><br></div><div class="spacer battle-history"><br></div><h2 class="battle-history">Turn 1</h2><div class="spacer battle-history"><br></div><div class="battle-history">Meowstic used <strong>Reflect</strong>!<br></div><div class="battle-history"><small>Reflect made your team stronger against physical moves!</small><br></div><div class="spacer battle-history"><br></div><div class="battle-history">The opposing Landorus used <strong>Knock Off</strong>!<br></div><div class="battle-history"><small>It's super effective!</small><br></div><div class="battle-history"><small>(Meowstic lost <abbr title="−130/290">44.8%</abbr> of its health!)</small><br></div><div class="battle-history"><small>The opposing Landorus knocked off Meowstic's Light Clay!</small><br></div><div class="spacer battle-history"><br></div><h2 class="battle-history">Turn 2</h2><div class="spacer battle-history"><br></div><div class="battle-history">Meowstic used <strong>Yawn</strong>!<br></div><div class="battle-history"><small>The opposing Landorus grew drowsy!</small><br></div><div class="spacer battle-history"><br></div><div class="battle-history">The opposing Landorus used <strong>Knock Off</strong>!<br></div><div class="battle-history"><small>It's super effective!</small><br></div><div class="battle-history"><small>(Meowstic lost <abbr title="−83/290">28.6%</abbr> of its health!)</small><br></div><div class="spacer battle-history"><br></div><h2 class="battle-history">Turn 3</h2><div class="spacer battle-history"><br></div><div class="battle-history">🐮 EdwardEllric 🐮 withdrew Landorus!<br></div><div class="battle-history">🐮 EdwardEllric 🐮 sent out <strong>Zapdos</strong>!<br></div><div class="battle-history"><small>[The opposing Zapdos's Pressure]</small><br><small>The opposing Zapdos is exerting its pressure!</small><br></div><div class="spacer battle-history"><br></div><div class="battle-history">Meowstic used <strong>Trick Room</strong>!<br></div><div class="battle-history"><small>Meowstic twisted the dimensions!</small><br></div><div class="spacer battle-history"><br></div><h2 class="battle-history">Turn 4</h2><div class="spacer battle-history"><br></div><div class="battle-history">Meowstic used <strong>Yawn</strong>!<br></div><div class="battle-history"><small>The opposing Zapdos grew drowsy!</small><br></div><div class="spacer battle-history"><br></div><div class="battle-history">The opposing Zapdos used <strong>Defog</strong>!<br></div><div class="battle-history"><small>Meowstic's evasiveness fell!</small><br></div><div class="battle-history"><small>Your team's Reflect wore off!</small><br></div><div class="battle-history"><small>But it failed!</small><br></div><div class="spacer battle-history"><br></div><h2 class="battle-history">Turn 5</h2><div class="spacer battle-history"><br></div><div class="battle-history">🐮 EdwardEllric 🐮 withdrew Zapdos!<br></div><div class="battle-history">🐮 EdwardEllric 🐮 sent out Landorus (<strong>Landorus-Therian</strong>)!<br></div><div class="battle-history"><small>[The opposing Landorus's Intimidate]</small><br></div><div class="battle-history"><small>Meowstic's Attack fell!</small><br></div><div class="spacer battle-history"><br></div><div class="battle-history">Meowstic used <strong>Light Screen</strong>!<br></div><div class="battle-history"><small>Light Screen made your team stronger against special moves!</small><br></div><div class="spacer battle-history"><br></div><h2 class="battle-history">Turn 6</h2><div class="spacer battle-history"><br></div><div class="battle-history">Meowstic, come back!<br></div><div class="battle-history">Go! <strong>Donphan</strong>!<br></div><div class="spacer battle-history"><br></div><div class="battle-history">The opposing Landorus used <strong>U-turn</strong>!<br></div><div class="battle-history"><small>(Donphan lost <abbr title="−65/321">20.2%</abbr> of its health!)</small><br></div><div class="battle-history"><small>The opposing Landorus was hurt by the Rocky Helmet!</small><br></div><div class="spacer battle-history"><br></div><div class="battle-history">The opposing Landorus went back to 🐮 EdwardEllric 🐮!<br></div><div class="battle-history">🐮 EdwardEllric 🐮 sent out <strong>Toxapex</strong>!<br></div><div class="spacer battle-history"><br></div><h2 class="battle-history">Turn 7</h2><div class="spacer battle-history"><br></div><div class="battle-history">🐮 EdwardEllric 🐮 withdrew Toxapex!<br></div><div class="battle-history">🐮 EdwardEllric 🐮 sent out <strong>Zapdos</strong>!<br></div><div class="battle-history"><small>[The opposing Zapdos's Pressure]</small><br><small>The opposing Zapdos is exerting its pressure!</small><br></div><div class="spacer battle-history"><br></div><div class="battle-history">Donphan used <strong>Earthquake</strong>!<br></div><div class="battle-history"><small>It doesn't affect the opposing Zapdos...</small><br></div><div class="spacer battle-history"><br></div><div class="battle-history"><small>The twisted dimensions returned to normal!</small><br></div><div class="spacer battle-history"><br></div><h2 class="battle-history">Turn 8</h2><div class="spacer battle-history"><br></div><div class="battle-history">The opposing Zapdos used <strong>Defog</strong>!<br></div><div class="battle-history"><small>Donphan's evasiveness fell!</small><br></div><div class="battle-history"><small>Your team's Light Screen wore off!</small><br></div><div class="battle-history"><small>But it failed!</small><br></div><div class="spacer battle-history"><br></div><div class="battle-history">Donphan used <strong>Stealth Rock</strong>!<br></div><div class="battle-history"><small>Pointed stones float in the air around the opposing team!</small><br></div><div class="spacer battle-history"><br></div><h2 class="battle-history">Turn 9</h2><div class="spacer battle-history"><br></div><div class="battle-history">Donphan, come back!<br></div><div class="battle-history">Go! <strong>Meowstic</strong>!<br></div><div class="spacer battle-history"><br></div><div class="battle-history">The opposing Zapdos used <strong>Defog</strong>!<br></div><div class="battle-history"><small>Meowstic's evasiveness fell!</small><br></div><div class="battle-history"><small>The pointed stones disappeared from around the opposing team!</small><br></div><div class="spacer battle-history"><br></div><h2 class="battle-history">Turn 10</h2><div class="spacer battle-history"><br></div><div class="battle-history">The opposing Zapdos used <strong>Thunderbolt</strong>!<br></div><div class="battle-history"><small>(Meowstic lost <abbr title="−77/290">26.6%</abbr> of its health!)</small><br></div><div class="spacer battle-history"><br></div><div class="battle-history">Meowstic fainted!<br></div><div class="spacer battle-history"><br></div><div class="battle-history">Go! <strong>Beheeyem</strong>!<br></div><div class="spacer battle-history"><br></div><h2 class="battle-history">Turn 11</h2><div class="spacer battle-history"><br></div><div class="battle-history">The opposing Zapdos used <strong>Thunderbolt</strong>!<br></div><div class="battle-history"><small>(Beheeyem lost <abbr title="−102/291">35.1%</abbr> of its health!)</small><br></div><div class="battle-history"><small>Beheeyem is paralyzed! It may be unable to move!</small><br></div><div class="battle-history"><small>[Beheeyem's Synchronize]</small><br></div><div class="battle-history"><small>It doesn't affect the opposing Zapdos...</small><br></div><div class="spacer battle-history"><br></div><div class="battle-history">Beheeyem used <strong>Trick Room</strong>!<br></div><div class="battle-history"><small>Beheeyem twisted the dimensions!</small><br></div><div class="spacer battle-history"><br></div><div class="battle-history"><small>Beheeyem restored a little HP using its Leftovers!</small><br></div><div class="spacer battle-history"><br></div><h2 class="battle-history">Turn 12</h2><div class="spacer battle-history"><br></div><div class="battle-history">Beheeyem, come back!<br></div><div class="battle-history">Go! <strong>Donphan</strong>!<br></div><div class="spacer battle-history"><br></div><div class="battle-history">The opposing Zapdos used <strong>Thunderbolt</strong>!<br></div><div class="battle-history"><small>It doesn't affect Donphan...</small><br></div><div class="spacer battle-history"><br></div><h2 class="battle-history">Turn 13</h2><div class="spacer battle-history"><br></div><div class="battle-history">🐮 EdwardEllric 🐮 withdrew Zapdos!<br></div><div class="battle-history">🐮 EdwardEllric 🐮 sent out Landorus (<strong>Landorus-Therian</strong>)!<br></div><div class="battle-history"><small>[The opposing Landorus's Intimidate]</small><br></div><div class="battle-history"><small>Donphan's Attack fell!</small><br></div><div class="spacer battle-history"><br></div><div class="battle-history">Donphan used <strong>Ice Shard</strong>!<br></div><div class="battle-history"><small>It's super effective!</small><br></div><div class="battle-history"><small>(The opposing Landorus lost <abbr title="−132/321">41.1%</abbr> of its health!)</small><br></div><div class="spacer battle-history"><br></div><h2 class="battle-history">Turn 14</h2><div class="spacer battle-history"><br></div><div class="battle-history">🐮 EdwardEllric 🐮 withdrew Landorus!<br></div><div class="battle-history">🐮 EdwardEllric 🐮 sent out <strong>Toxapex</strong>!<br></div><div class="spacer battle-history"><br></div><div class="battle-history">Donphan used <strong>Stealth Rock</strong>!<br></div><div class="battle-history"><small>Pointed stones float in the air around the opposing team!</small><br></div><div class="spacer battle-history"><br></div><h2 class="battle-history">Turn 15</h2><div class="spacer battle-history"><br></div><div class="battle-history">Donphan, come back!<br></div><div class="battle-history">Go! <strong>Beheeyem</strong>!<br></div><div class="spacer battle-history"><br></div><div class="battle-history">The opposing Toxapex used <strong>Toxic Spikes</strong>!<br></div><div class="battle-history"><small>Poison spikes were scattered on the ground all around your team!</small><br></div><div class="spacer battle-history"><br></div><div class="battle-history"><small>Beheeyem restored a little HP using its Leftovers!</small><br></div><div class="battle-history"><small>The twisted dimensions returned to normal!</small><br></div><div class="spacer battle-history"><br></div><h2 class="battle-history">Turn 16</h2><div class="spacer battle-history"><br></div><div class="battle-history">The opposing Toxapex used <strong>Toxic Spikes</strong>!<br></div><div class="battle-history"><small>Poison spikes were scattered on the ground all around your team!</small><br></div><div class="spacer battle-history"><br></div><div class="battle-history">Beheeyem is paralyzed! It can't move!<br></div><div class="spacer battle-history"><br></div><div class="battle-history"><small>Beheeyem restored a little HP using its Leftovers!</small><br></div><div class="spacer battle-history"><br></div><h2 class="battle-history">Turn 17</h2><div class="spacer battle-history"><br></div><div class="battle-history">The opposing Toxapex used <strong>Scald</strong>!<br></div><div class="battle-history"><small>(Beheeyem lost <abbr title="−45/291">15.5%</abbr> of its health!)</small><br></div><div class="spacer battle-history"><br></div><div class="battle-history">Beheeyem used <strong>Psychic</strong>!<br></div><div class="battle-history"><small>It's super effective!</small><br></div><div class="battle-history"><small>(The opposing Toxapex lost <abbr title="−194/304">63.8%</abbr> of its health!)</small><br></div><div class="spacer battle-history"><br></div><div class="battle-history"><small>The opposing Toxapex restored a little HP using its Black Sludge!</small><br></div><div class="battle-history"><small>Beheeyem restored a little HP using its Leftovers!</small><br></div><div class="spacer battle-history"><br></div><h2 class="battle-history">Turn 18</h2><div class="spacer battle-history"><br></div><div class="battle-history">The opposing Toxapex used <strong>Baneful Bunker</strong>!<br></div><div class="battle-history"><small>The opposing Toxapex protected itself!</small><br></div><div class="spacer battle-history"><br></div><div class="battle-history">Beheeyem used <strong>Trick Room</strong>!<br></div><div class="battle-history"><small>Beheeyem twisted the dimensions!</small><br></div><div class="spacer battle-history"><br></div><div class="battle-history"><small>Beheeyem restored a little HP using its Leftovers!</small><br></div><div class="battle-history"><small>The opposing Toxapex restored a little HP using its Black Sludge!</small><br></div><div class="spacer battle-history"><br></div><h2 class="battle-history">Turn 19</h2><div class="spacer battle-history"><br></div><div class="battle-history">🐮 EdwardEllric 🐮 withdrew Toxapex!<br></div><div class="battle-history">🐮 EdwardEllric 🐮 sent out <strong>Clefable</strong>!<br></div><div class="battle-history"><small>Pointed stones dug into the opposing Clefable!</small><br></div><div class="spacer battle-history"><br></div><div class="battle-history">Beheeyem used <strong>Psychic</strong>!<br></div><div class="battle-history"><small>(The opposing Clefable lost <abbr title="−199/394">50.5%</abbr> of its health!)</small><br></div><div class="spacer battle-history"><br></div><div class="battle-history"><small>Beheeyem restored a little HP using its Leftovers!</small><br></div><div class="battle-history"><small>The opposing Clefable restored a little HP using its Leftovers!</small><br></div><div class="spacer battle-history"><br></div><h2 class="battle-history">Turn 20</h2><div class="spacer battle-history"><br></div><div class="battle-history">The opposing Clefable used <strong>Protect</strong>!<br></div><div class="battle-history"><small>The opposing Clefable protected itself!</small><br></div><div class="spacer battle-history"><br></div><div class="battle-history">Beheeyem used <strong>Psychic</strong>!<br></div><div class="battle-history"><small>The opposing Clefable protected itself!</small><br></div><div class="spacer battle-history"><br></div><div class="battle-history"><small>Beheeyem restored a little HP using its Leftovers!</small><br></div><div class="battle-history"><small>The opposing Clefable restored a little HP using its Leftovers!</small><br></div><div class="spacer battle-history"><br></div><h2 class="battle-history">Turn 21</h2><div class="spacer battle-history"><br></div><div class="battle-history">The opposing Clefable used <strong>Protect</strong>!<br></div><div class="battle-history"><small>But it failed!</small><br></div><div class="spacer battle-history"><br></div><div class="battle-history">Beheeyem used <strong>Psychic</strong>!<br></div><div class="battle-history"><small>(The opposing Clefable lost <abbr title="−186/394">47.2%</abbr> of its health!)</small><br></div><div class="spacer battle-history"><br></div><div class="battle-history"><small>Beheeyem restored a little HP using its Leftovers!</small><br></div><div class="battle-history"><small>The opposing Clefable restored a little HP using its Leftovers!</small><br></div><div class="spacer battle-history"><br></div><h2 class="battle-history">Turn 22</h2><div class="spacer battle-history"><br></div><div class="battle-history">Beheeyem is paralyzed! It can't move!<br></div><div class="spacer battle-history"><br></div><div class="battle-history">The opposing Clefable used <strong>Moonblast</strong>!<br></div><div class="battle-history"><small>(Beheeyem lost <abbr title="−91/291">31.3%</abbr> of its health!)</small><br></div><div class="spacer battle-history"><br></div><div class="battle-history"><small>Beheeyem restored a little HP using its Leftovers!</small><br></div><div class="battle-history"><small>The opposing Clefable restored a little HP using its Leftovers!</small><br></div><div class="battle-history"><small>The twisted dimensions returned to normal!</small><br></div><div class="spacer battle-history"><br></div><h2 class="battle-history">Turn 23</h2><div class="spacer battle-history"><br></div><div class="battle-history">The opposing Clefable used <strong>Moonblast</strong>!<br></div><div class="battle-history"><small>(Beheeyem lost <abbr title="−88/291">30.2%</abbr> of its health!)</small><br></div><div class="battle-history"><small>Beheeyem's Special Attack fell!</small><br></div><div class="spacer battle-history"><br></div><div class="battle-history">Beheeyem is paralyzed! It can't move!<br></div><div class="spacer battle-history"><br></div><div class="battle-history"><small>The opposing Clefable restored a little HP using its Leftovers!</small><br></div><div class="battle-history"><small>Beheeyem restored a little HP using its Leftovers!</small><br></div><div class="spacer battle-history"><br></div><h2 class="battle-history">Turn 24</h2><div class="spacer battle-history"><br></div><div class="battle-history">The opposing Clefable used <strong>Moonblast</strong>!<br></div><div class="battle-history"><small>(Beheeyem lost <abbr title="−82/291">28.2%</abbr> of its health!)</small><br></div><div class="spacer battle-history"><br></div><div class="battle-history">Beheeyem is paralyzed! It can't move!<br></div><div class="spacer battle-history"><br></div><div class="battle-history"><small>The opposing Clefable restored a little HP using its Leftovers!</small><br></div><div class="battle-history"><small>Beheeyem restored a little HP using its Leftovers!</small><br></div><div class="spacer battle-history"><br></div><h2 class="battle-history">Turn 25</h2><div class="chat chatmessage-edwardellric"><strong style="color:hsl(55,45%,33%)"><small>☆</small><span class="username" data-name="🐮 EdwardEllric 🐮">🐮 EdwardEllric 🐮</span>:</strong> <em>lol</em></div><div class="spacer battle-history"><br></div><div class="battle-history">The opposing Clefable used <strong>Moonblast</strong>!<br></div><div class="battle-history"><small>(Beheeyem lost <abbr title="−81/291">27.8%</abbr> of its health!)</small><br></div><div class="spacer battle-history"><br></div><div class="battle-history">Beheeyem fainted!<br></div><div class="spacer battle-history"><br></div><div class="battle-history"><small>The opposing Clefable restored a little HP using its Leftovers!</small><br></div><div class="spacer battle-history"><br></div><div class="battle-history">Go! <strong>Alakazam</strong>!<br></div><div class="battle-history"><small>Alakazam was badly poisoned!</small><br></div><div class="spacer battle-history"><br></div><h2 class="battle-history">Turn 26</h2><div class="spacer battle-history"><br></div><div class="battle-history">Alakazam used <strong>Psychic</strong>!<br></div><div class="battle-history"><small>(The opposing Clefable lost <abbr title="−128/394">32.5%</abbr> of its health!)</small><br></div><div class="spacer battle-history"><br></div><div class="battle-history">The opposing Clefable fainted!<br></div><div class="spacer battle-history"><br></div><div class="battle-history">🐮 EdwardEllric 🐮 sent out Landorus (<strong>Landorus-Therian</strong>)!<br></div><div class="battle-history"><small>Pointed stones dug into the opposing Landorus!</small><br></div><div class="battle-history"><small>[The opposing Landorus's Intimidate]</small><br></div><div class="battle-history"><small>Alakazam's Attack fell!</small><br></div><div class="spacer battle-history"><br></div><h2 class="battle-history">Turn 27</h2><div class="spacer battle-history"><br></div><div class="battle-history">Alakazam, come back!<br></div><div class="battle-history">Go! <strong>Donphan</strong>!<br></div><div class="battle-history"><small>Donphan was badly poisoned!</small><br></div><div class="spacer battle-history"><br></div><div class="battle-history">The opposing Landorus used <strong>U-turn</strong>!<br></div><div class="battle-history"><small>(Donphan lost <abbr title="−67/321">20.9%</abbr> of its health!)</small><br></div><div class="battle-history"><small>The opposing Landorus was hurt by the Rocky Helmet!</small><br></div><div class="spacer battle-history"><br></div><div class="battle-history">The opposing Landorus went back to 🐮 EdwardEllric 🐮!<br></div><div class="battle-history">🐮 EdwardEllric 🐮 sent out <strong>Charizard</strong>!<br></div><div class="battle-history"><small>Pointed stones dug into the opposing Charizard!</small><br></div><div class="spacer battle-history"><br></div><div class="battle-history"><small>Donphan was hurt by poison!</small><br></div><div class="spacer battle-history"><br></div><h2 class="battle-history">Turn 28</h2><div class="spacer battle-history"><br></div><div class="battle-history"><small>The opposing Charizard's Charizardite Y is reacting to the Key Stone!</small><br>The opposing Charizard has Mega Evolved into Mega Charizard!<br></div><div class="battle-history"><small>[The opposing Charizard's Drought]</small><br><small>The sunlight turned harsh!</small><br></div><div class="spacer battle-history"><br></div><div class="battle-history">The opposing Charizard used <strong>Flamethrower</strong>!<br></div><div class="battle-history"><small>(Donphan lost <abbr title="−169/321">52.6%</abbr> of its health!)</small><br></div><div class="spacer battle-history"><br></div><div class="battle-history">Donphan fainted!<br></div><div class="spacer battle-history"><br></div><div class="battle-history"><small>(The sunlight is strong!)</small><br></div><div class="spacer battle-history"><br></div><div class="battle-history">Go! <strong>Alakazam</strong>!<br></div><div class="spacer battle-history"><br></div><h2 class="battle-history">Turn 29</h2><div class="spacer battle-history"><br></div><div class="battle-history">Alakazam used <strong>Psychic</strong>!<br></div><div class="battle-history"><small>(The opposing Charizard lost <abbr title="−139/297">46.8%</abbr> of its health!)</small><br></div><div class="spacer battle-history"><br></div><div class="battle-history">The opposing Charizard used <strong>Roost</strong>!<br></div><div class="battle-history"><small>The opposing Charizard restored its HP.</small><br></div><div class="spacer battle-history"><br></div><div class="battle-history"><small>(The sunlight is strong!)</small><br></div><div class="spacer battle-history"><br></div><h2 class="battle-history">Turn 30</h2><div class="spacer battle-history"><br></div><div class="battle-history"><small>Alakazam's Alakazite is reacting to the Key Stone!</small><br>Alakazam has Mega Evolved into Mega Alakazam!<br></div><div class="battle-history"><small>[Alakazam's Trace]</small><br><small>[Alakazam's Drought]</small><br><small>Alakazam traced the opposing Charizard's Drought!</small><br></div><div class="spacer battle-history"><br></div><div class="battle-history">Alakazam used <strong>Psychic</strong>!<br></div><div class="battle-history"><small>A critical hit!</small><br></div><div class="battle-history"><small>(The opposing Charizard lost <abbr title="−159/297">53.5%</abbr> of its health!)</small><br></div><div class="spacer battle-history"><br></div><div class="battle-history">The opposing Charizard fainted!<br></div><div class="spacer battle-history"><br></div><div class="battle-history"><small>(The sunlight is strong!)</small><br></div><div class="battle-history"><small>Alakazam was hurt by poison!</small><br></div><div class="spacer battle-history"><br></div><div class="battle-history">🐮 EdwardEllric 🐮 sent out <strong>Zapdos</strong>!<br></div><div class="battle-history"><small>Pointed stones dug into the opposing Zapdos!</small><br></div><div class="battle-history"><small>[The opposing Zapdos's Pressure]</small><br><small>The opposing Zapdos is exerting its pressure!</small><br></div><div class="spacer battle-history"><br></div><h2 class="battle-history">Turn 31</h2><div class="spacer battle-history"><br></div><div class="battle-history">The opposing Zapdos used <strong>Roost</strong>!<br></div><div class="battle-history"><small>The opposing Zapdos restored its HP.</small><br></div><div class="spacer battle-history"><br></div><div class="battle-history">Alakazam used <strong>Trick Room</strong>!<br></div><div class="battle-history"><small>Alakazam twisted the dimensions!</small><br></div><div class="spacer battle-history"><br></div><div class="battle-history"><small>(The sunlight is strong!)</small><br></div><div class="battle-history"><small>Alakazam was hurt by poison!</small><br></div><div class="spacer battle-history"><br></div><h2 class="battle-history">Turn 32</h2><div class="spacer battle-history"><br></div><div class="battle-history">Alakazam, come back!<br></div><div class="battle-history">Go! Marowak (<strong>Marowak-Alola</strong>)!<br></div><div class="battle-history"><small>Marowak was badly poisoned!</small><br></div><div class="spacer battle-history"><br></div><div class="battle-history">The opposing Zapdos used <strong>Thunderbolt</strong>!<br></div><div class="battle-history"><small>(Marowak lost <abbr title="−144/261">55.2%</abbr> of its health!)</small><br></div><div class="spacer battle-history"><br></div><div class="battle-history"><small>The sunlight faded.</small><br></div><div class="battle-history"><small>Marowak was hurt by poison!</small><br></div><div class="spacer battle-history"><br></div><h2 class="battle-history">Turn 33</h2><div class="spacer battle-history"><br></div><div class="battle-history">🐮 EdwardEllric 🐮 withdrew Zapdos!<br></div><div class="battle-history">🐮 EdwardEllric 🐮 sent out <strong>Toxapex</strong>!<br></div><div class="battle-history"><small>Pointed stones dug into the opposing Toxapex!</small><br></div><div class="spacer battle-history"><br></div><div class="battle-history">Marowak used <strong>Swords Dance</strong>!<br></div><div class="battle-history"><small>Marowak's Attack rose sharply!</small><br></div><div class="spacer battle-history"><br></div><div class="battle-history"><small>The opposing Toxapex restored a little HP using its Black Sludge!</small><br></div><div class="battle-history"><small>Marowak was hurt by poison!</small><br></div><div class="spacer battle-history"><br></div><h2 class="battle-history">Turn 34</h2><div class="spacer battle-history"><br></div><div class="battle-history">The opposing Toxapex used <strong>Baneful Bunker</strong>!<br></div><div class="battle-history"><small>The opposing Toxapex protected itself!</small><br></div><div class="spacer battle-history"><br></div><div class="battle-history">Marowak used <strong>Shadow Bone</strong>!<br></div><div class="battle-history"><small>The opposing Toxapex protected itself!</small><br></div><div class="spacer battle-history"><br></div><div class="battle-history"><small>The opposing Toxapex restored a little HP using its Black Sludge!</small><br></div><div class="battle-history"><small>Marowak was hurt by poison!</small><br></div><div class="spacer battle-history"><br></div><h2 class="battle-history">Turn 35</h2><div class="spacer battle-history"><br></div><div class="battle-history">The opposing Toxapex used <strong>Scald</strong>!<br></div><div class="battle-history"><small>It's super effective!</small><br></div><div class="battle-history"><small>A critical hit!</small><br></div><div class="battle-history"><small>(Marowak lost <abbr title="−21/261">8.0%</abbr> of its health!)</small><br></div><div class="spacer battle-history"><br></div><div class="battle-history">Marowak fainted!<br></div><div class="spacer battle-history"><br></div><div class="battle-history"><small>The opposing Toxapex restored a little HP using its Black Sludge!</small><br></div><div class="battle-history"><small>The twisted dimensions returned to normal!</small><br></div><div class="spacer battle-history"><br></div><div class="battle-history">Go! Alakazam (<strong>Alakazam-Mega</strong>)!<br></div><div class="battle-history"><small>[Alakazam's Trace]</small><br><small>[Alakazam's Regenerator]</small><br><small>Alakazam traced the opposing Toxapex's Regenerator!</small><br></div><div class="spacer battle-history"><br></div><h2 class="battle-history">Turn 36</h2><div class="spacer battle-history"><br></div><div class="battle-history">Alakazam used <strong>Psychic</strong>!<br></div><div class="battle-history"><small>It's super effective!</small><br></div><div class="battle-history"><small>(The opposing Toxapex lost <abbr title="−224/304">73.7%</abbr> of its health!)</small><br></div><div class="spacer battle-history"><br></div><div class="battle-history">The opposing Toxapex used <strong>Scald</strong>!<br></div><div class="battle-history"><small>A critical hit!</small><br></div><div class="battle-history"><small>(Alakazam lost <abbr title="−76/251">30.3%</abbr> of its health!)</small><br></div><div class="spacer battle-history"><br></div><div class="battle-history"><small>The opposing Toxapex restored a little HP using its Black Sludge!</small><br></div><div class="battle-history"><small>Alakazam was hurt by poison!</small><br></div><div class="spacer battle-history"><br></div><h2 class="battle-history">Turn 37</h2><div class="spacer battle-history"><br></div><div class="battle-history">Alakazam used <strong>Psychic</strong>!<br></div><div class="battle-history"><small>It's super effective!</small><br></div><div class="battle-history"><small>(The opposing Toxapex lost <abbr title="−63/304">20.7%</abbr> of its health!)</small><br></div><div class="spacer battle-history"><br></div><div class="battle-history">The opposing Toxapex fainted!<br></div><div class="spacer battle-history"><br></div><div class="battle-history"><small>Alakazam was hurt by poison!</small><br></div><div class="spacer battle-history"><br></div><div class="battle-history">🐮 EdwardEllric 🐮 sent out Landorus (<strong>Landorus-Therian</strong>)!<br></div><div class="battle-history"><small>Pointed stones dug into the opposing Landorus!</small><br></div><div class="battle-history"><small>[The opposing Landorus's Intimidate]</small><br></div><div class="battle-history"><small>Alakazam's Attack fell!</small><br></div><div class="spacer battle-history"><br></div><h2 class="battle-history">Turn 38</h2><div class="spacer battle-history"><br></div><div class="battle-history">The opposing Landorus used <strong>U-turn</strong>!<br></div><div class="battle-history"><small>It's super effective!</small><br></div><div class="battle-history"><small>(Alakazam lost <abbr title="−55/251">21.9%</abbr> of its health!)</small><br></div><div class="spacer battle-history"><br></div><div class="battle-history">Alakazam fainted!<br></div><div class="spacer battle-history"><br></div><div class="battle-history">The opposing Landorus went back to 🐮 EdwardEllric 🐮!<br></div><div class="battle-history">🐮 EdwardEllric 🐮 sent out <strong>Terrakion</strong>!<br></div><div class="battle-history"><small>Pointed stones dug into the opposing Terrakion!</small><br></div><div class="chat chatmessage-seikoleich"><strong style="color:hsl(241,83%,63.70924950423548%)"><small>☆</small><span class="username" data-name="Seiko leich">Seiko leich</span>:</strong> <em>triple paralisis</em></div><div class="chat chatmessage-seikoleich"><strong style="color:hsl(241,83%,63.70924950423548%)"><small>☆</small><span class="username" data-name="Seiko leich">Seiko leich</span>:</strong> <em>jajaja</em></div><div class="spacer battle-history"><br></div><div class="battle-history">Go! <strong>Kingler</strong>!<br></div><div class="battle-history"><small>Kingler was badly poisoned!</small><br></div><div class="spacer battle-history"><br></div><h2 class="battle-history">Turn 39</h2><div class="chat chatmessage-edwardellric"><strong style="color:hsl(55,45%,33%)"><small>☆</small><span class="username" data-name="🐮 EdwardEllric 🐮">🐮 EdwardEllric 🐮</span>:</strong> <em>no importaba viejo</em></div><div class="chat chatmessage-edwardellric"><strong style="color:hsl(55,45%,33%)"><small>☆</small><span class="username" data-name="🐮 EdwardEllric 🐮">🐮 EdwardEllric 🐮</span>:</strong> <em>queria matar al clefable</em></div><div class="spacer battle-history"><br></div><div class="battle-history"><small>The opposing Terrakion surrounded itself with its Z-Power!</small><br></div><div class="spacer battle-history"><br></div><div class="battle-history">The opposing Terrakion used <strong>Continental Crush</strong>!<br></div><div class="battle-history"><small>(Kingler lost <abbr title="−246/251">98.0%</abbr> of its health!)</small><br></div><div class="spacer battle-history"><br></div><div class="battle-history">Kingler used <strong>Liquidation</strong>!<br></div><div class="battle-history"><small>It's super effective!</small><br></div><div class="battle-history"><small>(The opposing Terrakion lost <abbr title="−303/323">93.8%</abbr> of its health!)</small><br></div><div class="spacer battle-history"><br></div><div class="battle-history">The opposing Terrakion fainted!<br></div><div class="spacer battle-history"><br></div><div class="battle-history"><small>Kingler was hurt by poison!</small><br></div><div class="spacer battle-history"><br></div><div class="battle-history">Kingler fainted!<br></div><div class="spacer battle-history"><br></div><div class="battle-history"><strong>🐮 EdwardEllric 🐮</strong> won the battle!<br></div><div class="chat chatmessage-seikoleich"><strong style="color:hsl(241,83%,63.70924950423548%)"><small>☆</small><span class="username" data-name="Seiko leich">Seiko leich</span>:</strong> <em>yo queria el espacio raro</em></div><div class="chat chatmessage-seikoleich"><strong style="color:hsl(241,83%,63.70924950423548%)"><small>☆</small><span class="username" data-name="Seiko leich">Seiko leich</span>:</strong> <em>XD</em></div></div><div class="inner-preempt"></div></div></div>
</div>
<script>
let daily = Math.floor(Date.now()/1000/60/60/24);document.write('<script src="https://play.pokemonshowdown.com/js/replay-embed.js?version'+daily+'"></'+'script>');
</script>
