<!DOCTYPE html>
<meta charset="utf-8" />
<!-- version 1 -->
<title>OU replay: No man's hax vs. Sakuchii - ΑℱΚ</title>
<style>
html,body {font-family:Verdana, sans-serif;font-size:10pt;margin:0;padding:0;}body{padding:12px 0;} .battle-log {font-family:Verdana, sans-serif;font-size:10pt;} .battle-log-inline {border:1px solid #AAAAAA;background:#EEF2F5;color:black;max-width:640px;margin:0 auto 80px;padding-bottom:5px;} .battle-log .inner {padding:4px 8px 0px 8px;} .battle-log .inner-preempt {padding:0 8px 4px 8px;} .battle-log .inner-after {margin-top:0.5em;} .battle-log h2 {margin:0.5em -8px;padding:4px 8px;border:1px solid #AAAAAA;background:#E0E7EA;border-left:0;border-right:0;font-family:Verdana, sans-serif;font-size:13pt;} .battle-log .chat {vertical-align:middle;padding:3px 0 3px 0;font-size:8pt;} .battle-log .chat strong {color:#40576A;} .battle-log .chat em {padding:1px 4px 1px 3px;color:#000000;font-style:normal;} .chat.mine {background:rgba(0,0,0,0.05);margin-left:-8px;margin-right:-8px;padding-left:8px;padding-right:8px;} .spoiler {color:#BBBBBB;background:#BBBBBB;padding:0px 3px;} .spoiler:hover, .spoiler:active, .spoiler-shown {color:#000000;background:#E2E2E2;padding:0px 3px;} .spoiler a {color:#BBBBBB;} .spoiler:hover a, .spoiler:active a, .spoiler-shown a {color:#2288CC;} .chat code, .chat .spoiler:hover code, .chat .spoiler:active code, .chat .spoiler-shown code {border:1px solid #C0C0C0;background:#EEEEEE;color:black;padding:0 2px;} .chat .spoiler code {border:1px solid #CCCCCC;background:#CCCCCC;color:#CCCCCC;} .battle-log .rated {padding:3px 4px;} .battle-log .rated strong {color:white;background:#89A;padding:1px 4px;border-radius:4px;} .spacer {margin-top:0.5em;} .message-announce {background:#6688AA;color:white;padding:1px 4px 2px;} .message-announce a, .broadcast-green a, .broadcast-blue a, .broadcast-red a {color:#DDEEFF;} .broadcast-green {background-color:#559955;color:white;padding:2px 4px;} .broadcast-blue {background-color:#6688AA;color:white;padding:2px 4px;} .infobox {border:1px solid #6688AA;padding:2px 4px;} .infobox-limited {max-height:200px;overflow:auto;overflow-x:hidden;} .broadcast-red {background-color:#AA5544;color:white;padding:2px 4px;} .message-learn-canlearn {font-weight:bold;color:#228822;text-decoration:underline;} .message-learn-cannotlearn {font-weight:bold;color:#CC2222;text-decoration:underline;} .message-effect-weak {font-weight:bold;color:#CC2222;} .message-effect-resist {font-weight:bold;color:#6688AA;} .message-effect-immune {font-weight:bold;color:#666666;} .message-learn-list {margin-top:0;margin-bottom:0;} .message-throttle-notice, .message-error {color:#992222;} .message-overflow, .chat small.message-overflow {font-size:0pt;} .message-overflow::before {font-size:9pt;content:'...';} .subtle {color:#3A4A66;}
</style>
<div class="wrapper replay-wrapper" style="max-width:1180px;margin:0 auto">
<input type="hidden" name="replayid" value="destiny-ou-426593" />
<div class="battle"></div><div class="battle-log"></div><div class="replay-controls"></div><div class="replay-controls-2"></div>
<h1 style="font-weight:normal;text-align:center"><strong>OU</strong><br /><a href="http://pokemonshowdown.com/users/nomanshax" class="subtle" target="_blank">No man's hax</a> vs. <a href="http://pokemonshowdown.com/users/sakuchii" class="subtle" target="_blank">Sakuchii - ΑℱΚ</a></h1>
<script type="text/plain" class="battle-log-data">|player|p1|No man's hax|nomanshax-6.gif?745f8766
|teamsize|p1|6
|player|p2|Sakuchii - ΑℱΚ|sakuchii-8.gif?56e6009e
|teamsize|p2|6
|teamsize|p1|6
|teamsize|p2|6
|gametype|singles
|gen|7
|tier|OU
|seed|52231,30984,51113,53316
|rule|Cláusula-Mod de Dormir: solo puedes dormir a uno de tus oponentes a la vez.
|rule|Cláusula de Especie: Hasta un Pokémon de cada especie
|rule|Cláusula de Golpe Fulminante: los movimientos fulminantes (OHKO) estan prohibidos
|rule|Cláusula de Veleta: la habilidad Veleta está prohibida
|rule|Cláusula de Movimientos Evasivos: los movimientos de Evasión están prohibidos.
|rule|Cláusula de Batallas Eternas: forzar batallas eternas está prohibido
|clearpoke
|poke|p1|Greninja, M|item
|poke|p1|Medicham, M|item
|poke|p1|Jirachi|item
|poke|p1|Zapdos|item
|poke|p1|Tangrowth, M|item
|poke|p1|Landorus-Therian, M|item
|poke|p2|Slurpuff, M|item
|poke|p2|Gardevoir, M|item
|poke|p2|Zygarde|item
|poke|p2|Bisharp, F|item
|poke|p2|Mimikyu, M|item
|poke|p2|Landorus-Therian, M|item
|teampreview|undefined
|c|☆No man's hax|que la hax te acompañe
|choice|*team 321456|*
|choice|*|*team 123456
|choice|team 3, 2, 1, 4, 5, 6|team 1, 2, 3, 4, 5, 6
|
|start
|switch|p1a: Jirachi|Jirachi|403\/403
|switch|p2a: Slurpuff|Slurpuff, M|367\/367
|turn|1
|choice|*move 2|*
|choice|*|*move 1
|choice|move ironhead|move stickyweb
|
|move|p1a: Jirachi|Iron Head|p2a: Slurpuff
|-supereffective|p2a: Slurpuff
|-damage|p2a: Slurpuff|137\/367
|cant|p2a: Slurpuff|flinch
|
|upkeep
|turn|2
|choice|*move 2|*
|choice|*|*switch 4
|choice|move ironhead|switch 4
|
|switch|p2a: Bisharp|Bisharp, F|271\/271
|move|p1a: Jirachi|Iron Head|p2a: Bisharp
|-resisted|p2a: Bisharp
|-damage|p2a: Bisharp|227\/271
|
|upkeep
|turn|3
|choice|*|*switch 4
|choice|*move 3|*
|choice|move uturn|switch 4
|
|switch|p2a: Slurpuff|Slurpuff, M|137\/367
|move|p1a: Jirachi|U-turn|p2a: Slurpuff
|-resisted|p2a: Slurpuff
|-damage|p2a: Slurpuff|106\/367
|choice|*switch 2|*
|choice|switch 2|
|
|switch|p1a: Medicham|Medicham, M|262\/262|[from]move: U-turn
|
|upkeep
|turn|4
|choice|*move 4 mega|*
|choice|*|*switch 5
|choice|move fakeout mega|switch 5
|
|switch|p2a: Mimikyu|Mimikyu, M|252\/252
|-mega|p1a: Medicham|Medicham|Medichamite
|detailschange|p1a: Medicham|Medicham-Mega, M
|move|p1a: Medicham|Fake Out|p2a: Mimikyu
|-immune|p2a: Mimikyu|[msg]
|
|upkeep
|turn|5
|choice|*|*move 1
|choice|*switch 2|*
|choice|switch 2|move playrough
|
|switch|p1a: Jirachi|Jirachi|403\/403
|move|p2a: Mimikyu|Play Rough|p1a: Jirachi
|-resisted|p1a: Jirachi
|-damage|p1a: Jirachi|322\/403
|-unboost|p1a: Jirachi|atk|1
|-damage|p2a: Mimikyu|227\/252|[from] item: Life Orb
|
|-heal|p1a: Jirachi|347\/403|[from] item: Leftovers
|upkeep
|turn|6
|choice|*move 3|*
|choice|*|*switch 4
|choice|move uturn|switch 4
|
|switch|p2a: Bisharp|Bisharp, F|227\/271
|move|p1a: Jirachi|U-turn|p2a: Bisharp
|-damage|p2a: Bisharp|189\/271
|choice|*switch 3|*
|choice|switch 3|
|
|switch|p1a: Greninja|Greninja, M|285\/285|[from]move: U-turn
|
|upkeep
|turn|7
|choice|*move 2|*
|choice|*|*switch 3
|choice|move hydropump|switch 3
|
|switch|p2a: Zygarde|Zygarde|400\/400
|-ability|p2a: Zygarde|Aura Break
|move|p1a: Greninja|Hydro Pump|p2a: Zygarde
|-damage|p2a: Zygarde|243\/400
|
|upkeep
|turn|8
|choice|*move 2 zmove|*
|choice|*|*move 3
|choice|*move 2 zmove|*
|choice|move hydropump zmove|move thousandarrows
|
|-zpower|p1a: Greninja
|move|p1a: Greninja|Hydro Vortex|p2a: Zygarde|[zeffect]
|-damage|p2a: Zygarde|0 fnt
|faint|p2a: Zygarde
|-activate|p1a: Greninja|ability: Battle Bond
|detailschange|p1a: Greninja|Greninja-Ash, M
|
|upkeep
|choice|*|*switch 6
|choice||switch 6
|
|switch|p2a: Landorus|Landorus-Therian, M|319\/319
|-ability|p2a: Landorus|Intimidate|boost
|-unboost|p1a: Greninja|atk|1
|turn|9
|choice|*|*move 2
|choice|*move 4|*
|choice|move watershuriken|move uturn
|
|move|p1a: Greninja|Water Shuriken|p2a: Landorus
|-supereffective|p2a: Landorus
|-damage|p2a: Landorus|223\/319
|-supereffective|p2a: Landorus
|-damage|p2a: Landorus|133\/319
|-supereffective|p2a: Landorus
|-damage|p2a: Landorus|43\/319
|-hitcount|p2a: Landorus|3
|move|p2a: Landorus|U-turn|p1a: Greninja
|-supereffective|p1a: Greninja
|-damage|p1a: Greninja|17\/285
|choice|*|*switch 4
|choice||switch 4
|
|switch|p2a: Mimikyu|Mimikyu, M|227\/252|[from]move: U-turn
|
|upkeep
|turn|10
|choice|*|*move 2
|choice|*switch 3|*
|choice|switch 3|move shadowsneak
|
|switch|p1a: Jirachi|Jirachi|347\/403
|move|p2a: Mimikyu|Shadow Sneak|p1a: Jirachi
|-supereffective|p1a: Jirachi
|-damage|p1a: Jirachi|199\/403
|-damage|p2a: Mimikyu|202\/252|[from] item: Life Orb
|
|-heal|p1a: Jirachi|224\/403|[from] item: Leftovers
|upkeep
|turn|11
|choice|*|*move 3
|choice|*switch 6|*
|choice|switch 6|move shadowclaw
|
|switch|p1a: Landorus|Landorus-Therian, M|320\/320
|-ability|p1a: Landorus|Intimidate|boost
|-unboost|p2a: Mimikyu|atk|1
|move|p2a: Mimikyu|Shadow Claw|p1a: Landorus
|-damage|p1a: Landorus|229\/320
|-damage|p2a: Mimikyu|177\/252|[from] item: Life Orb
|
|upkeep
|turn|12
|choice|*move 3|*
|choice|*|*switch 4
|choice|move uturn|switch 4
|
|switch|p2a: Landorus|Landorus-Therian, M|43\/319
|-ability|p2a: Landorus|Intimidate|boost
|-unboost|p1a: Landorus|atk|1
|move|p1a: Landorus|U-turn|p2a: Landorus
|-resisted|p2a: Landorus
|-damage|p2a: Landorus|7\/319
|c|☆Sakuchii - ΑℱΚ|que divertido
|choice|*switch 3|*
|choice|switch 3|
|
|switch|p1a: Greninja|Greninja-Ash, M|17\/285|[from]move: U-turn
|
|upkeep
|turn|13
|choice|*move 4|*
|c|☆Sakuchii - ΑℱΚ|
|choice|*|*switch 3
|choice|move watershuriken|switch 3
|
|switch|p2a: Bisharp|Bisharp, F|189\/271
|move|p1a: Greninja|Water Shuriken|p2a: Bisharp
|-damage|p2a: Bisharp|137\/271
|-damage|p2a: Bisharp|86\/271
|-damage|p2a: Bisharp|31\/271
|-hitcount|p2a: Bisharp|3
|
|upkeep
|turn|14
|choice|*|*move 1
|choice|*move 4|*
|choice|move watershuriken|move knockoff
|
|move|p1a: Greninja|Water Shuriken|p2a: Bisharp
|-damage|p2a: Bisharp|0 fnt
|-hitcount|p2a: Bisharp|1
|faint|p2a: Bisharp
|
|upkeep
|choice|*|*switch 4
|choice||switch 4
|
|switch|p2a: Mimikyu|Mimikyu, M|177\/252
|turn|15
|choice|*|*move 3
|choice|*move 4|*
|choice|move watershuriken|move shadowclaw
|
|move|p1a: Greninja|Water Shuriken|p2a: Mimikyu
|-crit|p2a: Mimikyu
|-activate|p2a: Mimikyu|ability: Disguise
|-damage|p2a: Mimikyu|177\/252
|detailschange|p2a: Mimikyu|Mimikyu-Busted, M
|-damage|p2a: Mimikyu|135\/252
|-damage|p2a: Mimikyu|95\/252
|-hitcount|p2a: Mimikyu|3
|move|p2a: Mimikyu|Shadow Claw|p1a: Greninja
|-resisted|p1a: Greninja
|-damage|p1a: Greninja|0 fnt
|-damage|p2a: Mimikyu|70\/252|[from] item: Life Orb
|faint|p1a: Greninja
|
|upkeep
|choice|*switch 3|*
|choice|switch 3|
|
|switch|p1a: Landorus|Landorus-Therian, M|229\/320
|-ability|p1a: Landorus|Intimidate|boost
|-unboost|p2a: Mimikyu|atk|1
|turn|16
|choice|*move 1|*
|choice|*move 3|*
|choice|*|*move 2
|choice|move uturn|move shadowsneak
|
|move|p2a: Mimikyu|Shadow Sneak|p1a: Landorus
|-crit|p1a: Landorus
|-damage|p1a: Landorus|103\/320
|-damage|p2a: Mimikyu|45\/252|[from] item: Life Orb
|move|p1a: Landorus|U-turn|p2a: Mimikyu
|-resisted|p2a: Mimikyu
|-damage|p2a: Mimikyu|19\/252
|choice|*switch 4|*
|choice|switch 4|
|
|switch|p1a: Zapdos|Zapdos|383\/383|[from]move: U-turn
|
|upkeep
|turn|17
|choice|*move 1|*
|choice|*|*move 3
|choice|move discharge|move shadowclaw
|
|move|p2a: Mimikyu|Shadow Claw|p1a: Zapdos
|-damage|p1a: Zapdos|313\/383
|-damage|p2a: Mimikyu|0 fnt|[from] item: Life Orb
|faint|p2a: Mimikyu
|move|p1a: Zapdos|Discharge|p2: Mimikyu|[notarget]
|-notarget
|
|-heal|p1a: Zapdos|336\/383|[from] item: Leftovers
|upkeep
|choice|*|*switch 5
|choice||switch 5
|
|switch|p2a: Slurpuff|Slurpuff, M|106\/367
|turn|18
|choice|*|*move 1
|choice|*move 1|*
|choice|move discharge|move stickyweb
|
|move|p2a: Slurpuff|Sticky Web|p1a: Zapdos
|-sidestart|p1: No man's hax|move: Sticky Web
|move|p1a: Zapdos|Discharge|p2a: Slurpuff
|-damage|p2a: Slurpuff|0 fnt
|faint|p2a: Slurpuff
|
|-heal|p1a: Zapdos|359\/383|[from] item: Leftovers
|upkeep
|choice|*|*switch 2
|choice||switch 2
|
|switch|p2a: Gardevoir|Gardevoir, M|278\/278
|-ability|p2a: Gardevoir|Static|[from] ability: Trace|[of] p1a: Zapdos
|turn|19
|choice|*|*move 1 mega
|choice|*move 4|*
|choice|move defog|move hypervoice mega
|
|-mega|p2a: Gardevoir|Gardevoir|Gardevoirite
|detailschange|p2a: Gardevoir|Gardevoir-Mega, M
|move|p2a: Gardevoir|Hyper Voice|p1a: Zapdos
|-crit|p1a: Zapdos
|-damage|p1a: Zapdos|0 fnt
|faint|p1a: Zapdos
|
|upkeep
|choice|*switch 4|*
|choice|switch 4|
|
|switch|p1a: Landorus|Landorus-Therian, M|103\/320
|-ability|p1a: Landorus|Intimidate|boost
|-unboost|p2a: Gardevoir|atk|1
|turn|20
|choice|*move 1|*
|choice|*move 3|*
|choice|*|*move 1
|choice|move uturn|move hypervoice
|
|move|p1a: Landorus|U-turn|p2a: Gardevoir
|-damage|p2a: Gardevoir|151\/278
|choice|*switch 6|*
|choice|switch 6|
|
|switch|p1a: Jirachi|Jirachi|224\/403|[from]move: U-turn
|-activate|p1a: Jirachi|move: Sticky Web
|-unboost|p1a: Jirachi|spe|1
|move|p2a: Gardevoir|Hyper Voice|p1a: Jirachi
|-resisted|p1a: Jirachi
|-damage|p1a: Jirachi|136\/403
|
|-heal|p1a: Jirachi|161\/403|[from] item: Leftovers
|upkeep
|turn|21
|choice|*move 2|*
|choice|*|*move 2
|choice|move ironhead|move focusblast
|
|move|p2a: Gardevoir|Focus Blast|p1a: Jirachi
|-damage|p1a: Jirachi|10\/403
|move|p1a: Jirachi|Iron Head|p2a: Gardevoir
|-supereffective|p2a: Gardevoir
|-damage|p2a: Gardevoir|0 fnt
|faint|p2a: Gardevoir
|
|-heal|p1a: Jirachi|35\/403|[from] item: Leftovers
|upkeep
|choice|*|*switch 3
|choice||switch 3
|
|switch|p2a: Landorus|Landorus-Therian, M|7\/319
|-ability|p2a: Landorus|Intimidate|boost
|-unboost|p1a: Jirachi|atk|1
|turn|22
|c|☆No man's hax|gg
|choice|*|*move 3
|choice|*move 2|*
|choice|move ironhead|move rockslide
|
|move|p2a: Landorus|Rock Slide|p1a: Jirachi
|-resisted|p1a: Jirachi
|-damage|p1a: Jirachi|0 fnt
|faint|p1a: Jirachi
|
|upkeep
|choice|*switch 2|*
|choice|switch 2|
|
|switch|p1a: Medicham|Medicham-Mega, M|262\/262
|-activate|p1a: Medicham|move: Sticky Web
|-unboost|p1a: Medicham|spe|1
|turn|23
|choice|*move 4|*
|c|☆Sakuchii - ΑℱΚ|a verga
|c|☆Sakuchii - ΑℱΚ|jsjs
|choice|*|*move 3
|choice|move fakeout|move rockslide
|
|move|p1a: Medicham|Fake Out|p2a: Landorus
|-damage|p2a: Landorus|0 fnt
|faint|p2a: Landorus
|
|win|No man's hax
</script>
</div>
<div class="battle-log battle-log-inline"><div class="inner"><div class="battle-options"></div><div class="inner"><div class=""><small>Format:</small> <br><strong>OU</strong></div><div class=""><small><em>Cláusula-Mod de Dormir:</em> solo puedes dormir a uno de tus oponentes a la vez.</small></div><div class=""><small><em>Cláusula de Especie:</em> Hasta un Pokémon de cada especie</small></div><div class=""><small><em>Cláusula de Golpe Fulminante:</em> los movimientos fulminantes (OHKO) estan prohibidos</small></div><div class=""><small><em>Cláusula de Veleta:</em> la habilidad Veleta está prohibida</small></div><div class=""><small><em>Cláusula de Movimientos Evasivos:</em> los movimientos de Evasión están prohibidos.</small></div><div class=""><small><em>Cláusula de Batallas Eternas:</em> forzar batallas eternas está prohibido</small></div><div class="chat battle-history"><strong>No man's hax's team:</strong> <em style="color:#445566;display:block;">Greninja / Medicham / Jirachi / Zapdos / Tangrowth / Landorus-Therian</em></div><div class="chat battle-history"><strong>Sakuchii - ΑℱΚ's team:</strong> <em style="color:#445566;display:block;">Slurpuff / Gardevoir / Zygarde / Bisharp / Mimikyu / Landorus-Therian</em></div><div class="chat chatmessage-nomanshax"><strong style="color:hsl(105,82%,35%)"><small>☆</small><span class="username" data-name="No man's hax">No man's hax</span>:</strong> <em>que la hax te acompañe</em></div><div class="spacer battle-history"><br></div><div class="battle-history">Battle started between No man's hax and Sakuchii - ΑℱΚ!<br></div><div class="spacer battle-history"><br></div><div class="battle-history">Go! <strong>Jirachi</strong>!<br></div><div class="spacer battle-history"><br></div><div class="battle-history">Sakuchii - ΑℱΚ sent out <strong>Slurpuff</strong>!<br></div><div class="spacer battle-history"><br></div><h2 class="battle-history">Turn 1</h2><div class="spacer battle-history"><br></div><div class="battle-history">Jirachi used <strong>Iron Head</strong>!<br></div><div class="battle-history"><small>It's super effective!</small><br></div><div class="battle-history"><small>(The opposing Slurpuff lost <abbr title="−230/367">62.7%</abbr> of its health!)</small><br></div><div class="spacer battle-history"><br></div><div class="battle-history">The opposing Slurpuff flinched and couldn't move!<br></div><div class="spacer battle-history"><br></div><h2 class="battle-history">Turn 2</h2><div class="spacer battle-history"><br></div><div class="battle-history">Sakuchii - ΑℱΚ withdrew Slurpuff!<br></div><div class="battle-history">Sakuchii - ΑℱΚ sent out <strong>Bisharp</strong>!<br></div><div class="spacer battle-history"><br></div><div class="battle-history">Jirachi used <strong>Iron Head</strong>!<br></div><div class="battle-history"><small>It's not very effective...</small><br></div><div class="battle-history"><small>(The opposing Bisharp lost <abbr title="−44/271">16.2%</abbr> of its health!)</small><br></div><div class="spacer battle-history"><br></div><h2 class="battle-history">Turn 3</h2><div class="spacer battle-history"><br></div><div class="battle-history">Sakuchii - ΑℱΚ withdrew Bisharp!<br></div><div class="battle-history">Sakuchii - ΑℱΚ sent out <strong>Slurpuff</strong>!<br></div><div class="spacer battle-history"><br></div><div class="battle-history">Jirachi used <strong>U-turn</strong>!<br></div><div class="battle-history"><small>It's not very effective...</small><br></div><div class="battle-history"><small>(The opposing Slurpuff lost <abbr title="−31/367">8.4%</abbr> of its health!)</small><br></div><div class="spacer battle-history"><br></div><div class="battle-history">Jirachi went back to No man's hax!<br></div><div class="battle-history">Go! <strong>Medicham</strong>!<br></div><div class="spacer battle-history"><br></div><h2 class="battle-history">Turn 4</h2><div class="spacer battle-history"><br></div><div class="battle-history">Sakuchii - ΑℱΚ withdrew Slurpuff!<br></div><div class="battle-history">Sakuchii - ΑℱΚ sent out <strong>Mimikyu</strong>!<br></div><div class="spacer battle-history"><br></div><div class="battle-history"><small>Medicham's Medichamite is reacting to the Key Stone!</small><br>Medicham has Mega Evolved into Mega Medicham!<br></div><div class="spacer battle-history"><br></div><div class="battle-history">Medicham used <strong>Fake Out</strong>!<br></div><div class="battle-history"><small>It doesn't affect the opposing Mimikyu...</small><br></div><div class="spacer battle-history"><br></div><h2 class="battle-history">Turn 5</h2><div class="spacer battle-history"><br></div><div class="battle-history">Medicham, come back!<br></div><div class="battle-history">Go! <strong>Jirachi</strong>!<br></div><div class="spacer battle-history"><br></div><div class="battle-history">The opposing Mimikyu used <strong>Play Rough</strong>!<br></div><div class="battle-history"><small>It's not very effective...</small><br></div><div class="battle-history"><small>(Jirachi lost <abbr title="−81/403">20.1%</abbr> of its health!)</small><br></div><div class="battle-history"><small>Jirachi's Attack fell!</small><br></div><div class="battle-history"><small>The opposing Mimikyu lost some of its HP!</small><br></div><div class="spacer battle-history"><br></div><div class="battle-history"><small>Jirachi restored a little HP using its Leftovers!</small><br></div><div class="spacer battle-history"><br></div><h2 class="battle-history">Turn 6</h2><div class="spacer battle-history"><br></div><div class="battle-history">Sakuchii - ΑℱΚ withdrew Mimikyu!<br></div><div class="battle-history">Sakuchii - ΑℱΚ sent out <strong>Bisharp</strong>!<br></div><div class="spacer battle-history"><br></div><div class="battle-history">Jirachi used <strong>U-turn</strong>!<br></div><div class="battle-history"><small>(The opposing Bisharp lost <abbr title="−38/271">14.0%</abbr> of its health!)</small><br></div><div class="spacer battle-history"><br></div><div class="battle-history">Jirachi went back to No man's hax!<br></div><div class="battle-history">Go! <strong>Greninja</strong>!<br></div><div class="spacer battle-history"><br></div><h2 class="battle-history">Turn 7</h2><div class="spacer battle-history"><br></div><div class="battle-history">Sakuchii - ΑℱΚ withdrew Bisharp!<br></div><div class="battle-history">Sakuchii - ΑℱΚ sent out <strong>Zygarde</strong>!<br></div><div class="battle-history"><small>[The opposing Zygarde's Aura Break]</small><br><small>The opposing Zygarde reversed all other Pokémon's auras!</small><br></div><div class="spacer battle-history"><br></div><div class="battle-history">Greninja used <strong>Hydro Pump</strong>!<br></div><div class="battle-history"><small>(The opposing Zygarde lost <abbr title="−157/400">39.3%</abbr> of its health!)</small><br></div><div class="spacer battle-history"><br></div><h2 class="battle-history">Turn 8</h2><div class="spacer battle-history"><br></div><div class="battle-history"><small>Greninja surrounded itself with its Z-Power!</small><br></div><div class="spacer battle-history"><br></div><div class="battle-history">Greninja used <strong>Hydro Vortex</strong>!<br></div><div class="battle-history"><small>(The opposing Zygarde lost <abbr title="−243/400">60.8%</abbr> of its health!)</small><br></div><div class="spacer battle-history"><br></div><div class="battle-history">The opposing Zygarde fainted!<br></div><div class="battle-history"><small>[Greninja's Battle Bond]</small><br><small>Greninja became fully charged due to its bond with its Trainer!</small><br></div><div class="battle-history">Greninja became Ash-Greninja!<br></div><div class="spacer battle-history"><br></div><div class="battle-history">Sakuchii - ΑℱΚ sent out Landorus (<strong>Landorus-Therian</strong>)!<br></div><div class="battle-history"><small>[The opposing Landorus's Intimidate]</small><br></div><div class="battle-history"><small>Greninja's Attack fell!</small><br></div><div class="spacer battle-history"><br></div><h2 class="battle-history">Turn 9</h2><div class="spacer battle-history"><br></div><div class="battle-history">Greninja used <strong>Water Shuriken</strong>!<br></div><div class="battle-history"><small>It's super effective!</small><br></div><div class="battle-history"><small>(The opposing Landorus lost <abbr title="−96/319">30.1%</abbr> of its health!)</small><br></div><div class="battle-history"><small>It's super effective!</small><br></div><div class="battle-history"><small>(The opposing Landorus lost <abbr title="−90/319">28.2%</abbr> of its health!)</small><br></div><div class="battle-history"><small>It's super effective!</small><br></div><div class="battle-history"><small>(The opposing Landorus lost <abbr title="−90/319">28.2%</abbr> of its health!)</small><br></div><div class="battle-history"><small>Hit 3 times!</small><br></div><div class="spacer battle-history"><br></div><div class="battle-history">The opposing Landorus used <strong>U-turn</strong>!<br></div><div class="battle-history"><small>It's super effective!</small><br></div><div class="battle-history"><small>(Greninja lost <abbr title="−268/285">94.0%</abbr> of its health!)</small><br></div><div class="spacer battle-history"><br></div><div class="battle-history">The opposing Landorus went back to Sakuchii - ΑℱΚ!<br></div><div class="battle-history">Sakuchii - ΑℱΚ sent out <strong>Mimikyu</strong>!<br></div><div class="spacer battle-history"><br></div><h2 class="battle-history">Turn 10</h2><div class="spacer battle-history"><br></div><div class="battle-history">Greninja, come back!<br></div><div class="battle-history">Go! <strong>Jirachi</strong>!<br></div><div class="spacer battle-history"><br></div><div class="battle-history">The opposing Mimikyu used <strong>Shadow Sneak</strong>!<br></div><div class="battle-history"><small>It's super effective!</small><br></div><div class="battle-history"><small>(Jirachi lost <abbr title="−148/403">36.7%</abbr> of its health!)</small><br></div><div class="battle-history"><small>The opposing Mimikyu lost some of its HP!</small><br></div><div class="spacer battle-history"><br></div><div class="battle-history"><small>Jirachi restored a little HP using its Leftovers!</small><br></div><div class="spacer battle-history"><br></div><h2 class="battle-history">Turn 11</h2><div class="spacer battle-history"><br></div><div class="battle-history">Jirachi, come back!<br></div><div class="battle-history">Go! Landorus (<strong>Landorus-Therian</strong>)!<br></div><div class="battle-history"><small>[Landorus's Intimidate]</small><br></div><div class="battle-history"><small>The opposing Mimikyu's Attack fell!</small><br></div><div class="spacer battle-history"><br></div><div class="battle-history">The opposing Mimikyu used <strong>Shadow Claw</strong>!<br></div><div class="battle-history"><small>(Landorus lost <abbr title="−91/320">28.4%</abbr> of its health!)</small><br></div><div class="battle-history"><small>The opposing Mimikyu lost some of its HP!</small><br></div><div class="spacer battle-history"><br></div><h2 class="battle-history">Turn 12</h2><div class="spacer battle-history"><br></div><div class="battle-history">Sakuchii - ΑℱΚ withdrew Mimikyu!<br></div><div class="battle-history">Sakuchii - ΑℱΚ sent out Landorus (<strong>Landorus-Therian</strong>)!<br></div><div class="battle-history"><small>[The opposing Landorus's Intimidate]</small><br></div><div class="battle-history"><small>Landorus's Attack fell!</small><br></div><div class="spacer battle-history"><br></div><div class="battle-history">Landorus used <strong>U-turn</strong>!<br></div><div class="battle-history"><small>It's not very effective...</small><br></div><div class="battle-history"><small>(The opposing Landorus lost <abbr title="−36/319">11.3%</abbr> of its health!)</small><br></div><div class="chat chatmessage-sakuchii"><strong style="color:hsl(193,65%,34.47987487185464%)"><small>☆</small><span class="username" data-name="Sakuchii - ΑℱΚ">Sakuchii - ΑℱΚ</span>:</strong> <em>que divertido</em></div><div class="spacer battle-history"><br></div><div class="battle-history">Landorus went back to No man's hax!<br></div><div class="battle-history">Go! Greninja (<strong>Greninja-Ash</strong>)!<br></div><div class="spacer battle-history"><br></div><h2 class="battle-history">Turn 13</h2><div class="chat chatmessage-sakuchii"><strong style="color:hsl(193,65%,34.47987487185464%)"><small>☆</small><span class="username" data-name="Sakuchii - ΑℱΚ">Sakuchii - ΑℱΚ</span>:</strong> <em></em></div><div class="spacer battle-history"><br></div><div class="battle-history">Sakuchii - ΑℱΚ withdrew Landorus!<br></div><div class="battle-history">Sakuchii - ΑℱΚ sent out <strong>Bisharp</strong>!<br></div><div class="spacer battle-history"><br></div><div class="battle-history">Greninja used <strong>Water Shuriken</strong>!<br></div><div class="battle-history"><small>(The opposing Bisharp lost <abbr title="−52/271">19.2%</abbr> of its health!)</small><br></div><div class="battle-history"><small>(The opposing Bisharp lost <abbr title="−51/271">18.8%</abbr> of its health!)</small><br></div><div class="battle-history"><small>(The opposing Bisharp lost <abbr title="−55/271">20.3%</abbr> of its health!)</small><br></div><div class="battle-history"><small>Hit 3 times!</small><br></div><div class="spacer battle-history"><br></div><h2 class="battle-history">Turn 14</h2><div class="spacer battle-history"><br></div><div class="battle-history">Greninja used <strong>Water Shuriken</strong>!<br></div><div class="battle-history"><small>(The opposing Bisharp lost <abbr title="−31/271">11.4%</abbr> of its health!)</small><br></div><div class="battle-history"><small>Hit 1 time!</small><br></div><div class="spacer battle-history"><br></div><div class="battle-history">The opposing Bisharp fainted!<br></div><div class="spacer battle-history"><br></div><div class="battle-history">Sakuchii - ΑℱΚ sent out <strong>Mimikyu</strong>!<br></div><div class="spacer battle-history"><br></div><h2 class="battle-history">Turn 15</h2><div class="spacer battle-history"><br></div><div class="battle-history">Greninja used <strong>Water Shuriken</strong>!<br></div><div class="battle-history"><small>A critical hit!</small><br></div><div class="battle-history"><small>[The opposing Mimikyu's Disguise]</small><br><small>Its disguise served it as a decoy!</small><br></div><div class="battle-history"><small>(The opposing Mimikyu lost <abbr title="0/252">0%</abbr> of its health!)</small><br></div><div class="battle-history">The opposing Mimikyu's disguise was busted!<br></div><div class="battle-history"><small>(The opposing Mimikyu lost <abbr title="−42/252">16.7%</abbr> of its health!)</small><br></div><div class="battle-history"><small>(The opposing Mimikyu lost <abbr title="−40/252">15.9%</abbr> of its health!)</small><br></div><div class="battle-history"><small>Hit 3 times!</small><br></div><div class="spacer battle-history"><br></div><div class="battle-history">The opposing Mimikyu used <strong>Shadow Claw</strong>!<br></div><div class="battle-history"><small>It's not very effective...</small><br></div><div class="battle-history"><small>(Greninja lost <abbr title="−17/285">6.0%</abbr> of its health!)</small><br></div><div class="battle-history"><small>The opposing Mimikyu lost some of its HP!</small><br></div><div class="spacer battle-history"><br></div><div class="battle-history">Greninja fainted!<br></div><div class="spacer battle-history"><br></div><div class="battle-history">Go! Landorus (<strong>Landorus-Therian</strong>)!<br></div><div class="battle-history"><small>[Landorus's Intimidate]</small><br></div><div class="battle-history"><small>The opposing Mimikyu's Attack fell!</small><br></div><div class="spacer battle-history"><br></div><h2 class="battle-history">Turn 16</h2><div class="spacer battle-history"><br></div><div class="battle-history">The opposing Mimikyu used <strong>Shadow Sneak</strong>!<br></div><div class="battle-history"><small>A critical hit!</small><br></div><div class="battle-history"><small>(Landorus lost <abbr title="−126/320">39.4%</abbr> of its health!)</small><br></div><div class="battle-history"><small>The opposing Mimikyu lost some of its HP!</small><br></div><div class="spacer battle-history"><br></div><div class="battle-history">Landorus used <strong>U-turn</strong>!<br></div><div class="battle-history"><small>It's not very effective...</small><br></div><div class="battle-history"><small>(The opposing Mimikyu lost <abbr title="−26/252">10.3%</abbr> of its health!)</small><br></div><div class="spacer battle-history"><br></div><div class="battle-history">Landorus went back to No man's hax!<br></div><div class="battle-history">Go! <strong>Zapdos</strong>!<br></div><div class="spacer battle-history"><br></div><h2 class="battle-history">Turn 17</h2><div class="spacer battle-history"><br></div><div class="battle-history">The opposing Mimikyu used <strong>Shadow Claw</strong>!<br></div><div class="battle-history"><small>(Zapdos lost <abbr title="−70/383">18.3%</abbr> of its health!)</small><br></div><div class="battle-history"><small>The opposing Mimikyu lost some of its HP!</small><br></div><div class="spacer battle-history"><br></div><div class="battle-history">The opposing Mimikyu fainted!<br></div><div class="battle-history">Zapdos used <strong>Discharge</strong>!<br></div><div class="battle-history"><small>But there was no target...</small><br></div><div class="spacer battle-history"><br></div><div class="battle-history"><small>Zapdos restored a little HP using its Leftovers!</small><br></div><div class="spacer battle-history"><br></div><div class="battle-history">Sakuchii - ΑℱΚ sent out <strong>Slurpuff</strong>!<br></div><div class="spacer battle-history"><br></div><h2 class="battle-history">Turn 18</h2><div class="spacer battle-history"><br></div><div class="battle-history">The opposing Slurpuff used <strong>Sticky Web</strong>!<br></div><div class="battle-history"><small>A sticky web spreads out on the ground around your team!</small><br></div><div class="spacer battle-history"><br></div><div class="battle-history">Zapdos used <strong>Discharge</strong>!<br></div><div class="battle-history"><small>(The opposing Slurpuff lost <abbr title="−106/367">28.9%</abbr> of its health!)</small><br></div><div class="spacer battle-history"><br></div><div class="battle-history">The opposing Slurpuff fainted!<br></div><div class="spacer battle-history"><br></div><div class="battle-history"><small>Zapdos restored a little HP using its Leftovers!</small><br></div><div class="spacer battle-history"><br></div><div class="battle-history">Sakuchii - ΑℱΚ sent out <strong>Gardevoir</strong>!<br></div><div class="battle-history"><small>[The opposing Gardevoir's Trace]</small><br><small>[The opposing Gardevoir's Static]</small><br><small>The opposing Gardevoir traced Zapdos's Static!</small><br></div><div class="spacer battle-history"><br></div><h2 class="battle-history">Turn 19</h2><div class="spacer battle-history"><br></div><div class="battle-history"><small>The opposing Gardevoir's Gardevoirite is reacting to the Key Stone!</small><br>The opposing Gardevoir has Mega Evolved into Mega Gardevoir!<br></div><div class="spacer battle-history"><br></div><div class="battle-history">The opposing Gardevoir used <strong>Hyper Voice</strong>!<br></div><div class="battle-history"><small>A critical hit!</small><br></div><div class="battle-history"><small>(Zapdos lost <abbr title="−359/383">93.7%</abbr> of its health!)</small><br></div><div class="spacer battle-history"><br></div><div class="battle-history">Zapdos fainted!<br></div><div class="spacer battle-history"><br></div><div class="battle-history">Go! Landorus (<strong>Landorus-Therian</strong>)!<br></div><div class="battle-history"><small>[Landorus's Intimidate]</small><br></div><div class="battle-history"><small>The opposing Gardevoir's Attack fell!</small><br></div><div class="spacer battle-history"><br></div><h2 class="battle-history">Turn 20</h2><div class="spacer battle-history"><br></div><div class="battle-history">Landorus used <strong>U-turn</strong>!<br></div><div class="battle-history"><small>(The opposing Gardevoir lost <abbr title="−127/278">45.7%</abbr> of its health!)</small><br></div><div class="spacer battle-history"><br></div><div class="battle-history">Landorus went back to No man's hax!<br></div><div class="battle-history">Go! <strong>Jirachi</strong>!<br></div><div class="battle-history"><small>Jirachi was caught in a sticky web!</small><br></div><div class="battle-history"><small>Jirachi's Speed fell!</small><br></div><div class="spacer battle-history"><br></div><div class="battle-history">The opposing Gardevoir used <strong>Hyper Voice</strong>!<br></div><div class="battle-history"><small>It's not very effective...</small><br></div><div class="battle-history"><small>(Jirachi lost <abbr title="−88/403">21.8%</abbr> of its health!)</small><br></div><div class="spacer battle-history"><br></div><div class="battle-history"><small>Jirachi restored a little HP using its Leftovers!</small><br></div><div class="spacer battle-history"><br></div><h2 class="battle-history">Turn 21</h2><div class="spacer battle-history"><br></div><div class="battle-history">The opposing Gardevoir used <strong>Focus Blast</strong>!<br></div><div class="battle-history"><small>(Jirachi lost <abbr title="−151/403">37.5%</abbr> of its health!)</small><br></div><div class="spacer battle-history"><br></div><div class="battle-history">Jirachi used <strong>Iron Head</strong>!<br></div><div class="battle-history"><small>It's super effective!</small><br></div><div class="battle-history"><small>(The opposing Gardevoir lost <abbr title="−151/278">54.3%</abbr> of its health!)</small><br></div><div class="spacer battle-history"><br></div><div class="battle-history">The opposing Gardevoir fainted!<br></div><div class="spacer battle-history"><br></div><div class="battle-history"><small>Jirachi restored a little HP using its Leftovers!</small><br></div><div class="spacer battle-history"><br></div><div class="battle-history">Sakuchii - ΑℱΚ sent out Landorus (<strong>Landorus-Therian</strong>)!<br></div><div class="battle-history"><small>[The opposing Landorus's Intimidate]</small><br></div><div class="battle-history"><small>Jirachi's Attack fell!</small><br></div><div class="spacer battle-history"><br></div><h2 class="battle-history">Turn 22</h2><div class="chat chatmessage-nomanshax"><strong style="color:hsl(105,82%,35%)"><small>☆</small><span class="username" data-name="No man's hax">No man's hax</span>:</strong> <em>gg</em></div><div class="spacer battle-history"><br></div><div class="battle-history">The opposing Landorus used <strong>Rock Slide</strong>!<br></div><div class="battle-history"><small>It's not very effective...</small><br></div><div class="battle-history"><small>(Jirachi lost <abbr title="−35/403">8.7%</abbr> of its health!)</small><br></div><div class="spacer battle-history"><br></div><div class="battle-history">Jirachi fainted!<br></div><div class="spacer battle-history"><br></div><div class="battle-history">Go! Medicham (<strong>Medicham-Mega</strong>)!<br></div><div class="battle-history"><small>Medicham was caught in a sticky web!</small><br></div><div class="battle-history"><small>Medicham's Speed fell!</small><br></div><div class="spacer battle-history"><br></div><h2 class="battle-history">Turn 23</h2><div class="chat chatmessage-sakuchii"><strong style="color:hsl(193,65%,34.47987487185464%)"><small>☆</small><span class="username" data-name="Sakuchii - ΑℱΚ">Sakuchii - ΑℱΚ</span>:</strong> <em>a verga</em></div><div class="chat chatmessage-sakuchii"><strong style="color:hsl(193,65%,34.47987487185464%)"><small>☆</small><span class="username" data-name="Sakuchii - ΑℱΚ">Sakuchii - ΑℱΚ</span>:</strong> <em>jsjs</em></div><div class="spacer battle-history"><br></div><div class="battle-history">Medicham used <strong>Fake Out</strong>!<br></div><div class="battle-history"><small>(The opposing Landorus lost <abbr title="−7/319">2.2%</abbr> of its health!)</small><br></div><div class="spacer battle-history"><br></div><div class="battle-history">The opposing Landorus fainted!<br></div><div class="spacer battle-history"><br></div><div class="battle-history"><strong>No man's hax</strong> won the battle!<br></div></div><div class="inner-preempt"></div></div></div>
</div>
<script>
let daily = Math.floor(Date.now()/1000/60/60/24);document.write('<script src="https://play.pokemonshowdown.com/js/replay-embed.js?version'+daily+'"></'+'script>');
</script>
