<!DOCTYPE html>
<meta charset="utf-8" />
<!-- version 1 -->
<title>OU replay: yoce gamer 01 vs. chamoo</title>
<style>
html,body {font-family:Verdana, sans-serif;font-size:10pt;margin:0;padding:0;}body{padding:12px 0;} .battle-log {font-family:Verdana, sans-serif;font-size:10pt;} .battle-log-inline {border:1px solid #AAAAAA;background:#EEF2F5;color:black;max-width:640px;margin:0 auto 80px;padding-bottom:5px;} .battle-log .inner {padding:4px 8px 0px 8px;} .battle-log .inner-preempt {padding:0 8px 4px 8px;} .battle-log .inner-after {margin-top:0.5em;} .battle-log h2 {margin:0.5em -8px;padding:4px 8px;border:1px solid #AAAAAA;background:#E0E7EA;border-left:0;border-right:0;font-family:Verdana, sans-serif;font-size:13pt;} .battle-log .chat {vertical-align:middle;padding:3px 0 3px 0;font-size:8pt;} .battle-log .chat strong {color:#40576A;} .battle-log .chat em {padding:1px 4px 1px 3px;color:#000000;font-style:normal;} .chat.mine {background:rgba(0,0,0,0.05);margin-left:-8px;margin-right:-8px;padding-left:8px;padding-right:8px;} .spoiler {color:#BBBBBB;background:#BBBBBB;padding:0px 3px;} .spoiler:hover, .spoiler:active, .spoiler-shown {color:#000000;background:#E2E2E2;padding:0px 3px;} .spoiler a {color:#BBBBBB;} .spoiler:hover a, .spoiler:active a, .spoiler-shown a {color:#2288CC;} .chat code, .chat .spoiler:hover code, .chat .spoiler:active code, .chat .spoiler-shown code {border:1px solid #C0C0C0;background:#EEEEEE;color:black;padding:0 2px;} .chat .spoiler code {border:1px solid #CCCCCC;background:#CCCCCC;color:#CCCCCC;} .battle-log .rated {padding:3px 4px;} .battle-log .rated strong {color:white;background:#89A;padding:1px 4px;border-radius:4px;} .spacer {margin-top:0.5em;} .message-announce {background:#6688AA;color:white;padding:1px 4px 2px;} .message-announce a, .broadcast-green a, .broadcast-blue a, .broadcast-red a {color:#DDEEFF;} .broadcast-green {background-color:#559955;color:white;padding:2px 4px;} .broadcast-blue {background-color:#6688AA;color:white;padding:2px 4px;} .infobox {border:1px solid #6688AA;padding:2px 4px;} .infobox-limited {max-height:200px;overflow:auto;overflow-x:hidden;} .broadcast-red {background-color:#AA5544;color:white;padding:2px 4px;} .message-learn-canlearn {font-weight:bold;color:#228822;text-decoration:underline;} .message-learn-cannotlearn {font-weight:bold;color:#CC2222;text-decoration:underline;} .message-effect-weak {font-weight:bold;color:#CC2222;} .message-effect-resist {font-weight:bold;color:#6688AA;} .message-effect-immune {font-weight:bold;color:#666666;} .message-learn-list {margin-top:0;margin-bottom:0;} .message-throttle-notice, .message-error {color:#992222;} .message-overflow, .chat small.message-overflow {font-size:0pt;} .message-overflow::before {font-size:9pt;content:'...';} .subtle {color:#3A4A66;}
</style>
<div class="wrapper replay-wrapper" style="max-width:1180px;margin:0 auto">
<input type="hidden" name="replayid" value="destiny-ou-500858" />
<div class="battle"></div><div class="battle-log"></div><div class="replay-controls"></div><div class="replay-controls-2"></div>
<h1 style="font-weight:normal;text-align:center"><strong>OU</strong><br /><a href="http://pokemonshowdown.com/users/yocegamer01" class="subtle" target="_blank">yoce gamer 01</a> vs. <a href="http://pokemonshowdown.com/users/chamoo" class="subtle" target="_blank">chamoo</a></h1>
<script type="text/plain" class="battle-log-data">|player|p1|yoce gamer 01|yocegamer01-3.gif?5e148591
|teamsize|p1|6
|player|p2|chamoo|chamoo.gif?439e9e5f
|teamsize|p2|6
|teamsize|p1|6
|teamsize|p2|6
|gametype|singles
|gen|7
|tier|OU
|seed|63522,17311,38164,43424
|rule|Cláusula-Mod de Dormir: solo puedes dormir a uno de tus oponentes a la vez.
|rule|Cláusula de Especie: Hasta un Pokémon de cada especie
|rule|Cláusula de Golpe Fulminante: los movimientos fulminantes (OHKO) estan prohibidos
|rule|Cláusula de Veleta: la habilidad Veleta está prohibida
|rule|Cláusula de Movimientos Evasivos: los movimientos de Evasión están prohibidos.
|rule|Cláusula de Batallas Eternas: forzar batallas eternas está prohibido
|clearpoke
|poke|p1|Excadrill, M|item
|poke|p1|Tyranitar, M|item
|poke|p1|Tapu Lele|item
|poke|p1|Ferrothorn, M|item
|poke|p1|Rotom-Wash|item
|poke|p1|Victini|item
|poke|p2|Mawile, F|item
|poke|p2|Garchomp, M|item
|poke|p2|Zapdos|item
|poke|p2|Ferrothorn, F|item
|poke|p2|Greninja, M|item
|poke|p2|Landorus-Therian, M|item
|teampreview|undefined
|c|☆chamoo|[12:12] #PresidentBradley: o se chupa completa o no se chupa
|c|☆yoce gamer 01|Ahora si usas un team bien verdad
|c|☆yoce gamer 01|Khe xD
|c|☆chamoo|Claro yo soy un jugador competitivo vgc19(?
|choice|*|*team 123456
|c|☆yoce gamer 01|xd
|choice|*|*team 123456
|choice|*team 523416|*
|choice|team 5, 2, 3, 4, 1, 6|team 1, 2, 3, 4, 5, 6
|
|start
|switch|p1a: Rotom|Rotom-Wash|304\/304
|switch|p2a: Mawile|Mawile, F|241\/241
|-ability|p2a: Mawile|Intimidate|boost
|-unboost|p1a: Rotom|atk|1
|turn|1
|choice|*move 3|*
|choice|*|*switch 3
|choice|move willowisp|switch 3
|
|switch|p2a: Zapdos|Zapdos|383\/383
|-ability|p2a: Zapdos|Pressure
|move|p1a: Rotom|Will-O-Wisp|p2a: Zapdos|[miss]
|-miss|p1a: Rotom|p2a: Zapdos
|
|upkeep
|turn|2
|choice|*move 4|*
|choice|*|*move 1
|choice|move hydropump|move voltswitch
|
|move|p2a: Zapdos|Volt Switch|p1a: Rotom
|-damage|p1a: Rotom|237\/304
|choice|*|*switch 2
|choice||switch 2
|
|switch|p2a: Garchomp|Garchomp, M|357\/357|[from]move: Volt Switch
|move|p1a: Rotom|Hydro Pump|p2a: Garchomp
|-damage|p2a: Garchomp|212\/357
|
|upkeep
|turn|3
|choice|*|*move 2 zmove
|choice|*|*move 2 zmove
|c|☆yoce gamer 01|Chamoo ve a war
|choice|*move 3|*
|choice|move willowisp|move outrage zmove
|
|-zpower|p2a: Garchomp
|move|p2a: Garchomp|Devastating Drake|p1a: Rotom|[zeffect]
|-damage|p1a: Rotom|0 fnt
|faint|p1a: Rotom
|
|upkeep
|choice|*switch 3|*
|choice|switch 3|
|
|switch|p1a: Tapu Lele|Tapu Lele|281\/281
|-fieldstart|move: Psychic Terrain|[from] ability: Psychic Surge|[of] p1a: Tapu Lele
|turn|4
|choice|*move 1|*
|c|☆chamoo|guar guar guar
|c|☆chamoo|:v
|choice|*|*switch 4
|choice|move moonblast|switch 4
|
|switch|p2a: Ferrothorn|Ferrothorn, F|352\/352
|move|p1a: Tapu Lele|Moonblast|p2a: Ferrothorn
|-resisted|p2a: Ferrothorn
|-crit|p2a: Ferrothorn
|-damage|p2a: Ferrothorn|275\/352
|
|-heal|p2a: Ferrothorn|297\/352|[from] item: Leftovers
|upkeep
|turn|5
|choice|*|*move 2
|choice|*switch 6|*
|choice|switch 6|move thunderwave
|
|switch|p1a: Victini|Victini|341\/341
|move|p2a: Ferrothorn|Thunder Wave|p1a: Victini
|-status|p1a: Victini|par
|
|-heal|p2a: Ferrothorn|319\/352|[from] item: Leftovers
|upkeep
|turn|6
|c|☆yoce gamer 01|xd
|choice|*move 4 zmove|*
|choice|*|*switch 4
|choice|move celebrate zmove|switch 4
|
|switch|p2a: Garchomp|Garchomp, M|212\/357
|cant|p1a: Victini|par
|
|upkeep
|turn|7
|choice|*|*move 1
|choice|*switch 4|*
|choice|switch 4|move earthquake
|
|switch|p1a: Ferrothorn|Ferrothorn, M|352\/352
|move|p2a: Garchomp|Earthquake|p1a: Ferrothorn
|-damage|p1a: Ferrothorn|247\/352
|
|-heal|p1a: Ferrothorn|269\/352|[from] item: Leftovers
|upkeep
|turn|8
|choice|*move 2|*
|choice|*|*move 4
|choice|move leechseed|move stealthrock
|
|move|p2a: Garchomp|Stealth Rock|p1a: Ferrothorn
|-sidestart|p1: yoce gamer 01|move: Stealth Rock
|move|p1a: Ferrothorn|Leech Seed|p2a: Garchomp
|-start|p2a: Garchomp|move: Leech Seed
|
|-heal|p1a: Ferrothorn|291\/352|[from] item: Leftovers
|-damage|p2a: Garchomp|168\/357|[from] Leech Seed|[of] p1a: Ferrothorn
|-heal|p1a: Ferrothorn|335\/352|[silent]
|-fieldend|move: Psychic Terrain
|upkeep
|turn|9
|choice|*move 1|*
|choice|*|*switch 3
|choice|move gyroball|switch 3
|
|switch|p2a: Mawile|Mawile, F|241\/241
|-ability|p2a: Mawile|Intimidate|boost
|-unboost|p1a: Ferrothorn|atk|1
|move|p1a: Ferrothorn|Gyro Ball|p2a: Mawile
|-damage|p2a: Mawile|141\/241
|
|-heal|p1a: Ferrothorn|352\/352|[from] item: Leftovers
|upkeep
|turn|10
|choice|*|*move 2 mega
|choice|*move 2|*
|choice|move leechseed|move firefang mega
|
|-mega|p2a: Mawile|Mawile|Mawilite
|detailschange|p2a: Mawile|Mawile-Mega, F
|move|p2a: Mawile|Fire Fang|p1a: Ferrothorn
|-supereffective|p1a: Ferrothorn
|-damage|p1a: Ferrothorn|0 fnt
|-damage|p2a: Mawile|111\/241|[from] ability: Iron Barbs|[of] p1a: Ferrothorn
|faint|p1a: Ferrothorn
|
|upkeep
|choice|*switch 4|*
|choice|switch 4|
|
|switch|p1a: Victini|Victini|341\/341 par
|-damage|p1a: Victini|256\/341 par|[from] Stealth Rock
|turn|11
|choice|*move 4 zmove|*
|choice|*|*switch 3
|choice|move celebrate zmove|switch 3
|
|switch|p2a: Garchomp|Garchomp, M|168\/357
|cant|p1a: Victini|par
|
|upkeep
|turn|12
|choice|*|*move 1
|c|☆yoce gamer 01|Victini eres una plasta
|choice|*move 4 zmove|*
|choice|move celebrate zmove|move earthquake
|
|move|p2a: Garchomp|Earthquake|p1a: Victini
|-supereffective|p1a: Victini
|-damage|p1a: Victini|0 fnt
|faint|p1a: Victini
|
|upkeep
|choice|*switch 2|*
|choice|switch 2|
|
|switch|p1a: Tyranitar|Tyranitar, M|341\/341
|-damage|p1a: Tyranitar|299\/341|[from] Stealth Rock
|-weather|Sandstorm|[from] ability: Sand Stream|[of] p1a: Tyranitar
|turn|13
|choice|*move 1 mega|*
|choice|*|*move 1
|choice|move dragondance mega|move earthquake
|
|-mega|p1a: Tyranitar|Tyranitar|Tyranitarite
|detailschange|p1a: Tyranitar|Tyranitar-Mega, M
|move|p2a: Garchomp|Earthquake|p1a: Tyranitar
|-supereffective|p1a: Tyranitar
|-damage|p1a: Tyranitar|29\/341
|move|p1a: Tyranitar|Dragon Dance|p1a: Tyranitar
|-boost|p1a: Tyranitar|atk|1
|-boost|p1a: Tyranitar|spe|1
|
|-weather|Sandstorm|[upkeep]
|upkeep
|turn|14
|choice|*move 3|*
|choice|*|*switch 4
|choice|move icepunch|switch 4
|
|switch|p2a: Ferrothorn|Ferrothorn, F|319\/352
|move|p1a: Tyranitar|Ice Punch|p2a: Ferrothorn
|-damage|p2a: Ferrothorn|203\/352
|-damage|p1a: Tyranitar|0 fnt|[from] ability: Iron Barbs|[of] p2a: Ferrothorn
|faint|p1a: Tyranitar
|
|-weather|Sandstorm|[upkeep]
|-heal|p2a: Ferrothorn|225\/352|[from] item: Leftovers
|upkeep
|choice|*switch 5|*
|choice|switch 5|
|
|switch|p1a: Excadrill|Excadrill, M|361\/361
|-damage|p1a: Excadrill|350\/361|[from] Stealth Rock
|turn|15
|choice|*|*move 3
|choice|*move 1|*
|choice|move earthquake|move leechseed
|
|move|p1a: Excadrill|Earthquake|p2a: Ferrothorn
|-damage|p2a: Ferrothorn|86\/352
|move|p2a: Ferrothorn|Leech Seed|p1a: Excadrill
|-start|p1a: Excadrill|move: Leech Seed
|
|-weather|Sandstorm|[upkeep]
|-heal|p2a: Ferrothorn|108\/352|[from] item: Leftovers
|-damage|p1a: Excadrill|305\/361|[from] Leech Seed|[of] p2a: Ferrothorn
|-heal|p2a: Ferrothorn|153\/352|[silent]
|upkeep
|turn|16
|choice|*move 4 zmove|*
|choice|*|*switch 6
|choice|move rockslide zmove|switch 6
|
|switch|p2a: Landorus|Landorus-Therian, M|319\/319
|-ability|p2a: Landorus|Intimidate|boost
|-unboost|p1a: Excadrill|atk|1
|-zpower|p1a: Excadrill
|move|p1a: Excadrill|Continental Crush|p2a: Landorus|[zeffect]
|-damage|p2a: Landorus|189\/319
|
|-weather|Sandstorm|[upkeep]
|-damage|p1a: Excadrill|260\/361|[from] Leech Seed|[of] p2a: Landorus
|-heal|p2a: Landorus|234\/319|[silent]
|upkeep
|turn|17
|choice|*|*move 1
|choice|*move 3|*
|choice|move rapidspin|move earthquake
|
|move|p1a: Excadrill|Rapid Spin|p2a: Landorus
|-damage|p2a: Landorus|216\/319
|-end|p1a: Excadrill|Leech Seed|[from] move: Rapid Spin|[of] p1a: Excadrill
|-sideend|p1: yoce gamer 01|Stealth Rock|[from] move: Rapid Spin|[of] p1a: Excadrill
|move|p2a: Landorus|Earthquake|p1a: Excadrill
|-supereffective|p1a: Excadrill
|-damage|p1a: Excadrill|0 fnt
|faint|p1a: Excadrill
|
|-weather|none
|upkeep
|choice|*switch 6|*
|choice|switch 6|
|
|switch|p1a: Tapu Lele|Tapu Lele|281\/281
|-fieldstart|move: Psychic Terrain|[from] ability: Psychic Surge|[of] p1a: Tapu Lele
|turn|18
|c|☆yoce gamer 01|Que pro el chamo
|choice|*move 3|*
|choice|*|*switch 5
|choice|move shadowball|switch 5
|
|switch|p2a: Greninja|Greninja, M|285\/285
|move|p1a: Tapu Lele|Shadow Ball|p2a: Greninja
|-resisted|p2a: Greninja
|-damage|p2a: Greninja|217\/285
|
|upkeep
|turn|19
|choice|*move 3|*
|choice|*|*move 3
|choice|move shadowball|move darkpulse
|
|move|p1a: Tapu Lele|Shadow Ball|p2a: Greninja
|-resisted|p2a: Greninja
|-damage|p2a: Greninja|158\/285
|move|p2a: Greninja|Dark Pulse|p1a: Tapu Lele
|-damage|p1a: Tapu Lele|125\/281
|
|upkeep
|turn|20
|c|☆yoce gamer 01|Gg
|c|☆chamoo|gg uwu
|choice|*move 3|*
|choice|*|*move 3
|choice|move shadowball|move darkpulse
|
|move|p1a: Tapu Lele|Shadow Ball|p2a: Greninja
|-resisted|p2a: Greninja
|-damage|p2a: Greninja|93\/285
|move|p2a: Greninja|Dark Pulse|p1a: Tapu Lele
|-damage|p1a: Tapu Lele|0 fnt
|faint|p1a: Tapu Lele
|
|win|chamoo
</script>
</div>
<div class="battle-log battle-log-inline"><div class="inner"><div class="battle-options"></div><div class="inner"><div class=""><small>Format:</small> <br><strong>OU</strong></div><div class=""><small><em>Cláusula-Mod de Dormir:</em> solo puedes dormir a uno de tus oponentes a la vez.</small></div><div class=""><small><em>Cláusula de Especie:</em> Hasta un Pokémon de cada especie</small></div><div class=""><small><em>Cláusula de Golpe Fulminante:</em> los movimientos fulminantes (OHKO) estan prohibidos</small></div><div class=""><small><em>Cláusula de Veleta:</em> la habilidad Veleta está prohibida</small></div><div class=""><small><em>Cláusula de Movimientos Evasivos:</em> los movimientos de Evasión están prohibidos.</small></div><div class=""><small><em>Cláusula de Batallas Eternas:</em> forzar batallas eternas está prohibido</small></div><div class="chat battle-history"><strong>yoce gamer 01's team:</strong> <em style="color:#445566;display:block;">Excadrill / Tyranitar / Tapu Lele / Ferrothorn / Rotom-Wash / Victini</em></div><div class="chat battle-history"><strong>chamoo's team:</strong> <em style="color:#445566;display:block;">Mawile / Garchomp / Zapdos / Ferrothorn / Greninja / Landorus-Therian</em></div><div class="chat chatmessage-chamoo"><strong style="color:hsl(135,73%,37.86740085430023%)"><small>☆</small><span class="username" data-name="chamoo">chamoo</span>:</strong> <em>[12:12] #PresidentBradley: o se chupa completa o no se chupa</em></div><div class="chat chatmessage-yocegamer01"><strong style="color:hsl(322,46%,46%)"><small>☆</small><span class="username" data-name="yoce gamer 01">yoce gamer 01</span>:</strong> <em>Ahora si usas un team bien verdad</em></div><div class="chat chatmessage-yocegamer01"><strong style="color:hsl(322,46%,46%)"><small>☆</small><span class="username" data-name="yoce gamer 01">yoce gamer 01</span>:</strong> <em>Khe xD</em></div><div class="chat chatmessage-chamoo"><strong style="color:hsl(135,73%,37.86740085430023%)"><small>☆</small><span class="username" data-name="chamoo">chamoo</span>:</strong> <em>Claro yo soy un jugador competitivo vgc19(?</em></div><div class="chat chatmessage-yocegamer01"><strong style="color:hsl(322,46%,46%)"><small>☆</small><span class="username" data-name="yoce gamer 01">yoce gamer 01</span>:</strong> <em>xd</em></div><div class="spacer battle-history"><br></div><div class="battle-history">Battle started between yoce gamer 01 and chamoo!<br></div><div class="spacer battle-history"><br></div><div class="battle-history">Go! Rotom (<strong>Rotom-Wash</strong>)!<br></div><div class="spacer battle-history"><br></div><div class="battle-history">chamoo sent out <strong>Mawile</strong>!<br></div><div class="battle-history"><small>[The opposing Mawile's Intimidate]</small><br></div><div class="battle-history"><small>Rotom's Attack fell!</small><br></div><div class="spacer battle-history"><br></div><h2 class="battle-history">Turn 1</h2><div class="spacer battle-history"><br></div><div class="battle-history">chamoo withdrew Mawile!<br></div><div class="battle-history">chamoo sent out <strong>Zapdos</strong>!<br></div><div class="battle-history"><small>[The opposing Zapdos's Pressure]</small><br><small>The opposing Zapdos is exerting its pressure!</small><br></div><div class="spacer battle-history"><br></div><div class="battle-history">Rotom used <strong>Will-O-Wisp</strong>!<br></div><div class="battle-history"><small>The opposing Zapdos avoided the attack!</small><br></div><div class="spacer battle-history"><br></div><h2 class="battle-history">Turn 2</h2><div class="spacer battle-history"><br></div><div class="battle-history">The opposing Zapdos used <strong>Volt Switch</strong>!<br></div><div class="battle-history"><small>(Rotom lost <abbr title="−67/304">22.0%</abbr> of its health!)</small><br></div><div class="spacer battle-history"><br></div><div class="battle-history">The opposing Zapdos went back to chamoo!<br></div><div class="battle-history">chamoo sent out <strong>Garchomp</strong>!<br></div><div class="spacer battle-history"><br></div><div class="battle-history">Rotom used <strong>Hydro Pump</strong>!<br></div><div class="battle-history"><small>(The opposing Garchomp lost <abbr title="−145/357">40.6%</abbr> of its health!)</small><br></div><div class="spacer battle-history"><br></div><h2 class="battle-history">Turn 3</h2><div class="chat chatmessage-yocegamer01"><strong style="color:hsl(322,46%,46%)"><small>☆</small><span class="username" data-name="yoce gamer 01">yoce gamer 01</span>:</strong> <em>Chamoo ve a war</em></div><div class="spacer battle-history"><br></div><div class="battle-history"><small>The opposing Garchomp surrounded itself with its Z-Power!</small><br></div><div class="spacer battle-history"><br></div><div class="battle-history">The opposing Garchomp used <strong>Devastating Drake</strong>!<br></div><div class="battle-history"><small>(Rotom lost <abbr title="−237/304">78.0%</abbr> of its health!)</small><br></div><div class="spacer battle-history"><br></div><div class="battle-history">Rotom fainted!<br></div><div class="spacer battle-history"><br></div><div class="battle-history">Go! <strong>Tapu Lele</strong>!<br></div><div class="battle-history"><small>[Tapu Lele's Psychic Surge]</small><br><small>The battlefield got weird!</small><br></div><div class="spacer battle-history"><br></div><h2 class="battle-history">Turn 4</h2><div class="chat chatmessage-chamoo"><strong style="color:hsl(135,73%,37.86740085430023%)"><small>☆</small><span class="username" data-name="chamoo">chamoo</span>:</strong> <em>guar guar guar</em></div><div class="chat chatmessage-chamoo"><strong style="color:hsl(135,73%,37.86740085430023%)"><small>☆</small><span class="username" data-name="chamoo">chamoo</span>:</strong> <em>:v</em></div><div class="spacer battle-history"><br></div><div class="battle-history">chamoo withdrew Garchomp!<br></div><div class="battle-history">chamoo sent out <strong>Ferrothorn</strong>!<br></div><div class="spacer battle-history"><br></div><div class="battle-history">Tapu Lele used <strong>Moonblast</strong>!<br></div><div class="battle-history"><small>It's not very effective...</small><br></div><div class="battle-history"><small>A critical hit!</small><br></div><div class="battle-history"><small>(The opposing Ferrothorn lost <abbr title="−77/352">21.9%</abbr> of its health!)</small><br></div><div class="spacer battle-history"><br></div><div class="battle-history"><small>The opposing Ferrothorn restored a little HP using its Leftovers!</small><br></div><div class="spacer battle-history"><br></div><h2 class="battle-history">Turn 5</h2><div class="spacer battle-history"><br></div><div class="battle-history">Tapu Lele, come back!<br></div><div class="battle-history">Go! <strong>Victini</strong>!<br></div><div class="spacer battle-history"><br></div><div class="battle-history">The opposing Ferrothorn used <strong>Thunder Wave</strong>!<br></div><div class="battle-history"><small>Victini is paralyzed! It may be unable to move!</small><br></div><div class="spacer battle-history"><br></div><div class="battle-history"><small>The opposing Ferrothorn restored a little HP using its Leftovers!</small><br></div><div class="spacer battle-history"><br></div><h2 class="battle-history">Turn 6</h2><div class="chat chatmessage-yocegamer01"><strong style="color:hsl(322,46%,46%)"><small>☆</small><span class="username" data-name="yoce gamer 01">yoce gamer 01</span>:</strong> <em>xd</em></div><div class="spacer battle-history"><br></div><div class="battle-history">chamoo withdrew Ferrothorn!<br></div><div class="battle-history">chamoo sent out <strong>Garchomp</strong>!<br></div><div class="spacer battle-history"><br></div><div class="battle-history">Victini is paralyzed! It can't move!<br></div><div class="spacer battle-history"><br></div><h2 class="battle-history">Turn 7</h2><div class="spacer battle-history"><br></div><div class="battle-history">Victini, come back!<br></div><div class="battle-history">Go! <strong>Ferrothorn</strong>!<br></div><div class="spacer battle-history"><br></div><div class="battle-history">The opposing Garchomp used <strong>Earthquake</strong>!<br></div><div class="battle-history"><small>(Ferrothorn lost <abbr title="−105/352">29.8%</abbr> of its health!)</small><br></div><div class="spacer battle-history"><br></div><div class="battle-history"><small>Ferrothorn restored a little HP using its Leftovers!</small><br></div><div class="spacer battle-history"><br></div><h2 class="battle-history">Turn 8</h2><div class="spacer battle-history"><br></div><div class="battle-history">The opposing Garchomp used <strong>Stealth Rock</strong>!<br></div><div class="battle-history"><small>Pointed stones float in the air around your team!</small><br></div><div class="spacer battle-history"><br></div><div class="battle-history">Ferrothorn used <strong>Leech Seed</strong>!<br></div><div class="battle-history"><small>The opposing Garchomp was seeded!</small><br></div><div class="spacer battle-history"><br></div><div class="battle-history"><small>Ferrothorn restored a little HP using its Leftovers!</small><br></div><div class="battle-history"><small>The opposing Garchomp's health is sapped by Leech Seed!</small><br></div><div class="battle-history"><small>The weirdness disappeared from the battlefield!</small><br></div><div class="spacer battle-history"><br></div><h2 class="battle-history">Turn 9</h2><div class="spacer battle-history"><br></div><div class="battle-history">chamoo withdrew Garchomp!<br></div><div class="battle-history">chamoo sent out <strong>Mawile</strong>!<br></div><div class="battle-history"><small>[The opposing Mawile's Intimidate]</small><br></div><div class="battle-history"><small>Ferrothorn's Attack fell!</small><br></div><div class="spacer battle-history"><br></div><div class="battle-history">Ferrothorn used <strong>Gyro Ball</strong>!<br></div><div class="battle-history"><small>(The opposing Mawile lost <abbr title="−100/241">41.5%</abbr> of its health!)</small><br></div><div class="spacer battle-history"><br></div><div class="battle-history"><small>Ferrothorn restored a little HP using its Leftovers!</small><br></div><div class="spacer battle-history"><br></div><h2 class="battle-history">Turn 10</h2><div class="spacer battle-history"><br></div><div class="battle-history"><small>The opposing Mawile's Mawilite is reacting to the Key Stone!</small><br>The opposing Mawile has Mega Evolved into Mega Mawile!<br></div><div class="spacer battle-history"><br></div><div class="battle-history">The opposing Mawile used <strong>Fire Fang</strong>!<br></div><div class="battle-history"><small>It's super effective!</small><br></div><div class="battle-history"><small>(Ferrothorn lost <abbr title="−352/352">100%</abbr> of its health!)</small><br></div><div class="battle-history"><small>[Ferrothorn's Iron Barbs]</small><br><small>The opposing Mawile was hurt!</small><br></div><div class="spacer battle-history"><br></div><div class="battle-history">Ferrothorn fainted!<br></div><div class="spacer battle-history"><br></div><div class="battle-history">Go! <strong>Victini</strong>!<br></div><div class="battle-history"><small>Pointed stones dug into Victini!</small><br></div><div class="spacer battle-history"><br></div><h2 class="battle-history">Turn 11</h2><div class="spacer battle-history"><br></div><div class="battle-history">chamoo withdrew Mawile!<br></div><div class="battle-history">chamoo sent out <strong>Garchomp</strong>!<br></div><div class="spacer battle-history"><br></div><div class="battle-history">Victini is paralyzed! It can't move!<br></div><div class="spacer battle-history"><br></div><h2 class="battle-history">Turn 12</h2><div class="chat chatmessage-yocegamer01"><strong style="color:hsl(322,46%,46%)"><small>☆</small><span class="username" data-name="yoce gamer 01">yoce gamer 01</span>:</strong> <em>Victini eres una plasta</em></div><div class="spacer battle-history"><br></div><div class="battle-history">The opposing Garchomp used <strong>Earthquake</strong>!<br></div><div class="battle-history"><small>It's super effective!</small><br></div><div class="battle-history"><small>(Victini lost <abbr title="−256/341">75.1%</abbr> of its health!)</small><br></div><div class="spacer battle-history"><br></div><div class="battle-history">Victini fainted!<br></div><div class="spacer battle-history"><br></div><div class="battle-history">Go! <strong>Tyranitar</strong>!<br></div><div class="battle-history"><small>Pointed stones dug into Tyranitar!</small><br></div><div class="battle-history"><small>[Tyranitar's Sand Stream]</small><br><small>A sandstorm kicked up!</small><br></div><div class="spacer battle-history"><br></div><h2 class="battle-history">Turn 13</h2><div class="spacer battle-history"><br></div><div class="battle-history"><small>Tyranitar's Tyranitarite is reacting to the Key Stone!</small><br>Tyranitar has Mega Evolved into Mega Tyranitar!<br></div><div class="spacer battle-history"><br></div><div class="battle-history">The opposing Garchomp used <strong>Earthquake</strong>!<br></div><div class="battle-history"><small>It's super effective!</small><br></div><div class="battle-history"><small>(Tyranitar lost <abbr title="−270/341">79.2%</abbr> of its health!)</small><br></div><div class="spacer battle-history"><br></div><div class="battle-history">Tyranitar used <strong>Dragon Dance</strong>!<br></div><div class="battle-history"><small>Tyranitar's Attack rose!</small><br></div><div class="battle-history"><small>Tyranitar's Speed rose!</small><br></div><div class="spacer battle-history"><br></div><div class="battle-history"><small>The sandstorm is raging.</small><br></div><div class="spacer battle-history"><br></div><h2 class="battle-history">Turn 14</h2><div class="spacer battle-history"><br></div><div class="battle-history">chamoo withdrew Garchomp!<br></div><div class="battle-history">chamoo sent out <strong>Ferrothorn</strong>!<br></div><div class="spacer battle-history"><br></div><div class="battle-history">Tyranitar used <strong>Ice Punch</strong>!<br></div><div class="battle-history"><small>(The opposing Ferrothorn lost <abbr title="−116/352">33.0%</abbr> of its health!)</small><br></div><div class="battle-history"><small>[The opposing Ferrothorn's Iron Barbs]</small><br><small>Tyranitar was hurt!</small><br></div><div class="spacer battle-history"><br></div><div class="battle-history">Tyranitar fainted!<br></div><div class="spacer battle-history"><br></div><div class="battle-history"><small>The sandstorm is raging.</small><br></div><div class="battle-history"><small>The opposing Ferrothorn restored a little HP using its Leftovers!</small><br></div><div class="spacer battle-history"><br></div><div class="battle-history">Go! <strong>Excadrill</strong>!<br></div><div class="battle-history"><small>Pointed stones dug into Excadrill!</small><br></div><div class="spacer battle-history"><br></div><h2 class="battle-history">Turn 15</h2><div class="spacer battle-history"><br></div><div class="battle-history">Excadrill used <strong>Earthquake</strong>!<br></div><div class="battle-history"><small>(The opposing Ferrothorn lost <abbr title="−139/352">39.5%</abbr> of its health!)</small><br></div><div class="spacer battle-history"><br></div><div class="battle-history">The opposing Ferrothorn used <strong>Leech Seed</strong>!<br></div><div class="battle-history"><small>Excadrill was seeded!</small><br></div><div class="spacer battle-history"><br></div><div class="battle-history"><small>The sandstorm is raging.</small><br></div><div class="battle-history"><small>The opposing Ferrothorn restored a little HP using its Leftovers!</small><br></div><div class="battle-history"><small>Excadrill's health is sapped by Leech Seed!</small><br></div><div class="spacer battle-history"><br></div><h2 class="battle-history">Turn 16</h2><div class="spacer battle-history"><br></div><div class="battle-history">chamoo withdrew Ferrothorn!<br></div><div class="battle-history">chamoo sent out Landorus (<strong>Landorus-Therian</strong>)!<br></div><div class="battle-history"><small>[The opposing Landorus's Intimidate]</small><br></div><div class="battle-history"><small>Excadrill's Attack fell!</small><br></div><div class="battle-history"><small>Excadrill surrounded itself with its Z-Power!</small><br></div><div class="spacer battle-history"><br></div><div class="battle-history">Excadrill used <strong>Continental Crush</strong>!<br></div><div class="battle-history"><small>(The opposing Landorus lost <abbr title="−130/319">40.8%</abbr> of its health!)</small><br></div><div class="spacer battle-history"><br></div><div class="battle-history"><small>The sandstorm is raging.</small><br></div><div class="battle-history"><small>Excadrill's health is sapped by Leech Seed!</small><br></div><div class="spacer battle-history"><br></div><h2 class="battle-history">Turn 17</h2><div class="spacer battle-history"><br></div><div class="battle-history">Excadrill used <strong>Rapid Spin</strong>!<br></div><div class="battle-history"><small>(The opposing Landorus lost <abbr title="−18/319">5.6%</abbr> of its health!)</small><br></div><div class="battle-history"><small>Excadrill was freed from Leech Seed!</small><br></div><div class="battle-history"><small>The pointed stones disappeared from around your team!</small><br></div><div class="spacer battle-history"><br></div><div class="battle-history">The opposing Landorus used <strong>Earthquake</strong>!<br></div><div class="battle-history"><small>It's super effective!</small><br></div><div class="battle-history"><small>(Excadrill lost <abbr title="−260/361">72.0%</abbr> of its health!)</small><br></div><div class="spacer battle-history"><br></div><div class="battle-history">Excadrill fainted!<br></div><div class="spacer battle-history"><br></div><div class="battle-history"><small>The sandstorm subsided.</small><br></div><div class="spacer battle-history"><br></div><div class="battle-history">Go! <strong>Tapu Lele</strong>!<br></div><div class="battle-history"><small>[Tapu Lele's Psychic Surge]</small><br><small>The battlefield got weird!</small><br></div><div class="spacer battle-history"><br></div><h2 class="battle-history">Turn 18</h2><div class="chat chatmessage-yocegamer01"><strong style="color:hsl(322,46%,46%)"><small>☆</small><span class="username" data-name="yoce gamer 01">yoce gamer 01</span>:</strong> <em>Que pro el chamo</em></div><div class="spacer battle-history"><br></div><div class="battle-history">chamoo withdrew Landorus!<br></div><div class="battle-history">chamoo sent out <strong>Greninja</strong>!<br></div><div class="spacer battle-history"><br></div><div class="battle-history">Tapu Lele used <strong>Shadow Ball</strong>!<br></div><div class="battle-history"><small>It's not very effective...</small><br></div><div class="battle-history"><small>(The opposing Greninja lost <abbr title="−68/285">23.9%</abbr> of its health!)</small><br></div><div class="spacer battle-history"><br></div><h2 class="battle-history">Turn 19</h2><div class="spacer battle-history"><br></div><div class="battle-history">Tapu Lele used <strong>Shadow Ball</strong>!<br></div><div class="battle-history"><small>It's not very effective...</small><br></div><div class="battle-history"><small>(The opposing Greninja lost <abbr title="−59/285">20.7%</abbr> of its health!)</small><br></div><div class="spacer battle-history"><br></div><div class="battle-history">The opposing Greninja used <strong>Dark Pulse</strong>!<br></div><div class="battle-history"><small>(Tapu Lele lost <abbr title="−156/281">55.5%</abbr> of its health!)</small><br></div><div class="spacer battle-history"><br></div><h2 class="battle-history">Turn 20</h2><div class="chat chatmessage-yocegamer01"><strong style="color:hsl(322,46%,46%)"><small>☆</small><span class="username" data-name="yoce gamer 01">yoce gamer 01</span>:</strong> <em>Gg</em></div><div class="chat chatmessage-chamoo"><strong style="color:hsl(135,73%,37.86740085430023%)"><small>☆</small><span class="username" data-name="chamoo">chamoo</span>:</strong> <em>gg uwu</em></div><div class="spacer battle-history"><br></div><div class="battle-history">Tapu Lele used <strong>Shadow Ball</strong>!<br></div><div class="battle-history"><small>It's not very effective...</small><br></div><div class="battle-history"><small>(The opposing Greninja lost <abbr title="−65/285">22.8%</abbr> of its health!)</small><br></div><div class="spacer battle-history"><br></div><div class="battle-history">The opposing Greninja used <strong>Dark Pulse</strong>!<br></div><div class="battle-history"><small>(Tapu Lele lost <abbr title="−125/281">44.5%</abbr> of its health!)</small><br></div><div class="spacer battle-history"><br></div><div class="battle-history">Tapu Lele fainted!<br></div><div class="spacer battle-history"><br></div><div class="battle-history"><strong>chamoo</strong> won the battle!<br></div></div><div class="inner-preempt"></div></div></div>
</div>
<script>
let daily = Math.floor(Date.now()/1000/60/60/24);document.write('<script src="https://play.pokemonshowdown.com/js/replay-embed.js?version'+daily+'"></'+'script>');
</script>
