<!DOCTYPE html>
<meta charset="utf-8" />
<!-- version 1 -->
<title>OU replay: XtiresaX vs. Sr ✯ Maniii</title>
<style>
html,body {font-family:Verdana, sans-serif;font-size:10pt;margin:0;padding:0;}body{padding:12px 0;} .battle-log {font-family:Verdana, sans-serif;font-size:10pt;} .battle-log-inline {border:1px solid #AAAAAA;background:#EEF2F5;color:black;max-width:640px;margin:0 auto 80px;padding-bottom:5px;} .battle-log .inner {padding:4px 8px 0px 8px;} .battle-log .inner-preempt {padding:0 8px 4px 8px;} .battle-log .inner-after {margin-top:0.5em;} .battle-log h2 {margin:0.5em -8px;padding:4px 8px;border:1px solid #AAAAAA;background:#E0E7EA;border-left:0;border-right:0;font-family:Verdana, sans-serif;font-size:13pt;} .battle-log .chat {vertical-align:middle;padding:3px 0 3px 0;font-size:8pt;} .battle-log .chat strong {color:#40576A;} .battle-log .chat em {padding:1px 4px 1px 3px;color:#000000;font-style:normal;} .chat.mine {background:rgba(0,0,0,0.05);margin-left:-8px;margin-right:-8px;padding-left:8px;padding-right:8px;} .spoiler {color:#BBBBBB;background:#BBBBBB;padding:0px 3px;} .spoiler:hover, .spoiler:active, .spoiler-shown {color:#000000;background:#E2E2E2;padding:0px 3px;} .spoiler a {color:#BBBBBB;} .spoiler:hover a, .spoiler:active a, .spoiler-shown a {color:#2288CC;} .chat code, .chat .spoiler:hover code, .chat .spoiler:active code, .chat .spoiler-shown code {border:1px solid #C0C0C0;background:#EEEEEE;color:black;padding:0 2px;} .chat .spoiler code {border:1px solid #CCCCCC;background:#CCCCCC;color:#CCCCCC;} .battle-log .rated {padding:3px 4px;} .battle-log .rated strong {color:white;background:#89A;padding:1px 4px;border-radius:4px;} .spacer {margin-top:0.5em;} .message-announce {background:#6688AA;color:white;padding:1px 4px 2px;} .message-announce a, .broadcast-green a, .broadcast-blue a, .broadcast-red a {color:#DDEEFF;} .broadcast-green {background-color:#559955;color:white;padding:2px 4px;} .broadcast-blue {background-color:#6688AA;color:white;padding:2px 4px;} .infobox {border:1px solid #6688AA;padding:2px 4px;} .infobox-limited {max-height:200px;overflow:auto;overflow-x:hidden;} .broadcast-red {background-color:#AA5544;color:white;padding:2px 4px;} .message-learn-canlearn {font-weight:bold;color:#228822;text-decoration:underline;} .message-learn-cannotlearn {font-weight:bold;color:#CC2222;text-decoration:underline;} .message-effect-weak {font-weight:bold;color:#CC2222;} .message-effect-resist {font-weight:bold;color:#6688AA;} .message-effect-immune {font-weight:bold;color:#666666;} .message-learn-list {margin-top:0;margin-bottom:0;} .message-throttle-notice, .message-error {color:#992222;} .message-overflow, .chat small.message-overflow {font-size:0pt;} .message-overflow::before {font-size:9pt;content:'...';} .subtle {color:#3A4A66;}
</style>
<div class="wrapper replay-wrapper" style="max-width:1180px;margin:0 auto">
<input type="hidden" name="replayid" value="destiny-ou-517305" />
<div class="battle"></div><div class="battle-log"></div><div class="replay-controls"></div><div class="replay-controls-2"></div>
<h1 style="font-weight:normal;text-align:center"><strong>OU</strong><br /><a href="http://pokemonshowdown.com/users/xtiresax" class="subtle" target="_blank">XtiresaX</a> vs. <a href="http://pokemonshowdown.com/users/srmaniii" class="subtle" target="_blank">Sr ✯ Maniii</a></h1>
<script type="text/plain" class="battle-log-data">|player|p1|XtiresaX|1010
|teamsize|p1|1
|player|p2|Sr ✯ Maniii|srmaniii-4.gif?60d86c6b
|teamsize|p2|2
|teamsize|p1|1
|teamsize|p2|2
|gametype|singles
|gen|7
|tier|OU
|seed|39950,40521,29232,42785
|rule|Cláusula-Mod de Dormir: solo puedes dormir a uno de tus oponentes a la vez.
|rule|Cláusula de Especie: Hasta un Pokémon de cada especie
|rule|Cláusula de Golpe Fulminante: los movimientos fulminantes (OHKO) estan prohibidos
|rule|Cláusula de Veleta: la habilidad Veleta está prohibida
|rule|Cláusula de Movimientos Evasivos: los movimientos de Evasión están prohibidos.
|rule|Cláusula de Batallas Eternas: forzar batallas eternas está prohibido
|clearpoke
|poke|p1|Greninja, M|item
|poke|p2|Banette, F|item
|poke|p2|Mismagius, M|item
|teampreview|undefined
|choice|*team 1|*
|choice|*|*team 21
|choice|team 1|team 2, 1
|
|start
|switch|p1a: Greninja|Greninja, M|285\/285
|switch|p2a: Mismagius|Mismagius, M|261\/261
|turn|1
|choice|*|*move 1
|choice|*move 1|*
|choice|move darkpulse|move destinybond
|
|move|p2a: Mismagius|Destiny Bond|p2a: Mismagius
|-singlemove|p2a: Mismagius|Destiny Bond
|move|p1a: Greninja|Dark Pulse|p2a: Mismagius
|-start|p1a: Greninja|typechange|Dark|[from] Protean
|-supereffective|p2a: Mismagius
|-enditem|p2a: Mismagius|Focus Sash
|-damage|p2a: Mismagius|1\/261
|
|upkeep
|turn|2
|choice|*|*move 2
|choice|*move 1|*
|choice|move darkpulse|move shadowball
|
|move|p2a: Mismagius|Shadow Ball|p1a: Greninja
|-resisted|p1a: Greninja
|-damage|p1a: Greninja|225\/285
|move|p1a: Greninja|Dark Pulse|p2a: Mismagius
|-supereffective|p2a: Mismagius
|-damage|p2a: Mismagius|0 fnt
|faint|p2a: Mismagius
|
|upkeep
|choice|*|*switch 2
|choice||switch 2
|
|switch|p2a: Banette|Banette, F|269\/269
|-item|p1a: Greninja|Choice Specs|[from] ability: Frisk|[of] p2a: Banette|[identify]
|turn|3
|choice|*move 1|*
|choice|*|*move 1
|choice|move darkpulse|move destinybond
|
|move|p1a: Greninja|Dark Pulse|p2a: Banette
|-supereffective|p2a: Banette
|-enditem|p2a: Banette|Focus Sash
|-damage|p2a: Banette|1\/269
|move|p2a: Banette|Destiny Bond|p2a: Banette
|-singlemove|p2a: Banette|Destiny Bond
|
|upkeep
|turn|4
|choice|*|*move 2
|choice|*move 1|*
|choice|move darkpulse|move shadowball
|
|move|p1a: Greninja|Dark Pulse|p2a: Banette
|-supereffective|p2a: Banette
|-damage|p2a: Banette|0 fnt
|faint|p2a: Banette
|-activate|p2a: Banette|move: Destiny Bond
|faint|p1a: Greninja
|
|win|XtiresaX
|c|☆Sr ✯ Maniii|es eso
|c|☆Sr ✯ Maniii|lo que pensaba
|c|☆Sr ✯ Maniii|depende de la velocidad
|c|☆XtiresaX|mmm...si eres mas rapido funciona mal?
|c|☆XtiresaX|se cancela?
|c|☆Sr ✯ Maniii|sí
|c|☆Sr ✯ Maniii|si eres más rápido el efecto no va
|c|☆Sr ✯ Maniii|debes ser más lento
</script>
</div>
<div class="battle-log battle-log-inline"><div class="inner"><div class="battle-options"></div><div class="inner"><div class=""><small>Format:</small> <br><strong>OU</strong></div><div class=""><small><em>Cláusula-Mod de Dormir:</em> solo puedes dormir a uno de tus oponentes a la vez.</small></div><div class=""><small><em>Cláusula de Especie:</em> Hasta un Pokémon de cada especie</small></div><div class=""><small><em>Cláusula de Golpe Fulminante:</em> los movimientos fulminantes (OHKO) estan prohibidos</small></div><div class=""><small><em>Cláusula de Veleta:</em> la habilidad Veleta está prohibida</small></div><div class=""><small><em>Cláusula de Movimientos Evasivos:</em> los movimientos de Evasión están prohibidos.</small></div><div class=""><small><em>Cláusula de Batallas Eternas:</em> forzar batallas eternas está prohibido</small></div><div class="chat battle-history"><strong>XtiresaX's team:</strong> <em style="color:#445566;display:block;">Greninja</em></div><div class="chat battle-history"><strong>Sr ✯ Maniii's team:</strong> <em style="color:#445566;display:block;">Banette / Mismagius</em></div><div class="spacer battle-history"><br></div><div class="battle-history">Battle started between XtiresaX and Sr ✯ Maniii!<br></div><div class="spacer battle-history"><br></div><div class="battle-history">Go! <strong>Greninja</strong>!<br></div><div class="spacer battle-history"><br></div><div class="battle-history">Sr ✯ Maniii sent out <strong>Mismagius</strong>!<br></div><div class="spacer battle-history"><br></div><h2 class="battle-history">Turn 1</h2><div class="spacer battle-history"><br></div><div class="battle-history">The opposing Mismagius used <strong>Destiny Bond</strong>!<br></div><div class="battle-history">The opposing Mismagius is hoping to take its attacker down with it!<br></div><div class="spacer battle-history"><br></div><div class="battle-history">Greninja used <strong>Dark Pulse</strong>!<br></div><div class="spacer battle-history"><br></div><div class="battle-history"><small>[Greninja's Protean]</small><br><small>Greninja transformed into the Dark type!</small><br></div><div class="battle-history"><small>It's super effective!</small><br></div><div class="battle-history"><small>The opposing Mismagius hung on using its Focus Sash!</small><br></div><div class="battle-history"><small>(The opposing Mismagius lost <abbr title="−260/261">99.6%</abbr> of its health!)</small><br></div><div class="spacer battle-history"><br></div><h2 class="battle-history">Turn 2</h2><div class="spacer battle-history"><br></div><div class="battle-history">The opposing Mismagius used <strong>Shadow Ball</strong>!<br></div><div class="battle-history"><small>It's not very effective...</small><br></div><div class="battle-history"><small>(Greninja lost <abbr title="−60/285">21.1%</abbr> of its health!)</small><br></div><div class="spacer battle-history"><br></div><div class="battle-history">Greninja used <strong>Dark Pulse</strong>!<br></div><div class="battle-history"><small>It's super effective!</small><br></div><div class="battle-history"><small>(The opposing Mismagius lost <abbr title="−1/261">0.4%</abbr> of its health!)</small><br></div><div class="spacer battle-history"><br></div><div class="battle-history">The opposing Mismagius fainted!<br></div><div class="spacer battle-history"><br></div><div class="battle-history">Sr ✯ Maniii sent out <strong>Banette</strong>!<br></div><div class="battle-history"><small>[The opposing Banette's Frisk]</small><br><small>The opposing Banette frisked Greninja and found its Choice Specs!</small><br></div><div class="spacer battle-history"><br></div><h2 class="battle-history">Turn 3</h2><div class="spacer battle-history"><br></div><div class="battle-history">Greninja used <strong>Dark Pulse</strong>!<br></div><div class="battle-history"><small>It's super effective!</small><br></div><div class="battle-history"><small>The opposing Banette hung on using its Focus Sash!</small><br></div><div class="battle-history"><small>(The opposing Banette lost <abbr title="−268/269">99.6%</abbr> of its health!)</small><br></div><div class="spacer battle-history"><br></div><div class="battle-history">The opposing Banette used <strong>Destiny Bond</strong>!<br></div><div class="battle-history">The opposing Banette is hoping to take its attacker down with it!<br></div><div class="spacer battle-history"><br></div><h2 class="battle-history">Turn 4</h2><div class="spacer battle-history"><br></div><div class="battle-history">Greninja used <strong>Dark Pulse</strong>!<br></div><div class="battle-history"><small>It's super effective!</small><br></div><div class="battle-history"><small>(The opposing Banette lost <abbr title="−1/269">0.4%</abbr> of its health!)</small><br></div><div class="spacer battle-history"><br></div><div class="battle-history">The opposing Banette fainted!<br></div><div class="battle-history"><small>The opposing Banette took its attacker down with it!</small><br></div><div class="spacer battle-history"><br></div><div class="battle-history">Greninja fainted!<br></div><div class="spacer battle-history"><br></div><div class="battle-history"><strong>XtiresaX</strong> won the battle!<br></div><div class="chat chatmessage-srmaniii"><strong style="color:hsl(307,52%,45%)"><small>☆</small><span class="username" data-name="Sr ✯ Maniii">Sr ✯ Maniii</span>:</strong> <em>es eso</em></div><div class="chat chatmessage-srmaniii"><strong style="color:hsl(307,52%,45%)"><small>☆</small><span class="username" data-name="Sr ✯ Maniii">Sr ✯ Maniii</span>:</strong> <em>lo que pensaba</em></div><div class="chat chatmessage-srmaniii"><strong style="color:hsl(307,52%,45%)"><small>☆</small><span class="username" data-name="Sr ✯ Maniii">Sr ✯ Maniii</span>:</strong> <em>depende de la velocidad</em></div><div class="chat chatmessage-xtiresax"><strong style="color:hsl(259,41%,58.323966460186476%)"><small>☆</small><span class="username" data-name="XtiresaX">XtiresaX</span>:</strong> <em>mmm...si eres mas rapido funciona mal?</em></div><div class="chat chatmessage-xtiresax"><strong style="color:hsl(259,41%,58.323966460186476%)"><small>☆</small><span class="username" data-name="XtiresaX">XtiresaX</span>:</strong> <em>se cancela?</em></div><div class="chat chatmessage-srmaniii"><strong style="color:hsl(307,52%,45%)"><small>☆</small><span class="username" data-name="Sr ✯ Maniii">Sr ✯ Maniii</span>:</strong> <em>sí</em></div><div class="chat chatmessage-srmaniii"><strong style="color:hsl(307,52%,45%)"><small>☆</small><span class="username" data-name="Sr ✯ Maniii">Sr ✯ Maniii</span>:</strong> <em>si eres más rápido el efecto no va</em></div><div class="chat chatmessage-srmaniii"><strong style="color:hsl(307,52%,45%)"><small>☆</small><span class="username" data-name="Sr ✯ Maniii">Sr ✯ Maniii</span>:</strong> <em>debes ser más lento</em></div></div><div class="inner-preempt"></div></div></div>
</div>
<script>
let daily = Math.floor(Date.now()/1000/60/60/24);document.write('<script src="https://play.pokemonshowdown.com/js/replay-embed.js?version'+daily+'"></'+'script>');
</script>
