<!DOCTYPE html>
<meta charset="utf-8" />
<!-- version 1 -->
<title>LC replay: Sando22 vs. ilke</title>
<style>
html,body {font-family:Verdana, sans-serif;font-size:10pt;margin:0;padding:0;}body{padding:12px 0;} .battle-log {font-family:Verdana, sans-serif;font-size:10pt;} .battle-log-inline {border:1px solid #AAAAAA;background:#EEF2F5;color:black;max-width:640px;margin:0 auto 80px;padding-bottom:5px;} .battle-log .inner {padding:4px 8px 0px 8px;} .battle-log .inner-preempt {padding:0 8px 4px 8px;} .battle-log .inner-after {margin-top:0.5em;} .battle-log h2 {margin:0.5em -8px;padding:4px 8px;border:1px solid #AAAAAA;background:#E0E7EA;border-left:0;border-right:0;font-family:Verdana, sans-serif;font-size:13pt;} .battle-log .chat {vertical-align:middle;padding:3px 0 3px 0;font-size:8pt;} .battle-log .chat strong {color:#40576A;} .battle-log .chat em {padding:1px 4px 1px 3px;color:#000000;font-style:normal;} .chat.mine {background:rgba(0,0,0,0.05);margin-left:-8px;margin-right:-8px;padding-left:8px;padding-right:8px;} .spoiler {color:#BBBBBB;background:#BBBBBB;padding:0px 3px;} .spoiler:hover, .spoiler:active, .spoiler-shown {color:#000000;background:#E2E2E2;padding:0px 3px;} .spoiler a {color:#BBBBBB;} .spoiler:hover a, .spoiler:active a, .spoiler-shown a {color:#2288CC;} .chat code, .chat .spoiler:hover code, .chat .spoiler:active code, .chat .spoiler-shown code {border:1px solid #C0C0C0;background:#EEEEEE;color:black;padding:0 2px;} .chat .spoiler code {border:1px solid #CCCCCC;background:#CCCCCC;color:#CCCCCC;} .battle-log .rated {padding:3px 4px;} .battle-log .rated strong {color:white;background:#89A;padding:1px 4px;border-radius:4px;} .spacer {margin-top:0.5em;} .message-announce {background:#6688AA;color:white;padding:1px 4px 2px;} .message-announce a, .broadcast-green a, .broadcast-blue a, .broadcast-red a {color:#DDEEFF;} .broadcast-green {background-color:#559955;color:white;padding:2px 4px;} .broadcast-blue {background-color:#6688AA;color:white;padding:2px 4px;} .infobox {border:1px solid #6688AA;padding:2px 4px;} .infobox-limited {max-height:200px;overflow:auto;overflow-x:hidden;} .broadcast-red {background-color:#AA5544;color:white;padding:2px 4px;} .message-learn-canlearn {font-weight:bold;color:#228822;text-decoration:underline;} .message-learn-cannotlearn {font-weight:bold;color:#CC2222;text-decoration:underline;} .message-effect-weak {font-weight:bold;color:#CC2222;} .message-effect-resist {font-weight:bold;color:#6688AA;} .message-effect-immune {font-weight:bold;color:#666666;} .message-learn-list {margin-top:0;margin-bottom:0;} .message-throttle-notice, .message-error {color:#992222;} .message-overflow, .chat small.message-overflow {font-size:0pt;} .message-overflow::before {font-size:9pt;content:'...';} .subtle {color:#3A4A66;}
</style>
<div class="wrapper replay-wrapper" style="max-width:1180px;margin:0 auto">
<input type="hidden" name="replayid" value="lc-481919619" />
<div class="battle"></div><div class="battle-log"></div><div class="replay-controls"></div><div class="replay-controls-2"></div>
<h1 style="font-weight:normal;text-align:center"><strong>LC</strong><br /><a href="http://pokemonshowdown.com/users/sando22" class="subtle" target="_blank">Sando22</a> vs. <a href="http://pokemonshowdown.com/users/ilke" class="subtle" target="_blank">ilke</a></h1>
<script type="text/plain" class="battle-log-data">|j|Sando22
|j|ilke
|player|p1|Sando22|40
|player|p2|ilke|102
|gametype|singles
|gen|6
|tier|LC
|rated
|seed|12252,4984,8746,61796
|clearpoke
|poke|p1|Totodile, L5, M, shiny|item
|poke|p1|Sandshrew, L5, M, shiny|item
|poke|p1|Gastly, L5, M|item
|poke|p1|Charmander, L5, M|item
|poke|p1|Snivy, L5, F|item
|poke|p1|Magnemite, L5|item
|poke|p2|Froakie, L5, M|
|poke|p2|Cyndaquil, L5, F|item
|poke|p2|Elekid, L5, M|
|poke|p2|Cacnea, L5, F|item
|poke|p2|Larvitar, L5, M|item
|rule|Sleep Clause Mod: Limit one foe put to sleep
|rule|Species Clause: Limit one of each Pokémon
|rule|OHKO Clause: OHKO moves are banned
|rule|Moody Clause: Moody is banned
|rule|Evasion Moves Clause: Evasion moves are banned
|rule|Endless Battle Clause: Forcing endless battles is banned
|rule|HP Percentage Mod: HP is shown in percentages
|teampreview
|choice|team 2, team 1, team 3, team 4, team 5, team 6|team 5, team 2, team 3, team 4, team 1
|
|start
|switch|p1a: Sando|Sandshrew, L5, M, shiny|21\/21
|switch|p2a: Larvitar|Larvitar, L5, M|23\/23
|turn|1
|choice|move stealthrock|move outrage
|
|move|p1a: Sando|Stealth Rock|p2a: Larvitar
|-sidestart|p2: ilke|move: Stealth Rock
|move|p2a: Larvitar|Outrage|p1a: Sando
|-damage|p1a: Sando|12\/21
|-damage|p2a: Larvitar|21\/23|[from] item: Life Orb
|
|turn|2
|choice|move earthquake|move outrage
|
|move|p1a: Sando|Earthquake|p2a: Larvitar
|-supereffective|p2a: Larvitar
|-crit|p2a: Larvitar
|-damage|p2a: Larvitar|0 fnt
|faint|p2a: Larvitar
|
|choice||switch 4
|
|switch|p2a: Cacnea|Cacnea, L5, F|23\/23
|-damage|p2a: Cacnea|21\/23|[from] Stealth Rock
|turn|3
|choice|switch 4|move energyball
|
|switch|p1a: Charmander|Charmander, L5, M|20\/20
|move|p2a: Cacnea|Energy Ball|p1a: Charmander
|-resisted|p1a: Charmander
|-damage|p1a: Charmander|13\/20
|
|turn|4
|choice|move overheat|switch 5
|
|switch|p2a: Froakie|Froakie, L5, M|22\/22
|-damage|p2a: Froakie|20\/22|[from] Stealth Rock
|move|p1a: Charmander|Overheat|p2a: Froakie
|-resisted|p2a: Froakie
|-damage|p2a: Froakie|8\/22
|-unboost|p1a: Charmander|spa|2
|-damage|p1a: Charmander|11\/20|[from] item: Life Orb
|
|turn|5
|choice|switch 5|move hydropump
|
|switch|p1a: Snivy|Snivy, L5, F|21\/21
|move|p2a: Froakie|Hydro Pump|p1a: Snivy
|-resisted|p1a: Snivy
|-damage|p1a: Snivy|17\/21
|
|turn|6
|choice|move glare|move blizzard
|
|move|p1a: Snivy|Glare|p2a: Froakie
|-status|p2a: Froakie|par
|move|p2a: Froakie|Blizzard|p1a: Snivy
|-supereffective|p1a: Snivy
|-damage|p1a: Snivy|3\/21
|-status|p1a: Snivy|frz
|
|turn|7
|choice|move leafstorm|move blizzard
|
|cant|p1a: Snivy|frz
|move|p2a: Froakie|Blizzard|p1a: Snivy
|-supereffective|p1a: Snivy
|-damage|p1a: Snivy|0 fnt
|faint|p1a: Snivy
|
|choice|switch 6|
|
|switch|p1a: Magnemite|Magnemite, L5|19\/19
|turn|8
|choice|move thunderbolt|move blizzard
|
|move|p1a: Magnemite|Thunderbolt|p2a: Froakie
|-supereffective|p2a: Froakie
|-damage|p2a: Froakie|0 fnt
|faint|p2a: Froakie
|
|choice||switch 5
|
|switch|p2a: Cacnea|Cacnea, L5, F|21\/23
|-damage|p2a: Cacnea|19\/23|[from] Stealth Rock
|turn|9
|choice|move flashcannon|move gigadrain
|
|move|p1a: Magnemite|Flash Cannon|p2a: Cacnea
|-damage|p2a: Cacnea|3\/23
|move|p2a: Cacnea|Giga Drain|p1a: Magnemite
|-resisted|p1a: Magnemite
|-damage|p1a: Magnemite|13\/19
|-heal|p2a: Cacnea|6\/23|[from] drain|[of] p1a: Magnemite
|
|turn|10
|choice|move flashcannon|move gigadrain
|
|move|p2a: Cacnea|Giga Drain|p1a: Magnemite
|-resisted|p1a: Magnemite
|-damage|p1a: Magnemite|9\/19
|-heal|p2a: Cacnea|8\/23|[from] drain|[of] p1a: Magnemite
|-enditem|p1a: Magnemite|Berry Juice
|-heal|p1a: Magnemite|19\/19|[from] item: Berry Juice
|move|p1a: Magnemite|Flash Cannon|p2a: Cacnea
|-damage|p2a: Cacnea|0 fnt
|faint|p2a: Cacnea
|
|choice||switch 2
|
|switch|p2a: Cyndaquil|Cyndaquil, L5, F|21\/21
|-damage|p2a: Cyndaquil|16\/21|[from] Stealth Rock
|turn|11
|choice|move recycle|move eruption
|
|move|p2a: Cyndaquil|Eruption|p1a: Magnemite
|-supereffective|p1a: Magnemite
|-ability|p1a: Magnemite|Sturdy
|-damage|p1a: Magnemite|1\/19
|move|p1a: Magnemite|Recycle|p1a: Magnemite
|-item|p1a: Magnemite|Berry Juice|[from] move: Recycle
|-enditem|p1a: Magnemite|Berry Juice
|-heal|p1a: Magnemite|19\/19|[from] item: Berry Juice
|
|turn|12
|choice|move recycle|move eruption
|
|move|p2a: Cyndaquil|Eruption|p1a: Magnemite
|-supereffective|p1a: Magnemite
|-crit|p1a: Magnemite
|-ability|p1a: Magnemite|Sturdy
|-damage|p1a: Magnemite|1\/19
|move|p1a: Magnemite|Recycle|p1a: Magnemite
|-item|p1a: Magnemite|Berry Juice|[from] move: Recycle
|-enditem|p1a: Magnemite|Berry Juice
|-heal|p1a: Magnemite|19\/19|[from] item: Berry Juice
|
|turn|13
|choice|move recycle|move eruption
|
|move|p2a: Cyndaquil|Eruption|p1a: Magnemite
|-supereffective|p1a: Magnemite
|-ability|p1a: Magnemite|Sturdy
|-damage|p1a: Magnemite|1\/19
|move|p1a: Magnemite|Recycle|p1a: Magnemite
|-item|p1a: Magnemite|Berry Juice|[from] move: Recycle
|-enditem|p1a: Magnemite|Berry Juice
|-heal|p1a: Magnemite|19\/19|[from] item: Berry Juice
|
|turn|14
|choice|move recycle|move eruption
|
|move|p2a: Cyndaquil|Eruption|p1a: Magnemite
|-supereffective|p1a: Magnemite
|-ability|p1a: Magnemite|Sturdy
|-damage|p1a: Magnemite|1\/19
|move|p1a: Magnemite|Recycle|p1a: Magnemite
|-item|p1a: Magnemite|Berry Juice|[from] move: Recycle
|-enditem|p1a: Magnemite|Berry Juice
|-heal|p1a: Magnemite|19\/19|[from] item: Berry Juice
|
|turn|15
|choice|move recycle|move eruption
|
|move|p2a: Cyndaquil|Eruption|p1a: Magnemite
|-supereffective|p1a: Magnemite
|-ability|p1a: Magnemite|Sturdy
|-damage|p1a: Magnemite|1\/19
|move|p1a: Magnemite|Recycle|p1a: Magnemite
|-item|p1a: Magnemite|Berry Juice|[from] move: Recycle
|-enditem|p1a: Magnemite|Berry Juice
|-heal|p1a: Magnemite|19\/19|[from] item: Berry Juice
|
|turn|16
|choice|move recycle|switch 3
|
|switch|p2a: Elekid|Elekid, L5, M|22\/22
|-damage|p2a: Elekid|20\/22|[from] Stealth Rock
|move|p1a: Magnemite|Recycle|p1a: Magnemite
|-item|p1a: Magnemite|Berry Juice|[from] move: Recycle
|
|turn|17
|choice|move flashcannon|move icepunch
|
|move|p2a: Elekid|Ice Punch|p1a: Magnemite
|-resisted|p1a: Magnemite
|-crit|p1a: Magnemite
|-damage|p1a: Magnemite|14\/19
|move|p1a: Magnemite|Flash Cannon|p2a: Elekid
|-resisted|p2a: Elekid
|-damage|p2a: Elekid|14\/22
|-unboost|p2a: Elekid|spd|1
|
|turn|18
|choice|move flashcannon|move thunderbolt
|
|move|p2a: Elekid|Thunderbolt|p1a: Magnemite
|-resisted|p1a: Magnemite
|-damage|p1a: Magnemite|9\/19
|-enditem|p1a: Magnemite|Berry Juice
|-heal|p1a: Magnemite|19\/19|[from] item: Berry Juice
|move|p1a: Magnemite|Flash Cannon|p2a: Elekid
|-resisted|p2a: Elekid
|-damage|p2a: Elekid|2\/22
|
|turn|19
|choice|move recycle|move icepunch
|
|move|p2a: Elekid|Ice Punch|p1a: Magnemite
|-resisted|p1a: Magnemite
|-damage|p1a: Magnemite|16\/19
|move|p1a: Magnemite|Recycle|p1a: Magnemite
|-item|p1a: Magnemite|Berry Juice|[from] move: Recycle
|
|turn|20
|choice|move flashcannon|switch 3
|
|switch|p2a: Cyndaquil|Cyndaquil, L5, F|16\/21
|-damage|p2a: Cyndaquil|11\/21|[from] Stealth Rock
|move|p1a: Magnemite|Flash Cannon|p2a: Cyndaquil
|-resisted|p2a: Cyndaquil
|-damage|p2a: Cyndaquil|3\/21
|
|turn|21
|choice|switch 2|move overheat
|
|switch|p1a: Emerald|Totodile, L5, M, shiny|21\/21
|move|p2a: Cyndaquil|Overheat|p1a: Emerald
|-resisted|p1a: Emerald
|-damage|p1a: Emerald|6\/21
|-unboost|p2a: Cyndaquil|spa|2
|
|turn|22
|choice|move waterfall|move overheat
|
|move|p1a: Emerald|Waterfall|p2a: Cyndaquil
|-supereffective|p2a: Cyndaquil
|-damage|p2a: Cyndaquil|0 fnt
|faint|p2a: Cyndaquil
|
|choice||switch 3
|
|switch|p2a: Elekid|Elekid, L5, M|2\/22
|-damage|p2a: Elekid|0 fnt|[from] Stealth Rock
|faint|p2a: Elekid
|
|win|Sando22
|player|p1
|player|p2
|c|★Sando22|gg
|l|ilke</script>
</div>
<div class="battle-log battle-log-inline"><div class="inner"><div class="battle-options"></div><div class="inner"><div class="chat"><small>Sando22 joined.</small></div><div class="chat"><small>ilke joined.</small></div><div class=""><small>Format:</small> <br><strong>LC</strong></div><div class="rated"><strong>Rated battle</strong></div><div class=""><small><em>Sleep Clause Mod:</em> Limit one foe put to sleep</small></div><div class=""><small><em>Species Clause:</em> Limit one of each Pokémon</small></div><div class=""><small><em>OHKO Clause:</em> OHKO moves are banned</small></div><div class=""><small><em>Moody Clause:</em> Moody is banned</small></div><div class=""><small><em>Evasion Moves Clause:</em> Evasion moves are banned</small></div><div class=""><small><em>Endless Battle Clause:</em> Forcing endless battles is banned</small></div><div class=""><small><em>HP Percentage Mod:</em> HP is shown in percentages</small></div><div class="chat battle-history"><strong>Sando22's team:</strong> <em style="color:#445566;display:block;">Totodile / Sandshrew / Gastly / Charmander / Snivy / Magnemite</em></div><div class="chat battle-history"><strong>ilke's team:</strong> <em style="color:#445566;display:block;">Froakie / Cyndaquil / Elekid / Cacnea / Larvitar</em></div><div class="spacer battle-history"><br></div><div class="battle-history">Battle started between Sando22 and ilke!<br></div><div class="spacer battle-history"><br></div><div class="battle-history">Go! Sando (<strong>Sandshrew</strong>)!<br></div><div class="spacer battle-history"><br></div><div class="battle-history">ilke sent out <strong>Larvitar</strong>!<br></div><div class="spacer battle-history"><br></div><h2 class="battle-history">Turn 1</h2><div class="spacer battle-history"><br></div><div class="battle-history">Sando used <strong>Stealth Rock</strong>!<br></div><div class="battle-history"><small>Pointed stones float in the air around the opposing team!</small><br></div><div class="spacer battle-history"><br></div><div class="battle-history">The opposing Larvitar used <strong>Outrage</strong>!<br></div><div class="battle-history"><small>(Sando lost <abbr title="−9/21">42.9%</abbr> of its health!)</small><br></div><div class="battle-history"><small>The opposing Larvitar lost some of its HP!</small><br></div><div class="spacer battle-history"><br></div><h2 class="battle-history">Turn 2</h2><div class="spacer battle-history"><br></div><div class="battle-history">Sando used <strong>Earthquake</strong>!<br></div><div class="battle-history"><small>It's super effective!</small><br></div><div class="battle-history"><small>A critical hit!</small><br></div><div class="battle-history"><small>(The opposing Larvitar lost <abbr title="−21/23">91.3%</abbr> of its health!)</small><br></div><div class="spacer battle-history"><br></div><div class="battle-history">The opposing Larvitar fainted!<br></div><div class="spacer battle-history"><br></div><div class="battle-history">ilke sent out <strong>Cacnea</strong>!<br></div><div class="battle-history"><small>Pointed stones dug into the opposing Cacnea!</small><br></div><div class="spacer battle-history"><br></div><h2 class="battle-history">Turn 3</h2><div class="spacer battle-history"><br></div><div class="battle-history">Sando, come back!<br></div><div class="battle-history">Go! <strong>Charmander</strong>!<br></div><div class="spacer battle-history"><br></div><div class="battle-history">The opposing Cacnea used <strong>Energy Ball</strong>!<br></div><div class="battle-history"><small>It's not very effective...</small><br></div><div class="battle-history"><small>(Charmander lost <abbr title="−7/20">35%</abbr> of its health!)</small><br></div><div class="spacer battle-history"><br></div><h2 class="battle-history">Turn 4</h2><div class="spacer battle-history"><br></div><div class="battle-history">ilke withdrew Cacnea!<br></div><div class="battle-history">ilke sent out <strong>Froakie</strong>!<br></div><div class="battle-history"><small>Pointed stones dug into the opposing Froakie!</small><br></div><div class="spacer battle-history"><br></div><div class="battle-history">Charmander used <strong>Overheat</strong>!<br></div><div class="battle-history"><small>It's not very effective...</small><br></div><div class="battle-history"><small>(The opposing Froakie lost <abbr title="−12/22">54.5%</abbr> of its health!)</small><br></div><div class="battle-history"><small>Charmander's Special Attack fell harshly!</small><br></div><div class="battle-history"><small>Charmander lost some of its HP!</small><br></div><div class="spacer battle-history"><br></div><h2 class="battle-history">Turn 5</h2><div class="spacer battle-history"><br></div><div class="battle-history">Charmander, come back!<br></div><div class="battle-history">Go! <strong>Snivy</strong>!<br></div><div class="spacer battle-history"><br></div><div class="battle-history">The opposing Froakie used <strong>Hydro Pump</strong>!<br></div><div class="battle-history"><small>It's not very effective...</small><br></div><div class="battle-history"><small>(Snivy lost <abbr title="−4/21">19.0%</abbr> of its health!)</small><br></div><div class="spacer battle-history"><br></div><h2 class="battle-history">Turn 6</h2><div class="spacer battle-history"><br></div><div class="battle-history">Snivy used <strong>Glare</strong>!<br></div><div class="battle-history"><small>The opposing Froakie is paralyzed! It may be unable to move!</small><br></div><div class="spacer battle-history"><br></div><div class="battle-history">The opposing Froakie used <strong>Blizzard</strong>!<br></div><div class="battle-history"><small>It's super effective!</small><br></div><div class="battle-history"><small>(Snivy lost <abbr title="−14/21">66.7%</abbr> of its health!)</small><br></div><div class="battle-history"><small>Snivy was frozen solid!</small><br></div><div class="spacer battle-history"><br></div><h2 class="battle-history">Turn 7</h2><div class="spacer battle-history"><br></div><div class="battle-history">Snivy is frozen solid!<br></div><div class="spacer battle-history"><br></div><div class="battle-history">The opposing Froakie used <strong>Blizzard</strong>!<br></div><div class="battle-history"><small>It's super effective!</small><br></div><div class="battle-history"><small>(Snivy lost <abbr title="−3/21">14.3%</abbr> of its health!)</small><br></div><div class="spacer battle-history"><br></div><div class="battle-history">Snivy fainted!<br></div><div class="spacer battle-history"><br></div><div class="battle-history">Go! <strong>Magnemite</strong>!<br></div><div class="spacer battle-history"><br></div><h2 class="battle-history">Turn 8</h2><div class="spacer battle-history"><br></div><div class="battle-history">Magnemite used <strong>Thunderbolt</strong>!<br></div><div class="battle-history"><small>It's super effective!</small><br></div><div class="battle-history"><small>(The opposing Froakie lost <abbr title="−8/22">36.4%</abbr> of its health!)</small><br></div><div class="spacer battle-history"><br></div><div class="battle-history">The opposing Froakie fainted!<br></div><div class="spacer battle-history"><br></div><div class="battle-history">ilke sent out <strong>Cacnea</strong>!<br></div><div class="battle-history"><small>Pointed stones dug into the opposing Cacnea!</small><br></div><div class="spacer battle-history"><br></div><h2 class="battle-history">Turn 9</h2><div class="spacer battle-history"><br></div><div class="battle-history">Magnemite used <strong>Flash Cannon</strong>!<br></div><div class="battle-history"><small>(The opposing Cacnea lost <abbr title="−16/23">69.6%</abbr> of its health!)</small><br></div><div class="spacer battle-history"><br></div><div class="battle-history">The opposing Cacnea used <strong>Giga Drain</strong>!<br></div><div class="battle-history"><small>It's not very effective...</small><br></div><div class="battle-history"><small>(Magnemite lost <abbr title="−6/19">31.6%</abbr> of its health!)</small><br></div><div class="battle-history"><small>Magnemite had its energy drained!</small><br></div><div class="spacer battle-history"><br></div><h2 class="battle-history">Turn 10</h2><div class="spacer battle-history"><br></div><div class="battle-history">The opposing Cacnea used <strong>Giga Drain</strong>!<br></div><div class="battle-history"><small>It's not very effective...</small><br></div><div class="battle-history"><small>(Magnemite lost <abbr title="−4/19">21.1%</abbr> of its health!)</small><br></div><div class="battle-history"><small>Magnemite had its energy drained!</small><br></div><div class="battle-history"><small>(Magnemite used its Berry Juice!)</small><br></div><div class="battle-history"><small>Magnemite restored HP using its Berry Juice!</small><br></div><div class="spacer battle-history"><br></div><div class="battle-history">Magnemite used <strong>Flash Cannon</strong>!<br></div><div class="battle-history"><small>(The opposing Cacnea lost <abbr title="−8/23">34.8%</abbr> of its health!)</small><br></div><div class="spacer battle-history"><br></div><div class="battle-history">The opposing Cacnea fainted!<br></div><div class="spacer battle-history"><br></div><div class="battle-history">ilke sent out <strong>Cyndaquil</strong>!<br></div><div class="battle-history"><small>Pointed stones dug into the opposing Cyndaquil!</small><br></div><div class="spacer battle-history"><br></div><h2 class="battle-history">Turn 11</h2><div class="spacer battle-history"><br></div><div class="battle-history">The opposing Cyndaquil used <strong>Eruption</strong>!<br></div><div class="battle-history"><small>It's super effective!</small><br></div><div class="battle-history"><small>[Magnemite's Sturdy]</small><br><small>Magnemite endured the hit!</small><br></div><div class="battle-history"><small>(Magnemite lost <abbr title="−18/19">94.7%</abbr> of its health!)</small><br></div><div class="spacer battle-history"><br></div><div class="battle-history">Magnemite used <strong>Recycle</strong>!<br></div><div class="battle-history"><small>Magnemite found one Berry Juice!</small><br></div><div class="battle-history"><small>(Magnemite used its Berry Juice!)</small><br></div><div class="battle-history"><small>Magnemite restored HP using its Berry Juice!</small><br></div><div class="spacer battle-history"><br></div><h2 class="battle-history">Turn 12</h2><div class="spacer battle-history"><br></div><div class="battle-history">The opposing Cyndaquil used <strong>Eruption</strong>!<br></div><div class="battle-history"><small>It's super effective!</small><br></div><div class="battle-history"><small>A critical hit!</small><br></div><div class="battle-history"><small>[Magnemite's Sturdy]</small><br><small>Magnemite endured the hit!</small><br></div><div class="battle-history"><small>(Magnemite lost <abbr title="−18/19">94.7%</abbr> of its health!)</small><br></div><div class="spacer battle-history"><br></div><div class="battle-history">Magnemite used <strong>Recycle</strong>!<br></div><div class="battle-history"><small>Magnemite found one Berry Juice!</small><br></div><div class="battle-history"><small>(Magnemite used its Berry Juice!)</small><br></div><div class="battle-history"><small>Magnemite restored HP using its Berry Juice!</small><br></div><div class="spacer battle-history"><br></div><h2 class="battle-history">Turn 13</h2><div class="spacer battle-history"><br></div><div class="battle-history">The opposing Cyndaquil used <strong>Eruption</strong>!<br></div><div class="battle-history"><small>It's super effective!</small><br></div><div class="battle-history"><small>[Magnemite's Sturdy]</small><br><small>Magnemite endured the hit!</small><br></div><div class="battle-history"><small>(Magnemite lost <abbr title="−18/19">94.7%</abbr> of its health!)</small><br></div><div class="spacer battle-history"><br></div><div class="battle-history">Magnemite used <strong>Recycle</strong>!<br></div><div class="battle-history"><small>Magnemite found one Berry Juice!</small><br></div><div class="battle-history"><small>(Magnemite used its Berry Juice!)</small><br></div><div class="battle-history"><small>Magnemite restored HP using its Berry Juice!</small><br></div><div class="spacer battle-history"><br></div><h2 class="battle-history">Turn 14</h2><div class="spacer battle-history"><br></div><div class="battle-history">The opposing Cyndaquil used <strong>Eruption</strong>!<br></div><div class="battle-history"><small>It's super effective!</small><br></div><div class="battle-history"><small>[Magnemite's Sturdy]</small><br><small>Magnemite endured the hit!</small><br></div><div class="battle-history"><small>(Magnemite lost <abbr title="−18/19">94.7%</abbr> of its health!)</small><br></div><div class="spacer battle-history"><br></div><div class="battle-history">Magnemite used <strong>Recycle</strong>!<br></div><div class="battle-history"><small>Magnemite found one Berry Juice!</small><br></div><div class="battle-history"><small>(Magnemite used its Berry Juice!)</small><br></div><div class="battle-history"><small>Magnemite restored HP using its Berry Juice!</small><br></div><div class="spacer battle-history"><br></div><h2 class="battle-history">Turn 15</h2><div class="spacer battle-history"><br></div><div class="battle-history">The opposing Cyndaquil used <strong>Eruption</strong>!<br></div><div class="battle-history"><small>It's super effective!</small><br></div><div class="battle-history"><small>[Magnemite's Sturdy]</small><br><small>Magnemite endured the hit!</small><br></div><div class="battle-history"><small>(Magnemite lost <abbr title="−18/19">94.7%</abbr> of its health!)</small><br></div><div class="spacer battle-history"><br></div><div class="battle-history">Magnemite used <strong>Recycle</strong>!<br></div><div class="battle-history"><small>Magnemite found one Berry Juice!</small><br></div><div class="battle-history"><small>(Magnemite used its Berry Juice!)</small><br></div><div class="battle-history"><small>Magnemite restored HP using its Berry Juice!</small><br></div><div class="spacer battle-history"><br></div><h2 class="battle-history">Turn 16</h2><div class="spacer battle-history"><br></div><div class="battle-history">ilke withdrew Cyndaquil!<br></div><div class="battle-history">ilke sent out <strong>Elekid</strong>!<br></div><div class="battle-history"><small>Pointed stones dug into the opposing Elekid!</small><br></div><div class="spacer battle-history"><br></div><div class="battle-history">Magnemite used <strong>Recycle</strong>!<br></div><div class="battle-history"><small>Magnemite found one Berry Juice!</small><br></div><div class="spacer battle-history"><br></div><h2 class="battle-history">Turn 17</h2><div class="spacer battle-history"><br></div><div class="battle-history">The opposing Elekid used <strong>Ice Punch</strong>!<br></div><div class="battle-history"><small>It's not very effective...</small><br></div><div class="battle-history"><small>A critical hit!</small><br></div><div class="battle-history"><small>(Magnemite lost <abbr title="−5/19">26.3%</abbr> of its health!)</small><br></div><div class="spacer battle-history"><br></div><div class="battle-history">Magnemite used <strong>Flash Cannon</strong>!<br></div><div class="battle-history"><small>It's not very effective...</small><br></div><div class="battle-history"><small>(The opposing Elekid lost <abbr title="−6/22">27.3%</abbr> of its health!)</small><br></div><div class="battle-history"><small>The opposing Elekid's Special Defense fell!</small><br></div><div class="spacer battle-history"><br></div><h2 class="battle-history">Turn 18</h2><div class="spacer battle-history"><br></div><div class="battle-history">The opposing Elekid used <strong>Thunderbolt</strong>!<br></div><div class="battle-history"><small>It's not very effective...</small><br></div><div class="battle-history"><small>(Magnemite lost <abbr title="−5/19">26.3%</abbr> of its health!)</small><br></div><div class="battle-history"><small>(Magnemite used its Berry Juice!)</small><br></div><div class="battle-history"><small>Magnemite restored HP using its Berry Juice!</small><br></div><div class="spacer battle-history"><br></div><div class="battle-history">Magnemite used <strong>Flash Cannon</strong>!<br></div><div class="battle-history"><small>It's not very effective...</small><br></div><div class="battle-history"><small>(The opposing Elekid lost <abbr title="−12/22">54.5%</abbr> of its health!)</small><br></div><div class="spacer battle-history"><br></div><h2 class="battle-history">Turn 19</h2><div class="spacer battle-history"><br></div><div class="battle-history">The opposing Elekid used <strong>Ice Punch</strong>!<br></div><div class="battle-history"><small>It's not very effective...</small><br></div><div class="battle-history"><small>(Magnemite lost <abbr title="−3/19">15.8%</abbr> of its health!)</small><br></div><div class="spacer battle-history"><br></div><div class="battle-history">Magnemite used <strong>Recycle</strong>!<br></div><div class="battle-history"><small>Magnemite found one Berry Juice!</small><br></div><div class="spacer battle-history"><br></div><h2 class="battle-history">Turn 20</h2><div class="spacer battle-history"><br></div><div class="battle-history">ilke withdrew Elekid!<br></div><div class="battle-history">ilke sent out <strong>Cyndaquil</strong>!<br></div><div class="battle-history"><small>Pointed stones dug into the opposing Cyndaquil!</small><br></div><div class="spacer battle-history"><br></div><div class="battle-history">Magnemite used <strong>Flash Cannon</strong>!<br></div><div class="battle-history"><small>It's not very effective...</small><br></div><div class="battle-history"><small>(The opposing Cyndaquil lost <abbr title="−8/21">38.1%</abbr> of its health!)</small><br></div><div class="spacer battle-history"><br></div><h2 class="battle-history">Turn 21</h2><div class="spacer battle-history"><br></div><div class="battle-history">Magnemite, come back!<br></div><div class="battle-history">Go! Emerald (<strong>Totodile</strong>)!<br></div><div class="spacer battle-history"><br></div><div class="battle-history">The opposing Cyndaquil used <strong>Overheat</strong>!<br></div><div class="battle-history"><small>It's not very effective...</small><br></div><div class="battle-history"><small>(Emerald lost <abbr title="−15/21">71.4%</abbr> of its health!)</small><br></div><div class="battle-history"><small>The opposing Cyndaquil's Special Attack fell harshly!</small><br></div><div class="spacer battle-history"><br></div><h2 class="battle-history">Turn 22</h2><div class="spacer battle-history"><br></div><div class="battle-history">Emerald used <strong>Waterfall</strong>!<br></div><div class="battle-history"><small>It's super effective!</small><br></div><div class="battle-history"><small>(The opposing Cyndaquil lost <abbr title="−3/21">14.3%</abbr> of its health!)</small><br></div><div class="spacer battle-history"><br></div><div class="battle-history">The opposing Cyndaquil fainted!<br></div><div class="spacer battle-history"><br></div><div class="battle-history">ilke sent out <strong>Elekid</strong>!<br></div><div class="battle-history"><small>Pointed stones dug into the opposing Elekid!</small><br></div><div class="spacer battle-history"><br></div><div class="battle-history">The opposing Elekid fainted!<br></div><div class="spacer battle-history"><br></div><div class="battle-history"><strong>Sando22</strong> won the battle!<br></div><div class="chat chatmessage-sando22"><strong style="color:hsl(303,53%,46%)"><small>★</small><span class="username" data-name="Sando22">Sando22</span>:</strong> <em>gg</em></div><div class="chat"><small>ilke left.</small></div></div><div class="inner-preempt"></div></div></div>
</div>
<script>
let daily = Math.floor(Date.now()/1000/60/60/24);document.write('<script src="https://play.pokemonshowdown.com/js/replay-embed.js?version'+daily+'"></'+'script>');
</script>
