<!DOCTYPE html>
<meta charset="utf-8" />
<!-- version 1 -->
<title>LC replay: NIKE94 vs. Puckis03</title>
<style>
html,body {font-family:Verdana, sans-serif;font-size:10pt;margin:0;padding:0;}body{padding:12px 0;} .battle-log {font-family:Verdana, sans-serif;font-size:10pt;} .battle-log-inline {border:1px solid #AAAAAA;background:#EEF2F5;color:black;max-width:640px;margin:0 auto 80px;padding-bottom:5px;} .battle-log .inner {padding:4px 8px 0px 8px;} .battle-log .inner-preempt {padding:0 8px 4px 8px;} .battle-log .inner-after {margin-top:0.5em;} .battle-log h2 {margin:0.5em -8px;padding:4px 8px;border:1px solid #AAAAAA;background:#E0E7EA;border-left:0;border-right:0;font-family:Verdana, sans-serif;font-size:13pt;} .battle-log .chat {vertical-align:middle;padding:3px 0 3px 0;font-size:8pt;} .battle-log .chat strong {color:#40576A;} .battle-log .chat em {padding:1px 4px 1px 3px;color:#000000;font-style:normal;} .chat.mine {background:rgba(0,0,0,0.05);margin-left:-8px;margin-right:-8px;padding-left:8px;padding-right:8px;} .spoiler {color:#BBBBBB;background:#BBBBBB;padding:0px 3px;} .spoiler:hover, .spoiler:active, .spoiler-shown {color:#000000;background:#E2E2E2;padding:0px 3px;} .spoiler a {color:#BBBBBB;} .spoiler:hover a, .spoiler:active a, .spoiler-shown a {color:#2288CC;} .chat code, .chat .spoiler:hover code, .chat .spoiler:active code, .chat .spoiler-shown code {border:1px solid #C0C0C0;background:#EEEEEE;color:black;padding:0 2px;} .chat .spoiler code {border:1px solid #CCCCCC;background:#CCCCCC;color:#CCCCCC;} .battle-log .rated {padding:3px 4px;} .battle-log .rated strong {color:white;background:#89A;padding:1px 4px;border-radius:4px;} .spacer {margin-top:0.5em;} .message-announce {background:#6688AA;color:white;padding:1px 4px 2px;} .message-announce a, .broadcast-green a, .broadcast-blue a, .broadcast-red a {color:#DDEEFF;} .broadcast-green {background-color:#559955;color:white;padding:2px 4px;} .broadcast-blue {background-color:#6688AA;color:white;padding:2px 4px;} .infobox {border:1px solid #6688AA;padding:2px 4px;} .infobox-limited {max-height:200px;overflow:auto;overflow-x:hidden;} .broadcast-red {background-color:#AA5544;color:white;padding:2px 4px;} .message-learn-canlearn {font-weight:bold;color:#228822;text-decoration:underline;} .message-learn-cannotlearn {font-weight:bold;color:#CC2222;text-decoration:underline;} .message-effect-weak {font-weight:bold;color:#CC2222;} .message-effect-resist {font-weight:bold;color:#6688AA;} .message-effect-immune {font-weight:bold;color:#666666;} .message-learn-list {margin-top:0;margin-bottom:0;} .message-throttle-notice, .message-error {color:#992222;} .message-overflow, .chat small.message-overflow {font-size:0pt;} .message-overflow::before {font-size:9pt;content:'...';} .subtle {color:#3A4A66;}
</style>
<div class="wrapper replay-wrapper" style="max-width:1180px;margin:0 auto">
<input type="hidden" name="replayid" value="lc-486337742" />
<div class="battle"></div><div class="battle-log"></div><div class="replay-controls"></div><div class="replay-controls-2"></div>
<h1 style="font-weight:normal;text-align:center"><strong>LC</strong><br /><a href="http://pokemonshowdown.com/users/nike94" class="subtle" target="_blank">NIKE94</a> vs. <a href="http://pokemonshowdown.com/users/puckis03" class="subtle" target="_blank">Puckis03</a></h1>
<script type="text/plain" class="battle-log-data">|j|NIKE94
|j|Puckis03
|player|p1|NIKE94|80
|player|p2|Puckis03|264
|gametype|singles
|gen|6
|tier|LC
|rated
|seed|32506,6050,33385,2323
|clearpoke
|poke|p1|Carvanha, L5, M|item
|poke|p1|Abra, L5, M|item
|poke|p1|Staryu, L5|item
|poke|p1|Shellder, L5, M|item
|poke|p1|Cottonee, L5, M|item
|poke|p1|Ponyta, L5, F|item
|poke|p2|Clamperl, L5, M, shiny|item
|poke|p2|Onix, L5, M|item
|poke|p2|Diglett, L5, M|item
|poke|p2|Geodude, L5, F|item
|poke|p2|Pumpkaboo-*, L5, F|item
|poke|p2|Timburr, L5, M, shiny|item
|rule|Sleep Clause Mod: Limit one foe put to sleep
|rule|Species Clause: Limit one of each Pokémon
|rule|OHKO Clause: OHKO moves are banned
|rule|Moody Clause: Moody is banned
|rule|Evasion Moves Clause: Evasion moves are banned
|rule|Endless Battle Clause: Forcing endless battles is banned
|rule|HP Percentage Mod: HP is shown in percentages
|teampreview
|choice|team 5, team 2, team 3, team 4, team 1, team 6|team 1, team 2, team 3, team 4, team 5, team 6
|
|start
|switch|p1a: Cottonee|Cottonee, L5, M|22\/22
|switch|p2a: Clamperl|Clamperl, L5, M, shiny|20\/20
|turn|1
|choice|move toxic|move icebeam
|
|move|p1a: Cottonee|Toxic|p2a: Clamperl
|-status|p2a: Clamperl|tox
|move|p2a: Clamperl|Ice Beam|p1a: Cottonee
|-supereffective|p1a: Cottonee
|-damage|p1a: Cottonee|0 fnt
|faint|p1a: Cottonee
|
|-damage|p2a: Clamperl|19\/20 tox|[from] psn
|choice|switch 4|
|
|switch|p1a: Shellder|Shellder, L5, M|21\/21
|turn|2
|choice|move shellsmash|move scald
|
|move|p1a: Shellder|Shell Smash|p1a: Shellder
|-unboost|p1a: Shellder|def|1
|-unboost|p1a: Shellder|spd|1
|-boost|p1a: Shellder|atk|2
|-boost|p1a: Shellder|spa|2
|-boost|p1a: Shellder|spe|2
|move|p2a: Clamperl|Scald|p1a: Shellder
|-resisted|p1a: Shellder
|-damage|p1a: Shellder|0 fnt
|faint|p1a: Shellder
|
|-damage|p2a: Clamperl|17\/20 tox|[from] psn
|choice|switch 3|
|
|switch|p1a: Staryu|Staryu, L5|20\/20
|turn|3
|choice|move thunderbolt|move scald
|
|move|p1a: Staryu|Thunderbolt|p2a: Clamperl
|-supereffective|p2a: Clamperl
|-damage|p2a: Clamperl|1\/20 tox
|move|p2a: Clamperl|Scald|p1a: Staryu
|-resisted|p1a: Staryu
|-damage|p1a: Staryu|8\/20
|
|-damage|p2a: Clamperl|0 fnt|[from] psn
|faint|p2a: Clamperl
|choice||switch 5
|
|switch|p2a: Pumpkaboo|Pumpkaboo-Super, L5, F|22\/22
|-item|p1a: Staryu|Focus Sash|[from] ability: Frisk|[of] p2a: Pumpkaboo|[identify]
|turn|4
|choice|move icebeam|move gigadrain
|
|move|p1a: Staryu|Ice Beam|p2a: Pumpkaboo
|-supereffective|p2a: Pumpkaboo
|-damage|p2a: Pumpkaboo|10\/22
|move|p2a: Pumpkaboo|Giga Drain|p1a: Staryu
|-supereffective|p1a: Staryu
|-damage|p1a: Staryu|0 fnt
|-heal|p2a: Pumpkaboo|14\/22|[from] drain|[of] p1a: Staryu
|faint|p1a: Staryu
|
|choice|switch 6|
|
|switch|p1a: Ponyta|Ponyta, L5, F|22\/22
|turn|5
|choice|move willowisp|move shadowball
|
|move|p1a: Ponyta|Will-O-Wisp|p2a: Pumpkaboo
|-status|p2a: Pumpkaboo|brn
|move|p2a: Pumpkaboo|Shadow Ball|p1a: Ponyta
|-crit|p1a: Ponyta
|-damage|p1a: Ponyta|6\/22
|
|-damage|p2a: Pumpkaboo|12\/22 brn|[from] brn
|turn|6
|choice|move flareblitz|switch 2
|
|switch|p2a: Onix|Onix, L5, M|20\/20
|move|p1a: Ponyta|Flare Blitz|p2a: Onix
|-resisted|p2a: Onix
|-damage|p2a: Onix|16\/20
|-damage|p1a: Ponyta|5\/22|[from] recoil|[of] p2a: Onix
|
|turn|7
|choice|move willowisp|move dragontail
|
|move|p1a: Ponyta|Will-O-Wisp|p2a: Onix
|-status|p2a: Onix|brn
|move|p2a: Onix|Dragon Tail|p1a: Ponyta
|-damage|p1a: Ponyta|2\/22
|drag|p1a: Carvanha|Carvanha, L5, M|22\/22
|
|-damage|p2a: Onix|14\/20 brn|[from] brn
|turn|8
|choice|move waterfall|move doubleedge
|
|move|p1a: Carvanha|Waterfall|p2a: Onix
|-supereffective|p2a: Onix
|-damage|p2a: Onix|0 fnt
|faint|p2a: Onix
|
|-ability|p1a: Carvanha|Speed Boost|boost
|-boost|p1a: Carvanha|spe|1
|choice||switch 2
|
|switch|p2a: Pumpkaboo|Pumpkaboo-Super, L5, F|12\/22 brn
|-item|p1a: Carvanha|Focus Sash|[from] ability: Frisk|[of] p2a: Pumpkaboo|[identify]
|turn|9
|choice|move crunch|move gigadrain
|
|move|p1a: Carvanha|Crunch|p2a: Pumpkaboo
|-supereffective|p2a: Pumpkaboo
|-damage|p2a: Pumpkaboo|0 fnt
|faint|p2a: Pumpkaboo
|
|-ability|p1a: Carvanha|Speed Boost|boost
|-boost|p1a: Carvanha|spe|1
|choice||switch 6
|
|switch|p2a: Timburr|Timburr, L5, M, shiny|25\/25
|turn|10
|choice|switch 5|move drainpunch
|
|switch|p1a: Ponyta|Ponyta, L5, F|2\/22
|move|p2a: Timburr|Drain Punch|p1a: Ponyta
|-damage|p1a: Ponyta|0 fnt
|faint|p1a: Ponyta
|
|choice|switch 2|
|
|switch|p1a: Abra|Abra, L5, M|19\/19
|turn|11
|choice|move calmmind|move drainpunch
|
|move|p1a: Abra|Calm Mind|p1a: Abra
|-boost|p1a: Abra|spa|1
|-boost|p1a: Abra|spd|1
|move|p2a: Timburr|Drain Punch|p1a: Abra
|-resisted|p1a: Abra
|-damage|p1a: Abra|4\/19
|
|turn|12
|choice|move psyshock|move drainpunch
|
|move|p1a: Abra|Psyshock|p2a: Timburr
|-supereffective|p2a: Timburr
|-damage|p2a: Timburr|0 fnt
|faint|p2a: Timburr
|
|choice||switch 4
|
|switch|p2a: Geodude|Geodude, L5, F|20\/20
|turn|13
|choice|move energyball|move suckerpunch
|
|move|p2a: Geodude|Sucker Punch|p1a: Abra
|-supereffective|p1a: Abra
|-damage|p1a: Abra|0 fnt
|faint|p1a: Abra
|
|choice|switch 5|
|
|switch|p1a: Carvanha|Carvanha, L5, M|22\/22
|turn|14
|choice|move waterfall|move superpower
|
|move|p1a: Carvanha|Waterfall|p2a: Geodude
|-supereffective|p2a: Geodude
|-damage|p2a: Geodude|0 fnt
|faint|p2a: Geodude
|
|-ability|p1a: Carvanha|Speed Boost|boost
|-boost|p1a: Carvanha|spe|1
|choice||switch 3
|
|switch|p2a: Diglett|Diglett, L5, M|17\/17
|turn|15
|choice|move waterfall|move bodyslam
|
|move|p1a: Carvanha|Waterfall|p2a: Diglett
|-supereffective|p2a: Diglett
|-enditem|p2a: Diglett|Focus Sash
|-damage|p2a: Diglett|1\/17
|move|p2a: Diglett|Body Slam|p1a: Carvanha
|-damage|p1a: Carvanha|8\/22
|
|-ability|p1a: Carvanha|Speed Boost|boost
|-boost|p1a: Carvanha|spe|1
|turn|16
|choice|move waterfall|move earthquake
|
|move|p1a: Carvanha|Waterfall|p2a: Diglett
|-supereffective|p2a: Diglett
|-damage|p2a: Diglett|0 fnt
|faint|p2a: Diglett
|
|win|NIKE94
|player|p1
|player|p2
|raw|NIKE94's rating: 1216 &rarr; <strong>1227<\/strong><br \/>(+11 for winning)
|raw|Puckis03's rating: 1000 &rarr; <strong>1000<\/strong><br \/>(+0 for losing)
|l|Puckis03</script>
</div>
<div class="battle-log battle-log-inline"><div class="inner"><div class="battle-options"></div><div class="inner"><div class="chat"><small>NIKE94 joined.</small></div><div class="chat"><small>Puckis03 joined.</small></div><div class=""><small>Format:</small> <br><strong>LC</strong></div><div class="rated"><strong>Rated battle</strong></div><div class=""><small><em>Sleep Clause Mod:</em> Limit one foe put to sleep</small></div><div class=""><small><em>Species Clause:</em> Limit one of each Pokémon</small></div><div class=""><small><em>OHKO Clause:</em> OHKO moves are banned</small></div><div class=""><small><em>Moody Clause:</em> Moody is banned</small></div><div class=""><small><em>Evasion Moves Clause:</em> Evasion moves are banned</small></div><div class=""><small><em>Endless Battle Clause:</em> Forcing endless battles is banned</small></div><div class=""><small><em>HP Percentage Mod:</em> HP is shown in percentages</small></div><div class="chat battle-history"><strong>NIKE94's team:</strong> <em style="color:#445566;display:block;">Carvanha / Abra / Staryu / Shellder / Cottonee / Ponyta</em></div><div class="chat battle-history"><strong>Puckis03's team:</strong> <em style="color:#445566;display:block;">Clamperl / Onix / Diglett / Geodude / Pumpkaboo-* / Timburr</em></div><div class="spacer battle-history"><br></div><div class="battle-history">Battle started between NIKE94 and Puckis03!<br></div><div class="spacer battle-history"><br></div><div class="battle-history">Go! <strong>Cottonee</strong>!<br></div><div class="spacer battle-history"><br></div><div class="battle-history">Puckis03 sent out <strong>Clamperl</strong>!<br></div><div class="spacer battle-history"><br></div><h2 class="battle-history">Turn 1</h2><div class="spacer battle-history"><br></div><div class="battle-history">Cottonee used <strong>Toxic</strong>!<br></div><div class="battle-history"><small>The opposing Clamperl was badly poisoned!</small><br></div><div class="spacer battle-history"><br></div><div class="battle-history">The opposing Clamperl used <strong>Ice Beam</strong>!<br></div><div class="battle-history"><small>It's super effective!</small><br></div><div class="battle-history"><small>(Cottonee lost <abbr title="−22/22">100%</abbr> of its health!)</small><br></div><div class="spacer battle-history"><br></div><div class="battle-history">Cottonee fainted!<br></div><div class="spacer battle-history"><br></div><div class="battle-history"><small>The opposing Clamperl was hurt by poison!</small><br></div><div class="spacer battle-history"><br></div><div class="battle-history">Go! <strong>Shellder</strong>!<br></div><div class="spacer battle-history"><br></div><h2 class="battle-history">Turn 2</h2><div class="spacer battle-history"><br></div><div class="battle-history">Shellder used <strong>Shell Smash</strong>!<br></div><div class="battle-history"><small>Shellder's Defense fell!</small><br></div><div class="battle-history"><small>Shellder's Special Defense fell!</small><br></div><div class="battle-history"><small>Shellder's Attack rose sharply!</small><br></div><div class="battle-history"><small>Shellder's Special Attack rose sharply!</small><br></div><div class="battle-history"><small>Shellder's Speed rose sharply!</small><br></div><div class="spacer battle-history"><br></div><div class="battle-history">The opposing Clamperl used <strong>Scald</strong>!<br></div><div class="battle-history"><small>It's not very effective...</small><br></div><div class="battle-history"><small>(Shellder lost <abbr title="−21/21">100%</abbr> of its health!)</small><br></div><div class="spacer battle-history"><br></div><div class="battle-history">Shellder fainted!<br></div><div class="spacer battle-history"><br></div><div class="battle-history"><small>The opposing Clamperl was hurt by poison!</small><br></div><div class="spacer battle-history"><br></div><div class="battle-history">Go! <strong>Staryu</strong>!<br></div><div class="spacer battle-history"><br></div><h2 class="battle-history">Turn 3</h2><div class="spacer battle-history"><br></div><div class="battle-history">Staryu used <strong>Thunderbolt</strong>!<br></div><div class="battle-history"><small>It's super effective!</small><br></div><div class="battle-history"><small>(The opposing Clamperl lost <abbr title="−16/20">80%</abbr> of its health!)</small><br></div><div class="spacer battle-history"><br></div><div class="battle-history">The opposing Clamperl used <strong>Scald</strong>!<br></div><div class="battle-history"><small>It's not very effective...</small><br></div><div class="battle-history"><small>(Staryu lost <abbr title="−12/20">60%</abbr> of its health!)</small><br></div><div class="spacer battle-history"><br></div><div class="battle-history"><small>The opposing Clamperl was hurt by poison!</small><br></div><div class="spacer battle-history"><br></div><div class="battle-history">The opposing Clamperl fainted!<br></div><div class="spacer battle-history"><br></div><div class="battle-history">Puckis03 sent out Pumpkaboo (<strong>Pumpkaboo-Super</strong>)!<br></div><div class="battle-history"><small>[The opposing Pumpkaboo's Frisk]</small><br><small>The opposing Pumpkaboo frisked Staryu and found its Focus Sash!</small><br></div><div class="spacer battle-history"><br></div><h2 class="battle-history">Turn 4</h2><div class="spacer battle-history"><br></div><div class="battle-history">Staryu used <strong>Ice Beam</strong>!<br></div><div class="battle-history"><small>It's super effective!</small><br></div><div class="battle-history"><small>(The opposing Pumpkaboo lost <abbr title="−12/22">54.5%</abbr> of its health!)</small><br></div><div class="spacer battle-history"><br></div><div class="battle-history">The opposing Pumpkaboo used <strong>Giga Drain</strong>!<br></div><div class="battle-history"><small>It's super effective!</small><br></div><div class="battle-history"><small>(Staryu lost <abbr title="−8/20">40%</abbr> of its health!)</small><br></div><div class="battle-history"><small>Staryu had its energy drained!</small><br></div><div class="spacer battle-history"><br></div><div class="battle-history">Staryu fainted!<br></div><div class="spacer battle-history"><br></div><div class="battle-history">Go! <strong>Ponyta</strong>!<br></div><div class="spacer battle-history"><br></div><h2 class="battle-history">Turn 5</h2><div class="spacer battle-history"><br></div><div class="battle-history">Ponyta used <strong>Will-O-Wisp</strong>!<br></div><div class="battle-history"><small>The opposing Pumpkaboo was burned!</small><br></div><div class="spacer battle-history"><br></div><div class="battle-history">The opposing Pumpkaboo used <strong>Shadow Ball</strong>!<br></div><div class="battle-history"><small>A critical hit!</small><br></div><div class="battle-history"><small>(Ponyta lost <abbr title="−16/22">72.7%</abbr> of its health!)</small><br></div><div class="spacer battle-history"><br></div><div class="battle-history"><small>The opposing Pumpkaboo was hurt by its burn!</small><br></div><div class="spacer battle-history"><br></div><h2 class="battle-history">Turn 6</h2><div class="spacer battle-history"><br></div><div class="battle-history">Puckis03 withdrew Pumpkaboo!<br></div><div class="battle-history">Puckis03 sent out <strong>Onix</strong>!<br></div><div class="spacer battle-history"><br></div><div class="battle-history">Ponyta used <strong>Flare Blitz</strong>!<br></div><div class="battle-history"><small>It's not very effective...</small><br></div><div class="battle-history"><small>(The opposing Onix lost <abbr title="−4/20">20%</abbr> of its health!)</small><br></div><div class="battle-history"><small>Ponyta is damaged by the recoil!</small><br></div><div class="spacer battle-history"><br></div><h2 class="battle-history">Turn 7</h2><div class="spacer battle-history"><br></div><div class="battle-history">Ponyta used <strong>Will-O-Wisp</strong>!<br></div><div class="battle-history"><small>The opposing Onix was burned!</small><br></div><div class="spacer battle-history"><br></div><div class="battle-history">The opposing Onix used <strong>Dragon Tail</strong>!<br></div><div class="battle-history"><small>(Ponyta lost <abbr title="−3/22">13.6%</abbr> of its health!)</small><br></div><div class="spacer battle-history"><br></div><div class="battle-history"><strong>Carvanha</strong> was dragged out!<br></div><div class="spacer battle-history"><br></div><div class="battle-history"><small>The opposing Onix was hurt by its burn!</small><br></div><div class="spacer battle-history"><br></div><h2 class="battle-history">Turn 8</h2><div class="spacer battle-history"><br></div><div class="battle-history">Carvanha used <strong>Waterfall</strong>!<br></div><div class="battle-history"><small>It's super effective!</small><br></div><div class="battle-history"><small>(The opposing Onix lost <abbr title="−14/20">70%</abbr> of its health!)</small><br></div><div class="spacer battle-history"><br></div><div class="battle-history">The opposing Onix fainted!<br></div><div class="spacer battle-history"><br></div><div class="battle-history"><small>[Carvanha's Speed Boost]</small><br></div><div class="battle-history"><small>Carvanha's Speed rose!</small><br></div><div class="spacer battle-history"><br></div><div class="battle-history">Puckis03 sent out Pumpkaboo (<strong>Pumpkaboo-Super</strong>)!<br></div><div class="battle-history"><small>[The opposing Pumpkaboo's Frisk]</small><br><small>The opposing Pumpkaboo frisked Carvanha and found its Focus Sash!</small><br></div><div class="spacer battle-history"><br></div><h2 class="battle-history">Turn 9</h2><div class="spacer battle-history"><br></div><div class="battle-history">Carvanha used <strong>Crunch</strong>!<br></div><div class="battle-history"><small>It's super effective!</small><br></div><div class="battle-history"><small>(The opposing Pumpkaboo lost <abbr title="−12/22">54.5%</abbr> of its health!)</small><br></div><div class="spacer battle-history"><br></div><div class="battle-history">The opposing Pumpkaboo fainted!<br></div><div class="spacer battle-history"><br></div><div class="battle-history"><small>[Carvanha's Speed Boost]</small><br></div><div class="battle-history"><small>Carvanha's Speed rose!</small><br></div><div class="spacer battle-history"><br></div><div class="battle-history">Puckis03 sent out <strong>Timburr</strong>!<br></div><div class="spacer battle-history"><br></div><h2 class="battle-history">Turn 10</h2><div class="spacer battle-history"><br></div><div class="battle-history">Carvanha, come back!<br></div><div class="battle-history">Go! <strong>Ponyta</strong>!<br></div><div class="spacer battle-history"><br></div><div class="battle-history">The opposing Timburr used <strong>Drain Punch</strong>!<br></div><div class="battle-history"><small>(Ponyta lost <abbr title="−2/22">9.1%</abbr> of its health!)</small><br></div><div class="spacer battle-history"><br></div><div class="battle-history">Ponyta fainted!<br></div><div class="spacer battle-history"><br></div><div class="battle-history">Go! <strong>Abra</strong>!<br></div><div class="spacer battle-history"><br></div><h2 class="battle-history">Turn 11</h2><div class="spacer battle-history"><br></div><div class="battle-history">Abra used <strong>Calm Mind</strong>!<br></div><div class="battle-history"><small>Abra's Special Attack rose!</small><br></div><div class="battle-history"><small>Abra's Special Defense rose!</small><br></div><div class="spacer battle-history"><br></div><div class="battle-history">The opposing Timburr used <strong>Drain Punch</strong>!<br></div><div class="battle-history"><small>It's not very effective...</small><br></div><div class="battle-history"><small>(Abra lost <abbr title="−15/19">78.9%</abbr> of its health!)</small><br></div><div class="spacer battle-history"><br></div><h2 class="battle-history">Turn 12</h2><div class="spacer battle-history"><br></div><div class="battle-history">Abra used <strong>Psyshock</strong>!<br></div><div class="battle-history"><small>It's super effective!</small><br></div><div class="battle-history"><small>(The opposing Timburr lost <abbr title="−25/25">100%</abbr> of its health!)</small><br></div><div class="spacer battle-history"><br></div><div class="battle-history">The opposing Timburr fainted!<br></div><div class="spacer battle-history"><br></div><div class="battle-history">Puckis03 sent out <strong>Geodude</strong>!<br></div><div class="spacer battle-history"><br></div><h2 class="battle-history">Turn 13</h2><div class="spacer battle-history"><br></div><div class="battle-history">The opposing Geodude used <strong>Sucker Punch</strong>!<br></div><div class="battle-history"><small>It's super effective!</small><br></div><div class="battle-history"><small>(Abra lost <abbr title="−4/19">21.1%</abbr> of its health!)</small><br></div><div class="spacer battle-history"><br></div><div class="battle-history">Abra fainted!<br></div><div class="spacer battle-history"><br></div><div class="battle-history">Go! <strong>Carvanha</strong>!<br></div><div class="spacer battle-history"><br></div><h2 class="battle-history">Turn 14</h2><div class="spacer battle-history"><br></div><div class="battle-history">Carvanha used <strong>Waterfall</strong>!<br></div><div class="battle-history"><small>It's super effective!</small><br></div><div class="battle-history"><small>(The opposing Geodude lost <abbr title="−20/20">100%</abbr> of its health!)</small><br></div><div class="spacer battle-history"><br></div><div class="battle-history">The opposing Geodude fainted!<br></div><div class="spacer battle-history"><br></div><div class="battle-history"><small>[Carvanha's Speed Boost]</small><br></div><div class="battle-history"><small>Carvanha's Speed rose!</small><br></div><div class="spacer battle-history"><br></div><div class="battle-history">Puckis03 sent out <strong>Diglett</strong>!<br></div><div class="spacer battle-history"><br></div><h2 class="battle-history">Turn 15</h2><div class="spacer battle-history"><br></div><div class="battle-history">Carvanha used <strong>Waterfall</strong>!<br></div><div class="battle-history"><small>It's super effective!</small><br></div><div class="battle-history"><small>The opposing Diglett hung on using its Focus Sash!</small><br></div><div class="battle-history"><small>(The opposing Diglett lost <abbr title="−16/17">94.1%</abbr> of its health!)</small><br></div><div class="spacer battle-history"><br></div><div class="battle-history">The opposing Diglett used <strong>Body Slam</strong>!<br></div><div class="battle-history"><small>(Carvanha lost <abbr title="−14/22">63.6%</abbr> of its health!)</small><br></div><div class="spacer battle-history"><br></div><div class="battle-history"><small>[Carvanha's Speed Boost]</small><br></div><div class="battle-history"><small>Carvanha's Speed rose!</small><br></div><div class="spacer battle-history"><br></div><h2 class="battle-history">Turn 16</h2><div class="spacer battle-history"><br></div><div class="battle-history">Carvanha used <strong>Waterfall</strong>!<br></div><div class="battle-history"><small>It's super effective!</small><br></div><div class="battle-history"><small>(The opposing Diglett lost <abbr title="−1/17">5.9%</abbr> of its health!)</small><br></div><div class="spacer battle-history"><br></div><div class="battle-history">The opposing Diglett fainted!<br></div><div class="spacer battle-history"><br></div><div class="battle-history"><strong>NIKE94</strong> won the battle!<br></div><div class="chat">NIKE94's rating: 1216 → <strong>1227</strong><br>(+11 for winning)</div><div class="chat">Puckis03's rating: 1000 → <strong>1000</strong><br>(+0 for losing)</div><div class="chat"><small>Puckis03 left.</small></div></div><div class="inner-preempt"></div></div></div>
</div>
<script>
let daily = Math.floor(Date.now()/1000/60/60/24);document.write('<script src="https://play.pokemonshowdown.com/js/replay-embed.js?version'+daily+'"></'+'script>');
</script>
