<!DOCTYPE html>
<meta charset="utf-8" />
<!-- version 1 -->
<title>LC replay: FallRiverFloatzels vs. The_reai_jesus</title>
<style>
html,body {font-family:Verdana, sans-serif;font-size:10pt;margin:0;padding:0;}body{padding:12px 0;} .battle-log {font-family:Verdana, sans-serif;font-size:10pt;} .battle-log-inline {border:1px solid #AAAAAA;background:#EEF2F5;color:black;max-width:640px;margin:0 auto 80px;padding-bottom:5px;} .battle-log .inner {padding:4px 8px 0px 8px;} .battle-log .inner-preempt {padding:0 8px 4px 8px;} .battle-log .inner-after {margin-top:0.5em;} .battle-log h2 {margin:0.5em -8px;padding:4px 8px;border:1px solid #AAAAAA;background:#E0E7EA;border-left:0;border-right:0;font-family:Verdana, sans-serif;font-size:13pt;} .battle-log .chat {vertical-align:middle;padding:3px 0 3px 0;font-size:8pt;} .battle-log .chat strong {color:#40576A;} .battle-log .chat em {padding:1px 4px 1px 3px;color:#000000;font-style:normal;} .chat.mine {background:rgba(0,0,0,0.05);margin-left:-8px;margin-right:-8px;padding-left:8px;padding-right:8px;} .spoiler {color:#BBBBBB;background:#BBBBBB;padding:0px 3px;} .spoiler:hover, .spoiler:active, .spoiler-shown {color:#000000;background:#E2E2E2;padding:0px 3px;} .spoiler a {color:#BBBBBB;} .spoiler:hover a, .spoiler:active a, .spoiler-shown a {color:#2288CC;} .chat code, .chat .spoiler:hover code, .chat .spoiler:active code, .chat .spoiler-shown code {border:1px solid #C0C0C0;background:#EEEEEE;color:black;padding:0 2px;} .chat .spoiler code {border:1px solid #CCCCCC;background:#CCCCCC;color:#CCCCCC;} .battle-log .rated {padding:3px 4px;} .battle-log .rated strong {color:white;background:#89A;padding:1px 4px;border-radius:4px;} .spacer {margin-top:0.5em;} .message-announce {background:#6688AA;color:white;padding:1px 4px 2px;} .message-announce a, .broadcast-green a, .broadcast-blue a, .broadcast-red a {color:#DDEEFF;} .broadcast-green {background-color:#559955;color:white;padding:2px 4px;} .broadcast-blue {background-color:#6688AA;color:white;padding:2px 4px;} .infobox {border:1px solid #6688AA;padding:2px 4px;} .infobox-limited {max-height:200px;overflow:auto;overflow-x:hidden;} .broadcast-red {background-color:#AA5544;color:white;padding:2px 4px;} .message-learn-canlearn {font-weight:bold;color:#228822;text-decoration:underline;} .message-learn-cannotlearn {font-weight:bold;color:#CC2222;text-decoration:underline;} .message-effect-weak {font-weight:bold;color:#CC2222;} .message-effect-resist {font-weight:bold;color:#6688AA;} .message-effect-immune {font-weight:bold;color:#666666;} .message-learn-list {margin-top:0;margin-bottom:0;} .message-throttle-notice, .message-error {color:#992222;} .message-overflow, .chat small.message-overflow {font-size:0pt;} .message-overflow::before {font-size:9pt;content:'...';} .subtle {color:#3A4A66;}
</style>
<div class="wrapper replay-wrapper" style="max-width:1180px;margin:0 auto">
<input type="hidden" name="replayid" value="lc-489088322" />
<div class="battle"></div><div class="battle-log"></div><div class="replay-controls"></div><div class="replay-controls-2"></div>
<h1 style="font-weight:normal;text-align:center"><strong>LC</strong><br /><a href="http://pokemonshowdown.com/users/fallriverfloatzels" class="subtle" target="_blank">FallRiverFloatzels</a> vs. <a href="http://pokemonshowdown.com/users/thereaijesus" class="subtle" target="_blank">The_reai_jesus</a></h1>
<script type="text/plain" class="battle-log-data">|j|FallRiverFloatzels
|j|The_reai_jesus
|player|p1|FallRiverFloatzels|76
|player|p2|The_reai_jesus|80
|gametype|singles
|gen|6
|tier|LC
|seed|33308,45138,44222,50228
|clearpoke
|poke|p1|Bagon, L5, M|item
|poke|p1|Ponyta, L5, F|item
|poke|p1|Scraggy, L5, F|item
|poke|p1|Timburr, L5, F|item
|poke|p1|Dratini, L5, M|item
|poke|p1|Treecko, L5, F|item
|poke|p2|Tentacool, L5, M|item
|poke|p2|Larvesta, L5, M|item
|poke|p2|Growlithe, L5, F|item
|poke|p2|Froakie, L5, M|item
|poke|p2|Foongus, L5, M|item
|poke|p2|Doduo, L5, F|item
|rule|Sleep Clause Mod: Limit one foe put to sleep
|rule|Species Clause: Limit one of each Pokémon
|rule|OHKO Clause: OHKO moves are banned
|rule|Moody Clause: Moody is banned
|rule|Evasion Moves Clause: Evasion moves are banned
|rule|Endless Battle Clause: Forcing endless battles is banned
|rule|HP Percentage Mod: HP is shown in percentages
|teampreview
|c|★FallRiverFloatzels|lol gl
|c|★The_reai_jesus|gl, hf lol
|j|TheBrain05
|j|Sentital
|c| TheBrain05|gl peeps
|c|★FallRiverFloatzels|ready to see my get obliterated
|c|★The_reai_jesus|wait you had timber? O.o lmfao
|c| TheBrain05|Look at all these mons bobbing their heads back and forth
|c|★FallRiverFloatzels|i think so
|c| TheBrain05|13 heads
|c| TheBrain05|no
|choice|team 1, team 2, team 3, team 4, team 5, team 6|team 1, team 2, team 3, team 4, team 5, team 6
|
|start
|switch|p1a: Bagon|Bagon, L5, M|21\/21
|switch|p2a: Small Spots|Tentacool, L5, M|21\/21
|turn|1
|c| TheBrain05|bura has timburr
|choice|move dragondance|move dazzlinggleam
|
|move|p2a: Small Spots|Dazzling Gleam|p1a: Bagon
|-supereffective|p1a: Bagon
|-damage|p1a: Bagon|0 fnt
|-damage|p2a: Small Spots|19\/21|[from] item: Life Orb
|faint|p1a: Bagon
|
|c| TheBrain05|you have mienfoo
|c|★The_reai_jesus|its fine, don't worry about it lmao
|c| TheBrain05|rip
|c|★FallRiverFloatzels|fuck imma get 6-0 anyways
|choice|switch 2|
|
|switch|p1a: Ponyta|Ponyta, L5, F|21\/21
|turn|2
|choice|move wildcharge|switch 3
|
|switch|p2a: Jackie|Growlithe, L5, F|25\/25
|-ability|p2a: Jackie|Intimidate|boost
|-unboost|p1a: Ponyta|atk|1
|move|p1a: Ponyta|Wild Charge|p2a: Jackie
|-damage|p2a: Jackie|21\/25
|-damage|p1a: Ponyta|20\/21|[from] recoil|[of] p2a: Jackie
|
|turn|3
|j|zorse
|c| TheBrain05|Bacon its your turn in the UDL draft btw
|c| zorse|Hey bacon you're up in the UDL lol
|choice|switch 4|move morningsun
|
|switch|p1a: Timburr|Timburr, L5, F|25\/25
|move|p2a: Jackie|Morning Sun|p2a: Jackie
|-heal|p2a: Jackie|25\/25
|
|turn|4
|c| TheBrain05|For gods sake zorse, stop copying me
|c|★FallRiverFloatzels|i'll do it after this
|c|★FallRiverFloatzels|whi did Platy pick
|l|zorse
|choice|move bulkup|move flareblitz
|
|move|p2a: Jackie|Flare Blitz|p1a: Timburr
|-damage|p1a: Timburr|15\/25
|-damage|p2a: Jackie|22\/25|[from] recoil|[of] p1a: Timburr
|move|p1a: Timburr|Bulk Up|p1a: Timburr
|-boost|p1a: Timburr|atk|1
|-boost|p1a: Timburr|def|1
|
|turn|5
|choice|move drainpunch|switch 5
|
|switch|p2a: Portobello|Foongus, L5, M|25\/25
|move|p1a: Timburr|Drain Punch|p2a: Portobello
|-resisted|p2a: Portobello
|-damage|p2a: Portobello|20\/25
|-heal|p1a: Timburr|18\/25|[from] drain|[of] p2a: Portobello
|
|turn|6
|choice|move stoneedge|move spore
|
|move|p1a: Timburr|Stone Edge|p2a: Portobello
|-damage|p2a: Portobello|10\/25
|move|p2a: Portobello|Spore|p1a: Timburr
|-status|p1a: Timburr|slp
|
|turn|7
|choice|move drainpunch|move gigadrain
|
|cant|p1a: Timburr|slp
|move|p2a: Portobello|Giga Drain|p1a: Timburr
|-damage|p1a: Timburr|12\/25 slp
|-heal|p2a: Portobello|13\/25|[from] drain|[of] p1a: Timburr
|
|turn|8
|j|zorse
|choice|move bulkup|move gigadrain
|
|cant|p1a: Timburr|slp
|move|p2a: Portobello|Giga Drain|p1a: Timburr
|-damage|p1a: Timburr|6\/25 slp
|-heal|p2a: Portobello|16\/25|[from] drain|[of] p1a: Timburr
|
|turn|9
|choice|move bulkup|move gigadrain
|
|-curestatus|p1a: Timburr|slp|[msg]
|move|p1a: Timburr|Bulk Up|p1a: Timburr
|-boost|p1a: Timburr|atk|1
|-boost|p1a: Timburr|def|1
|move|p2a: Portobello|Giga Drain|p1a: Timburr
|-damage|p1a: Timburr|0 fnt
|-heal|p2a: Portobello|19\/25|[from] drain|[of] p1a: Timburr
|faint|p1a: Timburr
|
|c| zorse|Togekiss
|choice|switch 3|
|
|switch|p1a: Scraggy|Scraggy, L5, F|22\/22
|-ability|p1a: Scraggy|Intimidate|boost
|-unboost|p2a: Portobello|atk|1
|turn|10
|c| TheBrain05|guess it didnt matter after all
|choice|move knockoff|switch 5
|
|switch|p2a: Jackie|Growlithe, L5, F|22\/25
|-ability|p2a: Jackie|Intimidate|boost
|-unboost|p1a: Scraggy|atk|1
|move|p1a: Scraggy|Knock Off|p2a: Jackie
|-damage|p2a: Jackie|13\/25
|-enditem|p2a: Jackie|Eviolite|[from] move: Knock Off|[of] p1a: Scraggy
|
|turn|11
|choice|switch 4|move willowisp
|
|switch|p1a: Ponyta|Ponyta, L5, F|20\/21
|move|p2a: Jackie|Will-O-Wisp|p1a: Ponyta
|-immune|p1a: Ponyta|[msg]
|
|turn|12
|c|★FallRiverFloatzels|i bulked up last turn so it would die
|l|zorse
|choice|move wildcharge|move morningsun
|
|move|p1a: Ponyta|Wild Charge|p2a: Jackie
|-damage|p2a: Jackie|4\/25
|-damage|p1a: Ponyta|18\/21|[from] recoil|[of] p2a: Jackie
|move|p2a: Jackie|Morning Sun|p2a: Jackie
|-heal|p2a: Jackie|16\/25
|
|turn|13
|j|Tjbake
|choice|move wildcharge|move morningsun
|
|move|p1a: Ponyta|Wild Charge|p2a: Jackie
|-damage|p2a: Jackie|8\/25
|-damage|p1a: Ponyta|16\/21|[from] recoil|[of] p2a: Jackie
|move|p2a: Jackie|Morning Sun|p2a: Jackie
|-heal|p2a: Jackie|20\/25
|
|turn|14
|choice|move morningsun|move morningsun
|
|move|p1a: Ponyta|Morning Sun|p1a: Ponyta
|-heal|p1a: Ponyta|21\/21
|move|p2a: Jackie|Morning Sun|p2a: Jackie
|-heal|p2a: Jackie|25\/25
|
|turn|15
|choice|switch 5|move outrage
|
|switch|p1a: Dratini|Dratini, L5, M|20\/20
|move|p2a: Jackie|Outrage|p1a: Dratini
|-supereffective|p1a: Dratini
|-damage|p1a: Dratini|4\/20
|
|turn|16
|choice|move waterfall|move outrage
|
|move|p1a: Dratini|Waterfall|p2a: Jackie
|-supereffective|p2a: Jackie
|-damage|p2a: Jackie|7\/25
|move|p2a: Jackie|Outrage|p1a: Dratini|[from]lockedmove
|-supereffective|p1a: Dratini
|-damage|p1a: Dratini|0 fnt
|faint|p1a: Dratini
|
|choice|switch 5|
|
|switch|p1a: Ponyta|Ponyta, L5, F|21\/21
|turn|17
|j|zorse
|choice|move wildcharge|move outrage
|
|move|p1a: Ponyta|Wild Charge|p2a: Jackie
|-crit|p2a: Jackie
|-damage|p2a: Jackie|0 fnt
|-damage|p1a: Ponyta|19\/21|[from] recoil|[of] p2a: Jackie
|faint|p2a: Jackie
|
|c| TheBrain05|Not a 6-0
|c|★FallRiverFloatzels|yay
|choice||switch 5
|
|switch|p2a: Portobello|Foongus, L5, M|25\/25
|turn|18
|choice|move flareblitz|move sludgebomb
|
|move|p1a: Ponyta|Flare Blitz|p2a: Portobello
|-supereffective|p2a: Portobello
|-damage|p2a: Portobello|0 fnt
|-damage|p1a: Ponyta|11\/21|[from] recoil|[of] p2a: Portobello
|faint|p2a: Portobello
|
|choice||switch 6
|
|switch|p2a: Dodildo|Doduo, L5, F|20\/20
|turn|19
|c| TheBrain05|or a 5-0
|choice|move wildcharge|move bravebird
|
|move|p2a: Dodildo|Brave Bird|p1a: Ponyta
|-damage|p1a: Ponyta|0 fnt
|-damage|p2a: Dodildo|16\/20|[from] recoil|[of] p1a: Ponyta
|faint|p1a: Ponyta
|
|choice|switch 6|
|
|switch|p1a: Treecko|Treecko, L5, F|20\/20
|turn|20
|c| TheBrain05|Scarf?
|choice|move thunderpunch|move bravebird
|
|move|p2a: Dodildo|Brave Bird|p1a: Treecko
|-supereffective|p1a: Treecko
|-enditem|p1a: Treecko|Focus Sash
|-damage|p1a: Treecko|1\/20
|-damage|p2a: Dodildo|10\/20|[from] recoil|[of] p1a: Treecko
|move|p1a: Treecko|Thunder Punch|p2a: Dodildo
|-supereffective|p2a: Dodildo
|-crit|p2a: Dodildo
|-damage|p2a: Dodildo|0 fnt
|faint|p2a: Dodildo
|
|l|zorse
|c|★The_reai_jesus|yeah
|choice||switch 3
|
|switch|p2a: Small Spots|Tentacool, L5, M|19\/21
|turn|21
|choice|move thunderpunch|move sludgewave
|
|move|p1a: Treecko|Thunder Punch|p2a: Small Spots
|-supereffective|p2a: Small Spots
|-damage|p2a: Small Spots|1\/21
|move|p2a: Small Spots|Sludge Wave|p1a: Treecko
|-supereffective|p1a: Treecko
|-damage|p1a: Treecko|0 fnt
|-damage|p2a: Small Spots|0 fnt|[from] item: Life Orb
|faint|p1a: Treecko
|faint|p2a: Small Spots
|
|c| TheBrain05|Smart bacon
|c| TheBrain05|if only that had killed
|choice|switch 4|switch 2
|
|switch|p2a: Amoeboid|Larvesta, L5, M|23\/23
|switch|p1a: Scraggy|Scraggy, L5, F|22\/22
|-ability|p1a: Scraggy|Intimidate|boost
|-unboost|p2a: Amoeboid|atk|1
|turn|22
|c| TheBrain05|you wouldve swept i think
|c|★FallRiverFloatzels|ya i had rock slide and bullet seed which prob would have won
|choice|move knockoff|move uturn
|
|move|p2a: Amoeboid|U-turn|p1a: Scraggy
|-damage|p1a: Scraggy|15\/22
|choice||switch 4
|
|switch|p2a: Azazel|Froakie, L5, M|21\/21
|move|p1a: Scraggy|Knock Off|p2a: Azazel
|-damage|p2a: Azazel|0 fnt
|-enditem|p2a: Azazel|Berry Juice|[from] move: Knock Off|[of] p1a: Scraggy
|faint|p2a: Azazel
|
|c| TheBrain05|smart play with the unburden sash
|choice||switch 4
|
|switch|p2a: Amoeboid|Larvesta, L5, M|23\/23
|turn|23
|c| TheBrain05|you might still win
|choice|move knockoff|move uturn
|
|move|p2a: Amoeboid|U-turn|p1a: Scraggy
|-damage|p1a: Scraggy|5\/22
|move|p1a: Scraggy|Knock Off|p2a: Amoeboid
|-damage|p2a: Amoeboid|10\/23
|-status|p1a: Scraggy|brn|[from] ability: Flame Body|[of] p2a: Amoeboid
|-enditem|p2a: Amoeboid|Eviolite|[from] move: Knock Off|[of] p1a: Scraggy
|
|-damage|p1a: Scraggy|3\/22 brn|[from] brn
|turn|24
|c| TheBrain05|rip
|c|★The_reai_jesus|gg
|c|★FallRiverFloatzels|gg
|choice|move knockoff|move uturn
|
|move|p2a: Amoeboid|U-turn|p1a: Scraggy
|-damage|p1a: Scraggy|0 fnt
|faint|p1a: Scraggy
|
|win|The_reai_jesus
|player|p1
|player|p2
|c| Sentital|damn close game gg
|c| TheBrain05|yeah</script>
</div>
<div class="battle-log battle-log-inline"><div class="inner"><div class="battle-options"></div><div class="inner"><div class="chat"><small>FallRiverFloatzels joined.</small></div><div class="chat"><small>The_reai_jesus joined.</small></div><div class=""><small>Format:</small> <br><strong>LC</strong></div><div class=""><small><em>Sleep Clause Mod:</em> Limit one foe put to sleep</small></div><div class=""><small><em>Species Clause:</em> Limit one of each Pokémon</small></div><div class=""><small><em>OHKO Clause:</em> OHKO moves are banned</small></div><div class=""><small><em>Moody Clause:</em> Moody is banned</small></div><div class=""><small><em>Evasion Moves Clause:</em> Evasion moves are banned</small></div><div class=""><small><em>Endless Battle Clause:</em> Forcing endless battles is banned</small></div><div class=""><small><em>HP Percentage Mod:</em> HP is shown in percentages</small></div><div class="chat battle-history"><strong>FallRiverFloatzels's team:</strong> <em style="color:#445566;display:block;">Bagon / Ponyta / Scraggy / Timburr / Dratini / Treecko</em></div><div class="chat battle-history"><strong>The_reai_jesus's team:</strong> <em style="color:#445566;display:block;">Tentacool / Larvesta / Growlithe / Froakie / Foongus / Doduo</em></div><div class="chat chatmessage-fallriverfloatzels"><strong style="color:hsl(84,81%,35.32741228388003%)"><small>★</small><span class="username" data-name="FallRiverFloatzels">FallRiverFloatzels</span>:</strong> <em>lol gl</em></div><div class="chat chatmessage-thereaijesus"><strong style="color:hsl(294,42%,48%)"><small>★</small><span class="username" data-name="The_reai_jesus">The_reai_jesus</span>:</strong> <em>gl, hf lol</em></div><div class="chat"><small>TheBrain05 joined.</small></div><div class="chat"><small>Sentital joined.</small></div><div class="chat chatmessage-thebrain05"><strong style="color:hsl(89,66%,30%)"><small> </small><span class="username" data-name="TheBrain05">TheBrain05</span>:</strong> <em>gl peeps</em></div><div class="chat chatmessage-fallriverfloatzels"><strong style="color:hsl(84,81%,35.32741228388003%)"><small>★</small><span class="username" data-name="FallRiverFloatzels">FallRiverFloatzels</span>:</strong> <em>ready to see my get obliterated</em></div><div class="chat chatmessage-thereaijesus"><strong style="color:hsl(294,42%,48%)"><small>★</small><span class="username" data-name="The_reai_jesus">The_reai_jesus</span>:</strong> <em>wait you had timber? O.o lmfao</em></div><div class="chat chatmessage-thebrain05"><strong style="color:hsl(89,66%,30%)"><small> </small><span class="username" data-name="TheBrain05">TheBrain05</span>:</strong> <em>Look at all these mons bobbing their heads back and forth</em></div><div class="chat chatmessage-fallriverfloatzels"><strong style="color:hsl(84,81%,35.32741228388003%)"><small>★</small><span class="username" data-name="FallRiverFloatzels">FallRiverFloatzels</span>:</strong> <em>i think so</em></div><div class="chat chatmessage-thebrain05"><strong style="color:hsl(89,66%,30%)"><small> </small><span class="username" data-name="TheBrain05">TheBrain05</span>:</strong> <em>13 heads</em></div><div class="chat chatmessage-thebrain05"><strong style="color:hsl(89,66%,30%)"><small> </small><span class="username" data-name="TheBrain05">TheBrain05</span>:</strong> <em>no</em></div><div class="spacer battle-history"><br></div><div class="battle-history">Battle started between FallRiverFloatzels and The_reai_jesus!<br></div><div class="spacer battle-history"><br></div><div class="battle-history">Go! <strong>Bagon</strong>!<br></div><div class="spacer battle-history"><br></div><div class="battle-history">The_reai_jesus sent out Small Spots (<strong>Tentacool</strong>)!<br></div><div class="spacer battle-history"><br></div><h2 class="battle-history">Turn 1</h2><div class="chat chatmessage-thebrain05"><strong style="color:hsl(89,66%,30%)"><small> </small><span class="username" data-name="TheBrain05">TheBrain05</span>:</strong> <em>bura has timburr</em></div><div class="spacer battle-history"><br></div><div class="battle-history">The opposing Small Spots used <strong>Dazzling Gleam</strong>!<br></div><div class="battle-history"><small>It's super effective!</small><br></div><div class="battle-history"><small>(Bagon lost <abbr title="−21/21">100%</abbr> of its health!)</small><br></div><div class="battle-history"><small>The opposing Small Spots lost some of its HP!</small><br></div><div class="spacer battle-history"><br></div><div class="battle-history">Bagon fainted!<br></div><div class="chat chatmessage-thebrain05"><strong style="color:hsl(89,66%,30%)"><small> </small><span class="username" data-name="TheBrain05">TheBrain05</span>:</strong> <em>you have mienfoo</em></div><div class="chat chatmessage-thereaijesus"><strong style="color:hsl(294,42%,48%)"><small>★</small><span class="username" data-name="The_reai_jesus">The_reai_jesus</span>:</strong> <em>its fine, don't worry about it lmao</em></div><div class="chat chatmessage-thebrain05"><strong style="color:hsl(89,66%,30%)"><small> </small><span class="username" data-name="TheBrain05">TheBrain05</span>:</strong> <em>rip</em></div><div class="chat chatmessage-fallriverfloatzels"><strong style="color:hsl(84,81%,35.32741228388003%)"><small>★</small><span class="username" data-name="FallRiverFloatzels">FallRiverFloatzels</span>:</strong> <em>fuck imma get 6-0 anyways</em></div><div class="spacer battle-history"><br></div><div class="battle-history">Go! <strong>Ponyta</strong>!<br></div><div class="spacer battle-history"><br></div><h2 class="battle-history">Turn 2</h2><div class="spacer battle-history"><br></div><div class="battle-history">The_reai_jesus withdrew Small Spots!<br></div><div class="battle-history">The_reai_jesus sent out Jackie (<strong>Growlithe</strong>)!<br></div><div class="battle-history"><small>[The opposing Jackie's Intimidate]</small><br></div><div class="battle-history"><small>Ponyta's Attack fell!</small><br></div><div class="spacer battle-history"><br></div><div class="battle-history">Ponyta used <strong>Wild Charge</strong>!<br></div><div class="battle-history"><small>(The opposing Jackie lost <abbr title="−4/25">16%</abbr> of its health!)</small><br></div><div class="battle-history"><small>Ponyta is damaged by the recoil!</small><br></div><div class="spacer battle-history"><br></div><h2 class="battle-history">Turn 3</h2><div class="chat"><small>zorse joined.</small></div><div class="chat chatmessage-thebrain05"><strong style="color:hsl(89,66%,30%)"><small> </small><span class="username" data-name="TheBrain05">TheBrain05</span>:</strong> <em>Bacon its your turn in the UDL draft btw</em></div><div class="chat chatmessage-zorse"><strong style="color:hsl(196,84%,45.001541558790265%)"><small> </small><span class="username" data-name="zorse">zorse</span>:</strong> <em>Hey bacon you're up in the UDL lol</em></div><div class="spacer battle-history"><br></div><div class="battle-history">Ponyta, come back!<br></div><div class="battle-history">Go! <strong>Timburr</strong>!<br></div><div class="spacer battle-history"><br></div><div class="battle-history">The opposing Jackie used <strong>Morning Sun</strong>!<br></div><div class="battle-history"><small>The opposing Jackie restored its HP.</small><br></div><div class="spacer battle-history"><br></div><h2 class="battle-history">Turn 4</h2><div class="chat chatmessage-thebrain05"><strong style="color:hsl(89,66%,30%)"><small> </small><span class="username" data-name="TheBrain05">TheBrain05</span>:</strong> <em>For gods sake zorse, stop copying me</em></div><div class="chat chatmessage-fallriverfloatzels"><strong style="color:hsl(84,81%,35.32741228388003%)"><small>★</small><span class="username" data-name="FallRiverFloatzels">FallRiverFloatzels</span>:</strong> <em>i'll do it after this</em></div><div class="chat chatmessage-fallriverfloatzels"><strong style="color:hsl(84,81%,35.32741228388003%)"><small>★</small><span class="username" data-name="FallRiverFloatzels">FallRiverFloatzels</span>:</strong> <em>whi did Platy pick</em></div><div class="chat"><small>zorse left.</small></div><div class="spacer battle-history"><br></div><div class="battle-history">The opposing Jackie used <strong>Flare Blitz</strong>!<br></div><div class="battle-history"><small>(Timburr lost <abbr title="−10/25">40%</abbr> of its health!)</small><br></div><div class="battle-history"><small>The opposing Jackie is damaged by the recoil!</small><br></div><div class="spacer battle-history"><br></div><div class="battle-history">Timburr used <strong>Bulk Up</strong>!<br></div><div class="battle-history"><small>Timburr's Attack rose!</small><br></div><div class="battle-history"><small>Timburr's Defense rose!</small><br></div><div class="spacer battle-history"><br></div><h2 class="battle-history">Turn 5</h2><div class="spacer battle-history"><br></div><div class="battle-history">The_reai_jesus withdrew Jackie!<br></div><div class="battle-history">The_reai_jesus sent out Portobello (<strong>Foongus</strong>)!<br></div><div class="spacer battle-history"><br></div><div class="battle-history">Timburr used <strong>Drain Punch</strong>!<br></div><div class="battle-history"><small>It's not very effective...</small><br></div><div class="battle-history"><small>(The opposing Portobello lost <abbr title="−5/25">20%</abbr> of its health!)</small><br></div><div class="battle-history"><small>The opposing Portobello had its energy drained!</small><br></div><div class="spacer battle-history"><br></div><h2 class="battle-history">Turn 6</h2><div class="spacer battle-history"><br></div><div class="battle-history">Timburr used <strong>Stone Edge</strong>!<br></div><div class="battle-history"><small>(The opposing Portobello lost <abbr title="−10/25">40%</abbr> of its health!)</small><br></div><div class="spacer battle-history"><br></div><div class="battle-history">The opposing Portobello used <strong>Spore</strong>!<br></div><div class="battle-history"><small>Timburr fell asleep!</small><br></div><div class="spacer battle-history"><br></div><h2 class="battle-history">Turn 7</h2><div class="spacer battle-history"><br></div><div class="battle-history">Timburr is fast asleep.<br></div><div class="spacer battle-history"><br></div><div class="battle-history">The opposing Portobello used <strong>Giga Drain</strong>!<br></div><div class="battle-history"><small>(Timburr lost <abbr title="−6/25">24%</abbr> of its health!)</small><br></div><div class="battle-history"><small>Timburr had its energy drained!</small><br></div><div class="spacer battle-history"><br></div><h2 class="battle-history">Turn 8</h2><div class="chat"><small>zorse joined.</small></div><div class="spacer battle-history"><br></div><div class="battle-history">Timburr is fast asleep.<br></div><div class="spacer battle-history"><br></div><div class="battle-history">The opposing Portobello used <strong>Giga Drain</strong>!<br></div><div class="battle-history"><small>(Timburr lost <abbr title="−6/25">24%</abbr> of its health!)</small><br></div><div class="battle-history"><small>Timburr had its energy drained!</small><br></div><div class="spacer battle-history"><br></div><h2 class="battle-history">Turn 9</h2><div class="spacer battle-history"><br></div><div class="battle-history"><small>Timburr woke up!</small><br></div><div class="spacer battle-history"><br></div><div class="battle-history">Timburr used <strong>Bulk Up</strong>!<br></div><div class="battle-history"><small>Timburr's Attack rose!</small><br></div><div class="battle-history"><small>Timburr's Defense rose!</small><br></div><div class="spacer battle-history"><br></div><div class="battle-history">The opposing Portobello used <strong>Giga Drain</strong>!<br></div><div class="battle-history"><small>(Timburr lost <abbr title="−6/25">24%</abbr> of its health!)</small><br></div><div class="battle-history"><small>Timburr had its energy drained!</small><br></div><div class="spacer battle-history"><br></div><div class="battle-history">Timburr fainted!<br></div><div class="chat chatmessage-zorse"><strong style="color:hsl(196,84%,45.001541558790265%)"><small> </small><span class="username" data-name="zorse">zorse</span>:</strong> <em>Togekiss</em></div><div class="spacer battle-history"><br></div><div class="battle-history">Go! <strong>Scraggy</strong>!<br></div><div class="battle-history"><small>[Scraggy's Intimidate]</small><br></div><div class="battle-history"><small>The opposing Portobello's Attack fell!</small><br></div><div class="spacer battle-history"><br></div><h2 class="battle-history">Turn 10</h2><div class="chat chatmessage-thebrain05"><strong style="color:hsl(89,66%,30%)"><small> </small><span class="username" data-name="TheBrain05">TheBrain05</span>:</strong> <em>guess it didnt matter after all</em></div><div class="spacer battle-history"><br></div><div class="battle-history">The_reai_jesus withdrew Portobello!<br></div><div class="battle-history">The_reai_jesus sent out Jackie (<strong>Growlithe</strong>)!<br></div><div class="battle-history"><small>[The opposing Jackie's Intimidate]</small><br></div><div class="battle-history"><small>Scraggy's Attack fell!</small><br></div><div class="spacer battle-history"><br></div><div class="battle-history">Scraggy used <strong>Knock Off</strong>!<br></div><div class="battle-history"><small>(The opposing Jackie lost <abbr title="−9/25">36%</abbr> of its health!)</small><br></div><div class="battle-history"><small>Scraggy knocked off the opposing Jackie's Eviolite!</small><br></div><div class="spacer battle-history"><br></div><h2 class="battle-history">Turn 11</h2><div class="spacer battle-history"><br></div><div class="battle-history">Scraggy, come back!<br></div><div class="battle-history">Go! <strong>Ponyta</strong>!<br></div><div class="spacer battle-history"><br></div><div class="battle-history">The opposing Jackie used <strong>Will-O-Wisp</strong>!<br></div><div class="battle-history"><small>It doesn't affect Ponyta...</small><br></div><div class="spacer battle-history"><br></div><h2 class="battle-history">Turn 12</h2><div class="chat chatmessage-fallriverfloatzels"><strong style="color:hsl(84,81%,35.32741228388003%)"><small>★</small><span class="username" data-name="FallRiverFloatzels">FallRiverFloatzels</span>:</strong> <em>i bulked up last turn so it would die</em></div><div class="chat"><small>zorse left.</small></div><div class="spacer battle-history"><br></div><div class="battle-history">Ponyta used <strong>Wild Charge</strong>!<br></div><div class="battle-history"><small>(The opposing Jackie lost <abbr title="−9/25">36%</abbr> of its health!)</small><br></div><div class="battle-history"><small>Ponyta is damaged by the recoil!</small><br></div><div class="spacer battle-history"><br></div><div class="battle-history">The opposing Jackie used <strong>Morning Sun</strong>!<br></div><div class="battle-history"><small>The opposing Jackie restored its HP.</small><br></div><div class="spacer battle-history"><br></div><h2 class="battle-history">Turn 13</h2><div class="chat"><small>Tjbake joined.</small></div><div class="spacer battle-history"><br></div><div class="battle-history">Ponyta used <strong>Wild Charge</strong>!<br></div><div class="battle-history"><small>(The opposing Jackie lost <abbr title="−8/25">32%</abbr> of its health!)</small><br></div><div class="battle-history"><small>Ponyta is damaged by the recoil!</small><br></div><div class="spacer battle-history"><br></div><div class="battle-history">The opposing Jackie used <strong>Morning Sun</strong>!<br></div><div class="battle-history"><small>The opposing Jackie restored its HP.</small><br></div><div class="spacer battle-history"><br></div><h2 class="battle-history">Turn 14</h2><div class="spacer battle-history"><br></div><div class="battle-history">Ponyta used <strong>Morning Sun</strong>!<br></div><div class="battle-history"><small>Ponyta restored its HP.</small><br></div><div class="spacer battle-history"><br></div><div class="battle-history">The opposing Jackie used <strong>Morning Sun</strong>!<br></div><div class="battle-history"><small>The opposing Jackie restored its HP.</small><br></div><div class="spacer battle-history"><br></div><h2 class="battle-history">Turn 15</h2><div class="spacer battle-history"><br></div><div class="battle-history">Ponyta, come back!<br></div><div class="battle-history">Go! <strong>Dratini</strong>!<br></div><div class="spacer battle-history"><br></div><div class="battle-history">The opposing Jackie used <strong>Outrage</strong>!<br></div><div class="battle-history"><small>It's super effective!</small><br></div><div class="battle-history"><small>(Dratini lost <abbr title="−16/20">80%</abbr> of its health!)</small><br></div><div class="spacer battle-history"><br></div><h2 class="battle-history">Turn 16</h2><div class="spacer battle-history"><br></div><div class="battle-history">Dratini used <strong>Waterfall</strong>!<br></div><div class="battle-history"><small>It's super effective!</small><br></div><div class="battle-history"><small>(The opposing Jackie lost <abbr title="−18/25">72%</abbr> of its health!)</small><br></div><div class="spacer battle-history"><br></div><div class="battle-history">The opposing Jackie used <strong>Outrage</strong>!<br></div><div class="battle-history"><small>It's super effective!</small><br></div><div class="battle-history"><small>(Dratini lost <abbr title="−4/20">20%</abbr> of its health!)</small><br></div><div class="spacer battle-history"><br></div><div class="battle-history">Dratini fainted!<br></div><div class="spacer battle-history"><br></div><div class="battle-history">Go! <strong>Ponyta</strong>!<br></div><div class="spacer battle-history"><br></div><h2 class="battle-history">Turn 17</h2><div class="chat"><small>zorse joined.</small></div><div class="spacer battle-history"><br></div><div class="battle-history">Ponyta used <strong>Wild Charge</strong>!<br></div><div class="battle-history"><small>A critical hit!</small><br></div><div class="battle-history"><small>(The opposing Jackie lost <abbr title="−7/25">28.0%</abbr> of its health!)</small><br></div><div class="battle-history"><small>Ponyta is damaged by the recoil!</small><br></div><div class="spacer battle-history"><br></div><div class="battle-history">The opposing Jackie fainted!<br></div><div class="chat chatmessage-thebrain05"><strong style="color:hsl(89,66%,30%)"><small> </small><span class="username" data-name="TheBrain05">TheBrain05</span>:</strong> <em>Not a 6-0</em></div><div class="chat chatmessage-fallriverfloatzels"><strong style="color:hsl(84,81%,35.32741228388003%)"><small>★</small><span class="username" data-name="FallRiverFloatzels">FallRiverFloatzels</span>:</strong> <em>yay</em></div><div class="spacer battle-history"><br></div><div class="battle-history">The_reai_jesus sent out Portobello (<strong>Foongus</strong>)!<br></div><div class="spacer battle-history"><br></div><h2 class="battle-history">Turn 18</h2><div class="spacer battle-history"><br></div><div class="battle-history">Ponyta used <strong>Flare Blitz</strong>!<br></div><div class="battle-history"><small>It's super effective!</small><br></div><div class="battle-history"><small>(The opposing Portobello lost <abbr title="−25/25">100%</abbr> of its health!)</small><br></div><div class="battle-history"><small>Ponyta is damaged by the recoil!</small><br></div><div class="spacer battle-history"><br></div><div class="battle-history">The opposing Portobello fainted!<br></div><div class="spacer battle-history"><br></div><div class="battle-history">The_reai_jesus sent out Dodildo (<strong>Doduo</strong>)!<br></div><div class="spacer battle-history"><br></div><h2 class="battle-history">Turn 19</h2><div class="chat chatmessage-thebrain05"><strong style="color:hsl(89,66%,30%)"><small> </small><span class="username" data-name="TheBrain05">TheBrain05</span>:</strong> <em>or a 5-0</em></div><div class="spacer battle-history"><br></div><div class="battle-history">The opposing Dodildo used <strong>Brave Bird</strong>!<br></div><div class="battle-history"><small>(Ponyta lost <abbr title="−11/21">52.4%</abbr> of its health!)</small><br></div><div class="battle-history"><small>The opposing Dodildo is damaged by the recoil!</small><br></div><div class="spacer battle-history"><br></div><div class="battle-history">Ponyta fainted!<br></div><div class="spacer battle-history"><br></div><div class="battle-history">Go! <strong>Treecko</strong>!<br></div><div class="spacer battle-history"><br></div><h2 class="battle-history">Turn 20</h2><div class="chat chatmessage-thebrain05"><strong style="color:hsl(89,66%,30%)"><small> </small><span class="username" data-name="TheBrain05">TheBrain05</span>:</strong> <em>Scarf?</em></div><div class="spacer battle-history"><br></div><div class="battle-history">The opposing Dodildo used <strong>Brave Bird</strong>!<br></div><div class="battle-history"><small>It's super effective!</small><br></div><div class="battle-history"><small>Treecko hung on using its Focus Sash!</small><br></div><div class="battle-history"><small>(Treecko lost <abbr title="−19/20">95%</abbr> of its health!)</small><br></div><div class="battle-history"><small>The opposing Dodildo is damaged by the recoil!</small><br></div><div class="spacer battle-history"><br></div><div class="battle-history">Treecko used <strong>Thunder Punch</strong>!<br></div><div class="battle-history"><small>It's super effective!</small><br></div><div class="battle-history"><small>A critical hit!</small><br></div><div class="battle-history"><small>(The opposing Dodildo lost <abbr title="−10/20">50%</abbr> of its health!)</small><br></div><div class="spacer battle-history"><br></div><div class="battle-history">The opposing Dodildo fainted!<br></div><div class="chat"><small>zorse left.</small></div><div class="chat chatmessage-thereaijesus"><strong style="color:hsl(294,42%,48%)"><small>★</small><span class="username" data-name="The_reai_jesus">The_reai_jesus</span>:</strong> <em>yeah</em></div><div class="spacer battle-history"><br></div><div class="battle-history">The_reai_jesus sent out Small Spots (<strong>Tentacool</strong>)!<br></div><div class="spacer battle-history"><br></div><h2 class="battle-history">Turn 21</h2><div class="spacer battle-history"><br></div><div class="battle-history">Treecko used <strong>Thunder Punch</strong>!<br></div><div class="battle-history"><small>It's super effective!</small><br></div><div class="battle-history"><small>(The opposing Small Spots lost <abbr title="−18/21">85.7%</abbr> of its health!)</small><br></div><div class="spacer battle-history"><br></div><div class="battle-history">The opposing Small Spots used <strong>Sludge Wave</strong>!<br></div><div class="battle-history"><small>It's super effective!</small><br></div><div class="battle-history"><small>(Treecko lost <abbr title="−1/20">5%</abbr> of its health!)</small><br></div><div class="battle-history"><small>The opposing Small Spots lost some of its HP!</small><br></div><div class="spacer battle-history"><br></div><div class="battle-history">Treecko fainted!<br></div><div class="battle-history">The opposing Small Spots fainted!<br></div><div class="chat chatmessage-thebrain05"><strong style="color:hsl(89,66%,30%)"><small> </small><span class="username" data-name="TheBrain05">TheBrain05</span>:</strong> <em>Smart bacon</em></div><div class="chat chatmessage-thebrain05"><strong style="color:hsl(89,66%,30%)"><small> </small><span class="username" data-name="TheBrain05">TheBrain05</span>:</strong> <em>if only that had killed</em></div><div class="spacer battle-history"><br></div><div class="battle-history">The_reai_jesus sent out Amoeboid (<strong>Larvesta</strong>)!<br></div><div class="spacer battle-history"><br></div><div class="battle-history">Go! <strong>Scraggy</strong>!<br></div><div class="battle-history"><small>[Scraggy's Intimidate]</small><br></div><div class="battle-history"><small>The opposing Amoeboid's Attack fell!</small><br></div><div class="spacer battle-history"><br></div><h2 class="battle-history">Turn 22</h2><div class="chat chatmessage-thebrain05"><strong style="color:hsl(89,66%,30%)"><small> </small><span class="username" data-name="TheBrain05">TheBrain05</span>:</strong> <em>you wouldve swept i think</em></div><div class="chat chatmessage-fallriverfloatzels"><strong style="color:hsl(84,81%,35.32741228388003%)"><small>★</small><span class="username" data-name="FallRiverFloatzels">FallRiverFloatzels</span>:</strong> <em>ya i had rock slide and bullet seed which prob would have won</em></div><div class="spacer battle-history"><br></div><div class="battle-history">The opposing Amoeboid used <strong>U-turn</strong>!<br></div><div class="battle-history"><small>(Scraggy lost <abbr title="−7/22">31.8%</abbr> of its health!)</small><br></div><div class="spacer battle-history"><br></div><div class="battle-history">The opposing Amoeboid went back to The_reai_jesus!<br></div><div class="battle-history">The_reai_jesus sent out Azazel (<strong>Froakie</strong>)!<br></div><div class="spacer battle-history"><br></div><div class="battle-history">Scraggy used <strong>Knock Off</strong>!<br></div><div class="battle-history"><small>(The opposing Azazel lost <abbr title="−21/21">100%</abbr> of its health!)</small><br></div><div class="battle-history"><small>Scraggy knocked off the opposing Azazel's Berry Juice!</small><br></div><div class="spacer battle-history"><br></div><div class="battle-history">The opposing Azazel fainted!<br></div><div class="chat chatmessage-thebrain05"><strong style="color:hsl(89,66%,30%)"><small> </small><span class="username" data-name="TheBrain05">TheBrain05</span>:</strong> <em>smart play with the unburden sash</em></div><div class="spacer battle-history"><br></div><div class="battle-history">The_reai_jesus sent out Amoeboid (<strong>Larvesta</strong>)!<br></div><div class="spacer battle-history"><br></div><h2 class="battle-history">Turn 23</h2><div class="chat chatmessage-thebrain05"><strong style="color:hsl(89,66%,30%)"><small> </small><span class="username" data-name="TheBrain05">TheBrain05</span>:</strong> <em>you might still win</em></div><div class="spacer battle-history"><br></div><div class="battle-history">The opposing Amoeboid used <strong>U-turn</strong>!<br></div><div class="battle-history"><small>(Scraggy lost <abbr title="−10/22">45.5%</abbr> of its health!)</small><br></div><div class="spacer battle-history"><br></div><div class="battle-history">Scraggy used <strong>Knock Off</strong>!<br></div><div class="battle-history"><small>(The opposing Amoeboid lost <abbr title="−13/23">56.5%</abbr> of its health!)</small><br></div><div class="battle-history"><small>[The opposing Amoeboid's Flame Body]</small><br><small>Scraggy was burned!</small><br></div><div class="battle-history"><small>Scraggy knocked off the opposing Amoeboid's Eviolite!</small><br></div><div class="spacer battle-history"><br></div><div class="battle-history"><small>Scraggy was hurt by its burn!</small><br></div><div class="spacer battle-history"><br></div><h2 class="battle-history">Turn 24</h2><div class="chat chatmessage-thebrain05"><strong style="color:hsl(89,66%,30%)"><small> </small><span class="username" data-name="TheBrain05">TheBrain05</span>:</strong> <em>rip</em></div><div class="chat chatmessage-thereaijesus"><strong style="color:hsl(294,42%,48%)"><small>★</small><span class="username" data-name="The_reai_jesus">The_reai_jesus</span>:</strong> <em>gg</em></div><div class="chat chatmessage-fallriverfloatzels"><strong style="color:hsl(84,81%,35.32741228388003%)"><small>★</small><span class="username" data-name="FallRiverFloatzels">FallRiverFloatzels</span>:</strong> <em>gg</em></div><div class="spacer battle-history"><br></div><div class="battle-history">The opposing Amoeboid used <strong>U-turn</strong>!<br></div><div class="battle-history"><small>(Scraggy lost <abbr title="−3/22">13.6%</abbr> of its health!)</small><br></div><div class="spacer battle-history"><br></div><div class="battle-history">Scraggy fainted!<br></div><div class="spacer battle-history"><br></div><div class="battle-history"><strong>The_reai_jesus</strong> won the battle!<br></div><div class="chat chatmessage-sentital"><strong style="color:hsl(217,50%,50.24514761699167%)"><small> </small><span class="username" data-name="Sentital">Sentital</span>:</strong> <em>damn close game gg</em></div><div class="chat chatmessage-thebrain05"><strong style="color:hsl(89,66%,30%)"><small> </small><span class="username" data-name="TheBrain05">TheBrain05</span>:</strong> <em>yeah</em></div></div><div class="inner-preempt"></div></div></div>
</div>
<script>
let daily = Math.floor(Date.now()/1000/60/60/24);document.write('<script src="https://play.pokemonshowdown.com/js/replay-embed.js?version'+daily+'"></'+'script>');
</script>
