<!DOCTYPE html>
<meta charset="utf-8" />
<!-- version 1 -->
<title>LC replay: PengiRuler vs. BoBoOu</title>
<style>
html,body {font-family:Verdana, sans-serif;font-size:10pt;margin:0;padding:0;}body{padding:12px 0;} .battle-log {font-family:Verdana, sans-serif;font-size:10pt;} .battle-log-inline {border:1px solid #AAAAAA;background:#EEF2F5;color:black;max-width:640px;margin:0 auto 80px;padding-bottom:5px;} .battle-log .inner {padding:4px 8px 0px 8px;} .battle-log .inner-preempt {padding:0 8px 4px 8px;} .battle-log .inner-after {margin-top:0.5em;} .battle-log h2 {margin:0.5em -8px;padding:4px 8px;border:1px solid #AAAAAA;background:#E0E7EA;border-left:0;border-right:0;font-family:Verdana, sans-serif;font-size:13pt;} .battle-log .chat {vertical-align:middle;padding:3px 0 3px 0;font-size:8pt;} .battle-log .chat strong {color:#40576A;} .battle-log .chat em {padding:1px 4px 1px 3px;color:#000000;font-style:normal;} .chat.mine {background:rgba(0,0,0,0.05);margin-left:-8px;margin-right:-8px;padding-left:8px;padding-right:8px;} .spoiler {color:#BBBBBB;background:#BBBBBB;padding:0px 3px;} .spoiler:hover, .spoiler:active, .spoiler-shown {color:#000000;background:#E2E2E2;padding:0px 3px;} .spoiler a {color:#BBBBBB;} .spoiler:hover a, .spoiler:active a, .spoiler-shown a {color:#2288CC;} .chat code, .chat .spoiler:hover code, .chat .spoiler:active code, .chat .spoiler-shown code {border:1px solid #C0C0C0;background:#EEEEEE;color:black;padding:0 2px;} .chat .spoiler code {border:1px solid #CCCCCC;background:#CCCCCC;color:#CCCCCC;} .battle-log .rated {padding:3px 4px;} .battle-log .rated strong {color:white;background:#89A;padding:1px 4px;border-radius:4px;} .spacer {margin-top:0.5em;} .message-announce {background:#6688AA;color:white;padding:1px 4px 2px;} .message-announce a, .broadcast-green a, .broadcast-blue a, .broadcast-red a {color:#DDEEFF;} .broadcast-green {background-color:#559955;color:white;padding:2px 4px;} .broadcast-blue {background-color:#6688AA;color:white;padding:2px 4px;} .infobox {border:1px solid #6688AA;padding:2px 4px;} .infobox-limited {max-height:200px;overflow:auto;overflow-x:hidden;} .broadcast-red {background-color:#AA5544;color:white;padding:2px 4px;} .message-learn-canlearn {font-weight:bold;color:#228822;text-decoration:underline;} .message-learn-cannotlearn {font-weight:bold;color:#CC2222;text-decoration:underline;} .message-effect-weak {font-weight:bold;color:#CC2222;} .message-effect-resist {font-weight:bold;color:#6688AA;} .message-effect-immune {font-weight:bold;color:#666666;} .message-learn-list {margin-top:0;margin-bottom:0;} .message-throttle-notice, .message-error {color:#992222;} .message-overflow, .chat small.message-overflow {font-size:0pt;} .message-overflow::before {font-size:9pt;content:'...';} .subtle {color:#3A4A66;}
</style>
<div class="wrapper replay-wrapper" style="max-width:1180px;margin:0 auto">
<input type="hidden" name="replayid" value="lc-524560397" />
<div class="battle"></div><div class="battle-log"></div><div class="replay-controls"></div><div class="replay-controls-2"></div>
<h1 style="font-weight:normal;text-align:center"><strong>LC</strong><br /><a href="http://pokemonshowdown.com/users/pengiruler" class="subtle" target="_blank">PengiRuler</a> vs. <a href="http://pokemonshowdown.com/users/boboou" class="subtle" target="_blank">BoBoOu</a></h1>
<script type="text/plain" class="battle-log-data">|j|PengiRuler
|j|BoBoOu
|player|p1|PengiRuler|184
|player|p2|BoBoOu|102
|gametype|singles
|gen|6
|tier|LC
|seed|53312,48825,5097,37608
|clearpoke
|poke|p1|Aipom, L5, F|item
|poke|p1|Mankey, L5, F|item
|poke|p1|Darumaka, L5, M|item
|poke|p1|Panpour, L5, M|item
|poke|p1|Pansage, L5, F|item
|poke|p1|Chimchar, L5, F|item
|poke|p2|Hippopotas, L5, M|item
|poke|p2|Drilbur, L5, M|item
|poke|p2|Lileep, L5, M|item
|poke|p2|Ferroseed, L5, F|item
|poke|p2|Magnemite, L5|item
|poke|p2|Tirtouga, L5, M|item
|rule|Sleep Clause Mod: Limit one foe put to sleep
|rule|Species Clause: Limit one of each Pokémon
|rule|OHKO Clause: OHKO moves are banned
|rule|Moody Clause: Moody is banned
|rule|Evasion Moves Clause: Evasion moves are banned
|rule|Endless Battle Clause: Forcing endless battles is banned
|rule|HP Percentage Mod: HP is shown in percentages
|teampreview
|choice|team 1, team 2, team 3, team 4, team 5, team 6|team 1, team 2, team 3, team 4, team 5, team 6
|
|start
|switch|p1a: Aipom|Aipom, L5, F|23\/23
|switch|p2a: Hippopotas|Hippopotas, L5, M|23\/23
|-weather|Sandstorm|[from] ability: Sand Stream|[of] p2a: Hippopotas
|turn|1
|choice|move seedbomb|switch 4
|
|switch|p2a: Ferroseed|Ferroseed, L5, F|21\/21
|move|p1a: Aipom|Seed Bomb|p2a: Ferroseed
|-resisted|p2a: Ferroseed
|-damage|p2a: Ferroseed|20\/21
|-damage|p1a: Aipom|21\/23|[from] item: Life Orb
|
|-weather|Sandstorm|[upkeep]
|-damage|p1a: Aipom|20\/23|[from] sandstorm
|upkeep
|turn|2
|choice|move firepunch|move spikes
|
|move|p1a: Aipom|Fire Punch|p2a: Ferroseed
|-supereffective|p2a: Ferroseed
|-damage|p2a: Ferroseed|0 fnt
|-damage|p1a: Aipom|18\/23|[from] ability: Iron Barbs|[of] p2a: Ferroseed
|-damage|p1a: Aipom|16\/23|[from] item: Life Orb
|faint|p2a: Ferroseed
|
|-weather|Sandstorm|[upkeep]
|-damage|p1a: Aipom|15\/23|[from] sandstorm
|upkeep
|choice||switch 2
|
|switch|p2a: Drilbur|Drilbur, L5, M|23\/23
|turn|3
|choice|move seedbomb|move brickbreak
|
|move|p2a: Drilbur|Brick Break|p1a: Aipom
|-supereffective|p1a: Aipom
|-damage|p1a: Aipom|0 fnt
|-damage|p2a: Drilbur|21\/23|[from] item: Life Orb
|faint|p1a: Aipom
|
|-weather|Sandstorm|[upkeep]
|upkeep
|choice|switch 5|
|
|switch|p1a: Pansage|Pansage, L5, F|21\/21
|turn|4
|c|★BoBoOu|!weakness grass
|html|<div class="infobox">Grass:<br \/><span class="message-effect-weak">Weaknesses<\/span>: Bug, Fire, Flying, Ice, Poison<br \/><span class="message-effect-resist">Resistances<\/span>: Electric, Grass, Ground, Water<br \/><span class="message-effect-immune">Immunities<\/span>: <font color=#999999>None<\/font><\/div>
|c|★PengiRuler|!weakness brian ou
|html|<div class="infobox">brian ou isn't a recognized type or pokemon.<\/div>
|choice|move bulletseed|switch 3
|
|switch|p2a: Lileep|Lileep, L5, M|26\/26
|move|p1a: Pansage|Bullet Seed|p2a: Lileep
|-damage|p2a: Lileep|21\/26
|-damage|p2a: Lileep|17\/26
|-damage|p2a: Lileep|13\/26
|-crit|p2a: Lileep
|-damage|p2a: Lileep|8\/26
|-damage|p2a: Lileep|4\/26
|-hitcount|p2a: Lileep|5
|-damage|p1a: Pansage|19\/21|[from] item: Life Orb
|
|-weather|Sandstorm|[upkeep]
|-damage|p1a: Pansage|18\/21|[from] sandstorm
|upkeep
|turn|5
|choice|move lowsweep|move protect
|
|move|p2a: Lileep|Protect|p2a: Lileep
|-singleturn|p2a: Lileep|Protect
|move|p1a: Pansage|Low Sweep|p2a: Lileep
|-activate|p2a: Lileep|move: Protect
|
|-weather|none
|upkeep
|turn|6
|choice|move knockoff|switch 4
|
|switch|p2a: Hippopotas|Hippopotas, L5, M|23\/23
|-weather|Sandstorm|[from] ability: Sand Stream|[of] p2a: Hippopotas
|move|p1a: Pansage|Knock Off|p2a: Hippopotas
|-damage|p2a: Hippopotas|17\/23
|-enditem|p2a: Hippopotas|Eviolite|[from] move: Knock Off|[of] p1a: Pansage
|-damage|p1a: Pansage|16\/21|[from] item: Life Orb
|
|-weather|Sandstorm|[upkeep]
|-damage|p1a: Pansage|15\/21|[from] sandstorm
|upkeep
|turn|7
|choice|move bulletseed|switch 3
|
|switch|p2a: Drilbur|Drilbur, L5, M|21\/23
|move|p1a: Pansage|Bullet Seed|p2a: Drilbur
|-supereffective|p2a: Drilbur
|-damage|p2a: Drilbur|5\/23
|-supereffective|p2a: Drilbur
|-damage|p2a: Drilbur|0 fnt
|-hitcount|p2a: Drilbur|2
|-damage|p1a: Pansage|13\/21|[from] item: Life Orb
|faint|p2a: Drilbur
|
|-weather|Sandstorm|[upkeep]
|-damage|p1a: Pansage|12\/21|[from] sandstorm
|upkeep
|choice||switch 5
|
|switch|p2a: Magnemite|Magnemite, L5|19\/19
|turn|8
|c|★PengiRuler|!weakness magnemite
|html|<div class="infobox">Magnemite (ignoring abilities):<br \/><span class="message-effect-weak">Weaknesses<\/span>: Fighting, Fire, <b>Ground<\/b><br \/><span class="message-effect-resist">Resistances<\/span>: Bug, Dragon, Electric, Fairy, <b>Flying<\/b>, Grass, Ice, Normal, Psychic, Rock, <b>Steel<\/b><br \/><span class="message-effect-immune">Immunities<\/span>: Poison<\/div>
|choice|move lowsweep|move thunderbolt
|
|move|p1a: Pansage|Low Sweep|p2a: Magnemite
|-supereffective|p2a: Magnemite
|-damage|p2a: Magnemite|3\/19
|-unboost|p2a: Magnemite|spe|1
|-damage|p1a: Pansage|10\/21|[from] item: Life Orb
|move|p2a: Magnemite|Thunderbolt|p1a: Pansage
|-resisted|p1a: Pansage
|-damage|p1a: Pansage|2\/21
|
|-weather|Sandstorm|[upkeep]
|-damage|p1a: Pansage|1\/21|[from] sandstorm
|upkeep
|turn|9
|choice|move knockoff|switch 3
|
|switch|p2a: Hippopotas|Hippopotas, L5, M|17\/23
|move|p1a: Pansage|Knock Off|p2a: Hippopotas
|-damage|p2a: Hippopotas|11\/23
|-damage|p1a: Pansage|0 fnt|[from] item: Life Orb
|faint|p1a: Pansage
|
|-weather|Sandstorm|[upkeep]
|upkeep
|choice|switch 2|
|
|switch|p1a: Mankey|Mankey, L5, F|21\/21
|turn|10
|choice|move closecombat|switch 6
|
|switch|p2a: Tirtouga|Tirtouga, L5, M|21\/21
|move|p1a: Mankey|Close Combat|p2a: Tirtouga
|-supereffective|p2a: Tirtouga
|-ability|p2a: Tirtouga|Sturdy
|-damage|p2a: Tirtouga|1\/21
|-unboost|p1a: Mankey|def|1
|-unboost|p1a: Mankey|spd|1
|-enditem|p2a: Tirtouga|Berry Juice
|-heal|p2a: Tirtouga|21\/21|[from] item: Berry Juice
|
|-weather|none
|upkeep
|turn|11
|choice|move closecombat|move zenheadbutt
|
|move|p1a: Mankey|Close Combat|p2a: Tirtouga
|-supereffective|p2a: Tirtouga
|-ability|p2a: Tirtouga|Sturdy
|-damage|p2a: Tirtouga|1\/21
|-unboost|p1a: Mankey|def|1
|-unboost|p1a: Mankey|spd|1
|move|p2a: Tirtouga|Zen Headbutt|p1a: Mankey
|-supereffective|p1a: Mankey
|-damage|p1a: Mankey|0 fnt
|faint|p1a: Mankey
|
|upkeep
|choice|switch 4|
|
|switch|p1a: Panpour|Panpour, L5, M|22\/22
|turn|12
|choice|move nastyplot|move aquajet
|
|move|p2a: Tirtouga|Aqua Jet|p1a: Panpour
|-resisted|p1a: Panpour
|-damage|p1a: Panpour|19\/22
|move|p1a: Panpour|Nasty Plot|p1a: Panpour
|-boost|p1a: Panpour|spa|2
|
|upkeep
|turn|13
|choice|move icebeam|switch 6
|
|switch|p2a: Hippopotas|Hippopotas, L5, M|11\/23
|-weather|Sandstorm|[from] ability: Sand Stream|[of] p2a: Hippopotas
|move|p1a: Panpour|Ice Beam|p2a: Hippopotas
|-supereffective|p2a: Hippopotas
|-damage|p2a: Hippopotas|0 fnt
|faint|p2a: Hippopotas
|
|-weather|Sandstorm|[upkeep]
|-damage|p1a: Panpour|18\/22|[from] sandstorm
|upkeep
|choice||switch 3
|
|switch|p2a: Magnemite|Magnemite, L5|3\/19
|turn|14
|choice|move icebeam|move voltswitch
|
|move|p1a: Panpour|Ice Beam|p2a: Magnemite
|-resisted|p2a: Magnemite
|-damage|p2a: Magnemite|0 fnt
|faint|p2a: Magnemite
|
|-weather|Sandstorm|[upkeep]
|-damage|p1a: Panpour|17\/22|[from] sandstorm
|upkeep
|choice||switch 6
|
|switch|p2a: Tirtouga|Tirtouga, L5, M|1\/21
|turn|15
|choice|move hiddenpower|move aquajet
|
|move|p2a: Tirtouga|Aqua Jet|p1a: Panpour
|-resisted|p1a: Panpour
|-damage|p1a: Panpour|14\/22
|move|p1a: Panpour|Hidden Power|p2a: Tirtouga
|-supereffective|p2a: Tirtouga
|-damage|p2a: Tirtouga|0 fnt
|faint|p2a: Tirtouga
|
|-weather|Sandstorm|[upkeep]
|-damage|p1a: Panpour|13\/22|[from] sandstorm
|upkeep
|choice||switch 4
|
|switch|p2a: Lileep|Lileep, L5, M|4\/26
|turn|16
|choice|move icebeam|move recover
|
|move|p1a: Panpour|Ice Beam|p2a: Lileep
|-supereffective|p2a: Lileep
|-damage|p2a: Lileep|0 fnt
|faint|p2a: Lileep
|
|win|PengiRuler
|player|p1
|player|p2
|l|BoBoOu</script>
</div>
<div class="battle-log battle-log-inline"><div class="inner"><div class="battle-options"></div><div class="inner"><div class="chat"><small>PengiRuler joined.</small></div><div class="chat"><small>BoBoOu joined.</small></div><div class=""><small>Format:</small> <br><strong>LC</strong></div><div class=""><small><em>Sleep Clause Mod:</em> Limit one foe put to sleep</small></div><div class=""><small><em>Species Clause:</em> Limit one of each Pokémon</small></div><div class=""><small><em>OHKO Clause:</em> OHKO moves are banned</small></div><div class=""><small><em>Moody Clause:</em> Moody is banned</small></div><div class=""><small><em>Evasion Moves Clause:</em> Evasion moves are banned</small></div><div class=""><small><em>Endless Battle Clause:</em> Forcing endless battles is banned</small></div><div class=""><small><em>HP Percentage Mod:</em> HP is shown in percentages</small></div><div class="chat battle-history"><strong>PengiRuler's team:</strong> <em style="color:#445566;display:block;">Aipom / Mankey / Darumaka / Panpour / Pansage / Chimchar</em></div><div class="chat battle-history"><strong>BoBoOu's team:</strong> <em style="color:#445566;display:block;">Hippopotas / Drilbur / Lileep / Ferroseed / Magnemite / Tirtouga</em></div><div class="spacer battle-history"><br></div><div class="battle-history">Battle started between PengiRuler and BoBoOu!<br></div><div class="spacer battle-history"><br></div><div class="battle-history">Go! <strong>Aipom</strong>!<br></div><div class="spacer battle-history"><br></div><div class="battle-history">BoBoOu sent out <strong>Hippopotas</strong>!<br></div><div class="battle-history"><small>[The opposing Hippopotas's Sand Stream]</small><br><small>A sandstorm kicked up!</small><br></div><div class="spacer battle-history"><br></div><h2 class="battle-history">Turn 1</h2><div class="spacer battle-history"><br></div><div class="battle-history">BoBoOu withdrew Hippopotas!<br></div><div class="battle-history">BoBoOu sent out <strong>Ferroseed</strong>!<br></div><div class="spacer battle-history"><br></div><div class="battle-history">Aipom used <strong>Seed Bomb</strong>!<br></div><div class="battle-history"><small>It's not very effective...</small><br></div><div class="battle-history"><small>(The opposing Ferroseed lost <abbr title="−1/21">4.8%</abbr> of its health!)</small><br></div><div class="battle-history"><small>Aipom lost some of its HP!</small><br></div><div class="spacer battle-history"><br></div><div class="battle-history"><small>The sandstorm is raging.</small><br></div><div class="battle-history"><small>Aipom is buffeted by the sandstorm!</small><br></div><div class="spacer battle-history"><br></div><h2 class="battle-history">Turn 2</h2><div class="spacer battle-history"><br></div><div class="battle-history">Aipom used <strong>Fire Punch</strong>!<br></div><div class="battle-history"><small>It's super effective!</small><br></div><div class="battle-history"><small>(The opposing Ferroseed lost <abbr title="−20/21">95.2%</abbr> of its health!)</small><br></div><div class="battle-history"><small>[The opposing Ferroseed's Iron Barbs]</small><br><small>Aipom was hurt!</small><br></div><div class="battle-history"><small>Aipom lost some of its HP!</small><br></div><div class="spacer battle-history"><br></div><div class="battle-history">The opposing Ferroseed fainted!<br></div><div class="spacer battle-history"><br></div><div class="battle-history"><small>The sandstorm is raging.</small><br></div><div class="battle-history"><small>Aipom is buffeted by the sandstorm!</small><br></div><div class="spacer battle-history"><br></div><div class="battle-history">BoBoOu sent out <strong>Drilbur</strong>!<br></div><div class="spacer battle-history"><br></div><h2 class="battle-history">Turn 3</h2><div class="spacer battle-history"><br></div><div class="battle-history">The opposing Drilbur used <strong>Brick Break</strong>!<br></div><div class="battle-history"><small>It's super effective!</small><br></div><div class="battle-history"><small>(Aipom lost <abbr title="−15/23">65.2%</abbr> of its health!)</small><br></div><div class="battle-history"><small>The opposing Drilbur lost some of its HP!</small><br></div><div class="spacer battle-history"><br></div><div class="battle-history">Aipom fainted!<br></div><div class="spacer battle-history"><br></div><div class="battle-history"><small>The sandstorm is raging.</small><br></div><div class="spacer battle-history"><br></div><div class="battle-history">Go! <strong>Pansage</strong>!<br></div><div class="spacer battle-history"><br></div><h2 class="battle-history">Turn 4</h2><div class="chat chatmessage-boboou"><strong style="color:hsl(142,50%,32%)"><small>★</small><span class="username" data-name="BoBoOu">BoBoOu</span>:</strong> <em>!weakness grass</em></div><div class="chat"><div class="infobox">Grass:<br><span class="message-effect-weak">Weaknesses</span>: Bug, Fire, Flying, Ice, Poison<br><span class="message-effect-resist">Resistances</span>: Electric, Grass, Ground, Water<br><span class="message-effect-immune">Immunities</span>: <font color="#999999">None</font></div></div><div class="chat chatmessage-pengiruler"><strong style="color:hsl(116,47%,44%)"><small>★</small><span class="username" data-name="PengiRuler">PengiRuler</span>:</strong> <em>!weakness brian ou</em></div><div class="chat"><div class="infobox">brian ou isn't a recognized type or pokemon.</div></div><div class="spacer battle-history"><br></div><div class="battle-history">BoBoOu withdrew Drilbur!<br></div><div class="battle-history">BoBoOu sent out <strong>Lileep</strong>!<br></div><div class="spacer battle-history"><br></div><div class="battle-history">Pansage used <strong>Bullet Seed</strong>!<br></div><div class="battle-history"><small>(The opposing Lileep lost <abbr title="−5/26">19.2%</abbr> of its health!)</small><br></div><div class="battle-history"><small>(The opposing Lileep lost <abbr title="−4/26">15.4%</abbr> of its health!)</small><br></div><div class="battle-history"><small>(The opposing Lileep lost <abbr title="−4/26">15.4%</abbr> of its health!)</small><br></div><div class="battle-history"><small>A critical hit!</small><br></div><div class="battle-history"><small>(The opposing Lileep lost <abbr title="−5/26">19.2%</abbr> of its health!)</small><br></div><div class="battle-history"><small>(The opposing Lileep lost <abbr title="−4/26">15.4%</abbr> of its health!)</small><br></div><div class="battle-history"><small>Hit 5 times!</small><br></div><div class="battle-history"><small>Pansage lost some of its HP!</small><br></div><div class="spacer battle-history"><br></div><div class="battle-history"><small>The sandstorm is raging.</small><br></div><div class="battle-history"><small>Pansage is buffeted by the sandstorm!</small><br></div><div class="spacer battle-history"><br></div><h2 class="battle-history">Turn 5</h2><div class="spacer battle-history"><br></div><div class="battle-history">The opposing Lileep used <strong>Protect</strong>!<br></div><div class="battle-history"><small>The opposing Lileep protected itself!</small><br></div><div class="spacer battle-history"><br></div><div class="battle-history">Pansage used <strong>Low Sweep</strong>!<br></div><div class="battle-history"><small>The opposing Lileep protected itself!</small><br></div><div class="spacer battle-history"><br></div><div class="battle-history"><small>The sandstorm subsided.</small><br></div><div class="spacer battle-history"><br></div><h2 class="battle-history">Turn 6</h2><div class="spacer battle-history"><br></div><div class="battle-history">BoBoOu withdrew Lileep!<br></div><div class="battle-history">BoBoOu sent out <strong>Hippopotas</strong>!<br></div><div class="battle-history"><small>[The opposing Hippopotas's Sand Stream]</small><br><small>A sandstorm kicked up!</small><br></div><div class="spacer battle-history"><br></div><div class="battle-history">Pansage used <strong>Knock Off</strong>!<br></div><div class="battle-history"><small>(The opposing Hippopotas lost <abbr title="−6/23">26.1%</abbr> of its health!)</small><br></div><div class="battle-history"><small>Pansage knocked off the opposing Hippopotas's Eviolite!</small><br></div><div class="battle-history"><small>Pansage lost some of its HP!</small><br></div><div class="spacer battle-history"><br></div><div class="battle-history"><small>The sandstorm is raging.</small><br></div><div class="battle-history"><small>Pansage is buffeted by the sandstorm!</small><br></div><div class="spacer battle-history"><br></div><h2 class="battle-history">Turn 7</h2><div class="spacer battle-history"><br></div><div class="battle-history">BoBoOu withdrew Hippopotas!<br></div><div class="battle-history">BoBoOu sent out <strong>Drilbur</strong>!<br></div><div class="spacer battle-history"><br></div><div class="battle-history">Pansage used <strong>Bullet Seed</strong>!<br></div><div class="battle-history"><small>It's super effective!</small><br></div><div class="battle-history"><small>(The opposing Drilbur lost <abbr title="−16/23">69.6%</abbr> of its health!)</small><br></div><div class="battle-history"><small>It's super effective!</small><br></div><div class="battle-history"><small>(The opposing Drilbur lost <abbr title="−5/23">21.7%</abbr> of its health!)</small><br></div><div class="battle-history"><small>Hit 2 times!</small><br></div><div class="battle-history"><small>Pansage lost some of its HP!</small><br></div><div class="spacer battle-history"><br></div><div class="battle-history">The opposing Drilbur fainted!<br></div><div class="spacer battle-history"><br></div><div class="battle-history"><small>The sandstorm is raging.</small><br></div><div class="battle-history"><small>Pansage is buffeted by the sandstorm!</small><br></div><div class="spacer battle-history"><br></div><div class="battle-history">BoBoOu sent out <strong>Magnemite</strong>!<br></div><div class="spacer battle-history"><br></div><h2 class="battle-history">Turn 8</h2><div class="chat chatmessage-pengiruler"><strong style="color:hsl(116,47%,44%)"><small>★</small><span class="username" data-name="PengiRuler">PengiRuler</span>:</strong> <em>!weakness magnemite</em></div><div class="chat"><div class="infobox">Magnemite (ignoring abilities):<br><span class="message-effect-weak">Weaknesses</span>: Fighting, Fire, <b>Ground</b><br><span class="message-effect-resist">Resistances</span>: Bug, Dragon, Electric, Fairy, <b>Flying</b>, Grass, Ice, Normal, Psychic, Rock, <b>Steel</b><br><span class="message-effect-immune">Immunities</span>: Poison</div></div><div class="spacer battle-history"><br></div><div class="battle-history">Pansage used <strong>Low Sweep</strong>!<br></div><div class="battle-history"><small>It's super effective!</small><br></div><div class="battle-history"><small>(The opposing Magnemite lost <abbr title="−16/19">84.2%</abbr> of its health!)</small><br></div><div class="battle-history"><small>The opposing Magnemite's Speed fell!</small><br></div><div class="battle-history"><small>Pansage lost some of its HP!</small><br></div><div class="spacer battle-history"><br></div><div class="battle-history">The opposing Magnemite used <strong>Thunderbolt</strong>!<br></div><div class="battle-history"><small>It's not very effective...</small><br></div><div class="battle-history"><small>(Pansage lost <abbr title="−8/21">38.1%</abbr> of its health!)</small><br></div><div class="spacer battle-history"><br></div><div class="battle-history"><small>The sandstorm is raging.</small><br></div><div class="battle-history"><small>Pansage is buffeted by the sandstorm!</small><br></div><div class="spacer battle-history"><br></div><h2 class="battle-history">Turn 9</h2><div class="spacer battle-history"><br></div><div class="battle-history">BoBoOu withdrew Magnemite!<br></div><div class="battle-history">BoBoOu sent out <strong>Hippopotas</strong>!<br></div><div class="spacer battle-history"><br></div><div class="battle-history">Pansage used <strong>Knock Off</strong>!<br></div><div class="battle-history"><small>(The opposing Hippopotas lost <abbr title="−6/23">26.1%</abbr> of its health!)</small><br></div><div class="battle-history"><small>Pansage lost some of its HP!</small><br></div><div class="spacer battle-history"><br></div><div class="battle-history">Pansage fainted!<br></div><div class="spacer battle-history"><br></div><div class="battle-history"><small>The sandstorm is raging.</small><br></div><div class="spacer battle-history"><br></div><div class="battle-history">Go! <strong>Mankey</strong>!<br></div><div class="spacer battle-history"><br></div><h2 class="battle-history">Turn 10</h2><div class="spacer battle-history"><br></div><div class="battle-history">BoBoOu withdrew Hippopotas!<br></div><div class="battle-history">BoBoOu sent out <strong>Tirtouga</strong>!<br></div><div class="spacer battle-history"><br></div><div class="battle-history">Mankey used <strong>Close Combat</strong>!<br></div><div class="battle-history"><small>It's super effective!</small><br></div><div class="battle-history"><small>[The opposing Tirtouga's Sturdy]</small><br><small>The opposing Tirtouga endured the hit!</small><br></div><div class="battle-history"><small>(The opposing Tirtouga lost <abbr title="−20/21">95.2%</abbr> of its health!)</small><br></div><div class="battle-history"><small>Mankey's Defense fell!</small><br></div><div class="battle-history"><small>Mankey's Special Defense fell!</small><br></div><div class="battle-history"><small>(The opposing Tirtouga used its Berry Juice!)</small><br></div><div class="battle-history"><small>The opposing Tirtouga restored HP using its Berry Juice!</small><br></div><div class="spacer battle-history"><br></div><div class="battle-history"><small>The sandstorm subsided.</small><br></div><div class="spacer battle-history"><br></div><h2 class="battle-history">Turn 11</h2><div class="spacer battle-history"><br></div><div class="battle-history">Mankey used <strong>Close Combat</strong>!<br></div><div class="battle-history"><small>It's super effective!</small><br></div><div class="battle-history"><small>[The opposing Tirtouga's Sturdy]</small><br><small>The opposing Tirtouga endured the hit!</small><br></div><div class="battle-history"><small>(The opposing Tirtouga lost <abbr title="−20/21">95.2%</abbr> of its health!)</small><br></div><div class="battle-history"><small>Mankey's Defense fell!</small><br></div><div class="battle-history"><small>Mankey's Special Defense fell!</small><br></div><div class="spacer battle-history"><br></div><div class="battle-history">The opposing Tirtouga used <strong>Zen Headbutt</strong>!<br></div><div class="battle-history"><small>It's super effective!</small><br></div><div class="battle-history"><small>(Mankey lost <abbr title="−21/21">100%</abbr> of its health!)</small><br></div><div class="spacer battle-history"><br></div><div class="battle-history">Mankey fainted!<br></div><div class="spacer battle-history"><br></div><div class="battle-history">Go! <strong>Panpour</strong>!<br></div><div class="spacer battle-history"><br></div><h2 class="battle-history">Turn 12</h2><div class="spacer battle-history"><br></div><div class="battle-history">The opposing Tirtouga used <strong>Aqua Jet</strong>!<br></div><div class="battle-history"><small>It's not very effective...</small><br></div><div class="battle-history"><small>(Panpour lost <abbr title="−3/22">13.6%</abbr> of its health!)</small><br></div><div class="spacer battle-history"><br></div><div class="battle-history">Panpour used <strong>Nasty Plot</strong>!<br></div><div class="battle-history"><small>Panpour's Special Attack rose sharply!</small><br></div><div class="spacer battle-history"><br></div><h2 class="battle-history">Turn 13</h2><div class="spacer battle-history"><br></div><div class="battle-history">BoBoOu withdrew Tirtouga!<br></div><div class="battle-history">BoBoOu sent out <strong>Hippopotas</strong>!<br></div><div class="battle-history"><small>[The opposing Hippopotas's Sand Stream]</small><br><small>A sandstorm kicked up!</small><br></div><div class="spacer battle-history"><br></div><div class="battle-history">Panpour used <strong>Ice Beam</strong>!<br></div><div class="battle-history"><small>It's super effective!</small><br></div><div class="battle-history"><small>(The opposing Hippopotas lost <abbr title="−11/23">47.8%</abbr> of its health!)</small><br></div><div class="spacer battle-history"><br></div><div class="battle-history">The opposing Hippopotas fainted!<br></div><div class="spacer battle-history"><br></div><div class="battle-history"><small>The sandstorm is raging.</small><br></div><div class="battle-history"><small>Panpour is buffeted by the sandstorm!</small><br></div><div class="spacer battle-history"><br></div><div class="battle-history">BoBoOu sent out <strong>Magnemite</strong>!<br></div><div class="spacer battle-history"><br></div><h2 class="battle-history">Turn 14</h2><div class="spacer battle-history"><br></div><div class="battle-history">Panpour used <strong>Ice Beam</strong>!<br></div><div class="battle-history"><small>It's not very effective...</small><br></div><div class="battle-history"><small>(The opposing Magnemite lost <abbr title="−3/19">15.8%</abbr> of its health!)</small><br></div><div class="spacer battle-history"><br></div><div class="battle-history">The opposing Magnemite fainted!<br></div><div class="spacer battle-history"><br></div><div class="battle-history"><small>The sandstorm is raging.</small><br></div><div class="battle-history"><small>Panpour is buffeted by the sandstorm!</small><br></div><div class="spacer battle-history"><br></div><div class="battle-history">BoBoOu sent out <strong>Tirtouga</strong>!<br></div><div class="spacer battle-history"><br></div><h2 class="battle-history">Turn 15</h2><div class="spacer battle-history"><br></div><div class="battle-history">The opposing Tirtouga used <strong>Aqua Jet</strong>!<br></div><div class="battle-history"><small>It's not very effective...</small><br></div><div class="battle-history"><small>(Panpour lost <abbr title="−3/22">13.6%</abbr> of its health!)</small><br></div><div class="spacer battle-history"><br></div><div class="battle-history">Panpour used <strong>Hidden Power</strong>!<br></div><div class="battle-history"><small>It's super effective!</small><br></div><div class="battle-history"><small>(The opposing Tirtouga lost <abbr title="−1/21">4.8%</abbr> of its health!)</small><br></div><div class="spacer battle-history"><br></div><div class="battle-history">The opposing Tirtouga fainted!<br></div><div class="spacer battle-history"><br></div><div class="battle-history"><small>The sandstorm is raging.</small><br></div><div class="battle-history"><small>Panpour is buffeted by the sandstorm!</small><br></div><div class="spacer battle-history"><br></div><div class="battle-history">BoBoOu sent out <strong>Lileep</strong>!<br></div><div class="spacer battle-history"><br></div><h2 class="battle-history">Turn 16</h2><div class="spacer battle-history"><br></div><div class="battle-history">Panpour used <strong>Ice Beam</strong>!<br></div><div class="battle-history"><small>It's super effective!</small><br></div><div class="battle-history"><small>(The opposing Lileep lost <abbr title="−4/26">15.4%</abbr> of its health!)</small><br></div><div class="spacer battle-history"><br></div><div class="battle-history">The opposing Lileep fainted!<br></div><div class="spacer battle-history"><br></div><div class="battle-history"><strong>PengiRuler</strong> won the battle!<br></div><div class="chat"><small>BoBoOu left.</small></div></div><div class="inner-preempt"></div></div></div>
</div>
<script>
let daily = Math.floor(Date.now()/1000/60/60/24);document.write('<script src="https://play.pokemonshowdown.com/js/replay-embed.js?version'+daily+'"></'+'script>');
</script>
