<!DOCTYPE html>
<meta charset="utf-8" />
<!-- version 1 -->
<title>LC replay: Spirit's Ghost vs. KWG08C</title>
<style>
html,body {font-family:Verdana, sans-serif;font-size:10pt;margin:0;padding:0;}body{padding:12px 0;} .battle-log {font-family:Verdana, sans-serif;font-size:10pt;} .battle-log-inline {border:1px solid #AAAAAA;background:#EEF2F5;color:black;max-width:640px;margin:0 auto 80px;padding-bottom:5px;} .battle-log .inner {padding:4px 8px 0px 8px;} .battle-log .inner-preempt {padding:0 8px 4px 8px;} .battle-log .inner-after {margin-top:0.5em;} .battle-log h2 {margin:0.5em -8px;padding:4px 8px;border:1px solid #AAAAAA;background:#E0E7EA;border-left:0;border-right:0;font-family:Verdana, sans-serif;font-size:13pt;} .battle-log .chat {vertical-align:middle;padding:3px 0 3px 0;font-size:8pt;} .battle-log .chat strong {color:#40576A;} .battle-log .chat em {padding:1px 4px 1px 3px;color:#000000;font-style:normal;} .chat.mine {background:rgba(0,0,0,0.05);margin-left:-8px;margin-right:-8px;padding-left:8px;padding-right:8px;} .spoiler {color:#BBBBBB;background:#BBBBBB;padding:0px 3px;} .spoiler:hover, .spoiler:active, .spoiler-shown {color:#000000;background:#E2E2E2;padding:0px 3px;} .spoiler a {color:#BBBBBB;} .spoiler:hover a, .spoiler:active a, .spoiler-shown a {color:#2288CC;} .chat code, .chat .spoiler:hover code, .chat .spoiler:active code, .chat .spoiler-shown code {border:1px solid #C0C0C0;background:#EEEEEE;color:black;padding:0 2px;} .chat .spoiler code {border:1px solid #CCCCCC;background:#CCCCCC;color:#CCCCCC;} .battle-log .rated {padding:3px 4px;} .battle-log .rated strong {color:white;background:#89A;padding:1px 4px;border-radius:4px;} .spacer {margin-top:0.5em;} .message-announce {background:#6688AA;color:white;padding:1px 4px 2px;} .message-announce a, .broadcast-green a, .broadcast-blue a, .broadcast-red a {color:#DDEEFF;} .broadcast-green {background-color:#559955;color:white;padding:2px 4px;} .broadcast-blue {background-color:#6688AA;color:white;padding:2px 4px;} .infobox {border:1px solid #6688AA;padding:2px 4px;} .infobox-limited {max-height:200px;overflow:auto;overflow-x:hidden;} .broadcast-red {background-color:#AA5544;color:white;padding:2px 4px;} .message-learn-canlearn {font-weight:bold;color:#228822;text-decoration:underline;} .message-learn-cannotlearn {font-weight:bold;color:#CC2222;text-decoration:underline;} .message-effect-weak {font-weight:bold;color:#CC2222;} .message-effect-resist {font-weight:bold;color:#6688AA;} .message-effect-immune {font-weight:bold;color:#666666;} .message-learn-list {margin-top:0;margin-bottom:0;} .message-throttle-notice, .message-error {color:#992222;} .message-overflow, .chat small.message-overflow {font-size:0pt;} .message-overflow::before {font-size:9pt;content:'...';} .subtle {color:#3A4A66;}
</style>
<div class="wrapper replay-wrapper" style="max-width:1180px;margin:0 auto">
<input type="hidden" name="replayid" value="lc-522180645" />
<div class="battle"></div><div class="battle-log"></div><div class="replay-controls"></div><div class="replay-controls-2"></div>
<h1 style="font-weight:normal;text-align:center"><strong>LC</strong><br /><a href="http://pokemonshowdown.com/users/spiritsghost" class="subtle" target="_blank">Spirit's Ghost</a> vs. <a href="http://pokemonshowdown.com/users/kwg08c" class="subtle" target="_blank">KWG08C</a></h1>
<script type="text/plain" class="battle-log-data">|j|Spirit's Ghost
|j|KWG08C
|player|p1|Spirit's Ghost|274
|player|p2|KWG08C|170
|gametype|singles
|gen|6
|tier|LC
|seed|30164,58852,60338,58079
|clearpoke
|poke|p1|Mienfoo, L5, M, shiny|item
|poke|p1|Carvanha, L5, M|item
|poke|p1|Gothita, L5, F|item
|poke|p1|Cottonee, L5, M|item
|poke|p1|Archen, L5, M|item
|poke|p1|Stunky, L5, M|item
|poke|p2|Porygon, L5, shiny|item
|poke|p2|Klink, L5|item
|poke|p2|Magnemite, L5, shiny|item
|poke|p2|Beldum, L5, shiny|item
|poke|p2|Pawniard, L5, F, shiny|item
|poke|p2|Baltoy, L5|item
|rule|Sleep Clause Mod: Limit one foe put to sleep
|rule|Species Clause: Limit one of each Pokémon
|rule|OHKO Clause: OHKO moves are banned
|rule|Moody Clause: Moody is banned
|rule|Evasion Moves Clause: Evasion moves are banned
|rule|Endless Battle Clause: Forcing endless battles is banned
|rule|HP Percentage Mod: HP is shown in percentages
|teampreview
|choice|team 5, team 2, team 3, team 4, team 1, team 6|team 5, team 2, team 3, team 4, team 1, team 6
|
|start
|switch|p1a: Archen|Archen, L5, M|22\/22
|switch|p2a: PawnChessmon (Blac|Pawniard, L5, F, shiny|21\/21
|-ability|p2a: PawnChessmon (Blac|Pressure
|turn|1
|choice|move stealthrock|move ironhead
|
|move|p1a: Archen|Stealth Rock|p2a: PawnChessmon (Blac
|-sidestart|p2: KWG08C|move: Stealth Rock
|move|p2a: PawnChessmon (Blac|Iron Head|p1a: Archen
|-supereffective|p1a: Archen
|-damage|p1a: Archen|4\/22
|
|upkeep
|turn|2
|choice|move knockoff|move ironhead
|
|move|p1a: Archen|Knock Off|p2a: PawnChessmon (Blac
|-resisted|p2a: PawnChessmon (Blac
|-damage|p2a: PawnChessmon (Blac|19\/21
|-enditem|p2a: PawnChessmon (Blac|Assault Vest|[from] move: Knock Off|[of] p1a: Archen
|move|p2a: PawnChessmon (Blac|Iron Head|p1a: Archen
|-supereffective|p1a: Archen
|-damage|p1a: Archen|0 fnt
|faint|p1a: Archen
|
|upkeep
|choice|switch 5|
|
|switch|p1a: Mienfoo|Mienfoo, L5, M, shiny|23\/23
|turn|3
|choice|move swordsdance|switch 4
|
|switch|p2a: Bullet|Beldum, L5, shiny|20\/20
|-damage|p2a: Bullet|19\/20|[from] Stealth Rock
|move|p1a: Mienfoo|Swords Dance|p1a: Mienfoo
|-boost|p1a: Mienfoo|atk|2
|
|upkeep
|turn|4
|choice|move knockoff|move zenheadbutt
|
|move|p2a: Bullet|Zen Headbutt|p1a: Mienfoo
|-supereffective|p1a: Mienfoo
|-damage|p1a: Mienfoo|9\/23
|move|p1a: Mienfoo|Knock Off|p2a: Bullet
|-supereffective|p2a: Bullet
|-damage|p2a: Bullet|0 fnt
|-enditem|p2a: Bullet|Metal Coat|[from] move: Knock Off|[of] p1a: Mienfoo
|faint|p2a: Bullet
|
|upkeep
|choice||switch 6
|
|switch|p2a: Galt|Baltoy, L5|20\/20
|-damage|p2a: Galt|19\/20|[from] Stealth Rock
|turn|5
|choice|move knockoff|move dazzlinggleam
|
|move|p2a: Galt|Dazzling Gleam|p1a: Mienfoo
|-supereffective|p1a: Mienfoo
|-damage|p1a: Mienfoo|1\/23
|move|p1a: Mienfoo|Knock Off|p2a: Galt
|-supereffective|p2a: Galt
|-damage|p2a: Galt|0 fnt
|-enditem|p2a: Galt|Normal Gem|[from] move: Knock Off|[of] p1a: Mienfoo
|faint|p2a: Galt
|
|upkeep
|choice||switch 2
|
|switch|p2a: Ko Hagurumon|Klink, L5|20\/20
|-damage|p2a: Ko Hagurumon|19\/20|[from] Stealth Rock
|turn|6
|choice|move drainpunch|move flashcannon
|
|move|p2a: Ko Hagurumon|Flash Cannon|p1a: Mienfoo
|-crit|p1a: Mienfoo
|-damage|p1a: Mienfoo|0 fnt
|faint|p1a: Mienfoo
|
|upkeep
|choice|switch 6|
|
|switch|p1a: Stunky|Stunky, L5, M|23\/23
|turn|7
|choice|move fireblast|move hiddenpower
|
|move|p1a: Stunky|Fire Blast|p2a: Ko Hagurumon|[miss]
|-miss|p1a: Stunky|p2a: Ko Hagurumon
|move|p2a: Ko Hagurumon|Hidden Power|p1a: Stunky
|-supereffective|p1a: Stunky
|-damage|p1a: Stunky|15\/23
|
|upkeep
|turn|8
|choice|move fireblast|switch 5
|
|switch|p2a: Mini-Gon|Porygon, L5, shiny|23\/23
|-damage|p2a: Mini-Gon|21\/23|[from] Stealth Rock
|move|p1a: Stunky|Fire Blast|p2a: Mini-Gon
|-damage|p2a: Mini-Gon|14\/23
|
|upkeep
|turn|9
|choice|switch 4|move signalbeam
|
|switch|p1a: Cottonee|Cottonee, L5, M|22\/22
|move|p2a: Mini-Gon|Signal Beam|p1a: Cottonee
|-damage|p1a: Cottonee|14\/22
|
|upkeep
|turn|10
|choice|move knockoff|move icebeam
|
|move|p1a: Cottonee|Knock Off|p2a: Mini-Gon
|-damage|p2a: Mini-Gon|9\/23
|-damage|p1a: Cottonee|11\/22|[from] item: Rocky Helmet|[of] p2a: Mini-Gon
|-enditem|p2a: Mini-Gon|Rocky Helmet|[from] move: Knock Off|[of] p1a: Cottonee
|move|p2a: Mini-Gon|Ice Beam|p1a: Cottonee
|-supereffective|p1a: Cottonee
|-damage|p1a: Cottonee|0 fnt
|faint|p1a: Cottonee
|
|upkeep
|choice|switch 4|
|
|switch|p1a: Stunky|Stunky, L5, M|15\/23
|turn|11
|choice|move pursuit|move icebeam
|
|move|p1a: Stunky|Pursuit|p2a: Mini-Gon
|-damage|p2a: Mini-Gon|3\/23
|move|p2a: Mini-Gon|Ice Beam|p1a: Stunky
|-crit|p1a: Stunky
|-damage|p1a: Stunky|0 fnt
|faint|p1a: Stunky
|
|upkeep
|choice|switch 2|
|
|switch|p1a: Carvanha|Carvanha, L5, M|19\/19
|turn|12
|choice|move crunch|move signalbeam
|
|move|p1a: Carvanha|Crunch|p2a: Mini-Gon
|-damage|p2a: Mini-Gon|0 fnt
|-damage|p1a: Carvanha|18\/19|[from] item: Life Orb
|faint|p2a: Mini-Gon
|
|-ability|p1a: Carvanha|Speed Boost|boost
|-boost|p1a: Carvanha|spe|1
|upkeep
|choice||switch 3
|
|switch|p2a: Giru|Magnemite, L5, shiny|19\/19
|-damage|p2a: Giru|18\/19|[from] Stealth Rock
|turn|13
|choice|move protect|move substitute
|
|move|p1a: Carvanha|Protect|p1a: Carvanha
|-singleturn|p1a: Carvanha|Protect
|move|p2a: Giru|Substitute|p2a: Giru
|-start|p2a: Giru|Substitute
|-damage|p2a: Giru|14\/19
|
|-ability|p1a: Carvanha|Speed Boost|boost
|-boost|p1a: Carvanha|spe|1
|upkeep
|turn|14
|choice|move waterfall|move thunderbolt
|
|move|p1a: Carvanha|Waterfall|p2a: Giru
|-end|p2a: Giru|Substitute
|-damage|p1a: Carvanha|17\/19|[from] item: Life Orb
|move|p2a: Giru|Thunderbolt|p1a: Carvanha
|-supereffective|p1a: Carvanha
|-damage|p1a: Carvanha|0 fnt
|faint|p1a: Carvanha
|
|upkeep
|choice|switch 3|
|
|switch|p1a: Gothita|Gothita, L5, F|21\/21
|turn|15
|choice|move trick|move flashcannon
|
|move|p1a: Gothita|Trick|p2a: Giru
|-activate|p1a: Gothita|move: Trick|[of] p2a: Giru
|-item|p2a: Giru|Choice Scarf|[from] move: Trick
|-item|p1a: Gothita|Berry Juice|[from] move: Trick
|move|p2a: Giru|Flash Cannon|p1a: Gothita
|-damage|p1a: Gothita|5\/21
|-unboost|p1a: Gothita|spd|1
|-enditem|p1a: Gothita|Berry Juice
|-heal|p1a: Gothita|21\/21|[from] item: Berry Juice
|
|upkeep
|turn|16
|choice|move psychic|move flashcannon
|
|move|p2a: Giru|Flash Cannon|p1a: Gothita
|-damage|p1a: Gothita|0 fnt
|faint|p1a: Gothita
|
|win|KWG08C
|player|p1
|player|p2
|l|Spirit's Ghost</script>
</div>
<div class="battle-log battle-log-inline"><div class="inner"><div class="battle-options"></div><div class="inner"><div class="chat"><small>Spirit's Ghost joined.</small></div><div class="chat"><small>KWG08C joined.</small></div><div class=""><small>Format:</small> <br><strong>LC</strong></div><div class=""><small><em>Sleep Clause Mod:</em> Limit one foe put to sleep</small></div><div class=""><small><em>Species Clause:</em> Limit one of each Pokémon</small></div><div class=""><small><em>OHKO Clause:</em> OHKO moves are banned</small></div><div class=""><small><em>Moody Clause:</em> Moody is banned</small></div><div class=""><small><em>Evasion Moves Clause:</em> Evasion moves are banned</small></div><div class=""><small><em>Endless Battle Clause:</em> Forcing endless battles is banned</small></div><div class=""><small><em>HP Percentage Mod:</em> HP is shown in percentages</small></div><div class="chat battle-history"><strong>Spirit's Ghost's team:</strong> <em style="color:#445566;display:block;">Mienfoo / Carvanha / Gothita / Cottonee / Archen / Stunky</em></div><div class="chat battle-history"><strong>KWG08C's team:</strong> <em style="color:#445566;display:block;">Porygon / Klink / Magnemite / Beldum / Pawniard / Baltoy</em></div><div class="spacer battle-history"><br></div><div class="battle-history">Battle started between Spirit's Ghost and KWG08C!<br></div><div class="spacer battle-history"><br></div><div class="battle-history">Go! <strong>Archen</strong>!<br></div><div class="spacer battle-history"><br></div><div class="battle-history">KWG08C sent out PawnChessmon (Blac (<strong>Pawniard</strong>)!<br></div><div class="battle-history"><small>[The opposing PawnChessmon (Blac's Pressure]</small><br><small>The opposing PawnChessmon (Blac is exerting its pressure!</small><br></div><div class="spacer battle-history"><br></div><h2 class="battle-history">Turn 1</h2><div class="spacer battle-history"><br></div><div class="battle-history">Archen used <strong>Stealth Rock</strong>!<br></div><div class="battle-history"><small>Pointed stones float in the air around the opposing team!</small><br></div><div class="spacer battle-history"><br></div><div class="battle-history">The opposing PawnChessmon (Blac used <strong>Iron Head</strong>!<br></div><div class="battle-history"><small>It's super effective!</small><br></div><div class="battle-history"><small>(Archen lost <abbr title="−18/22">81.8%</abbr> of its health!)</small><br></div><div class="spacer battle-history"><br></div><h2 class="battle-history">Turn 2</h2><div class="spacer battle-history"><br></div><div class="battle-history">Archen used <strong>Knock Off</strong>!<br></div><div class="battle-history"><small>It's not very effective...</small><br></div><div class="battle-history"><small>(The opposing PawnChessmon (Blac lost <abbr title="−2/21">9.5%</abbr> of its health!)</small><br></div><div class="battle-history"><small>Archen knocked off the opposing PawnChessmon (Blac's Assault Vest!</small><br></div><div class="spacer battle-history"><br></div><div class="battle-history">The opposing PawnChessmon (Blac used <strong>Iron Head</strong>!<br></div><div class="battle-history"><small>It's super effective!</small><br></div><div class="battle-history"><small>(Archen lost <abbr title="−4/22">18.2%</abbr> of its health!)</small><br></div><div class="spacer battle-history"><br></div><div class="battle-history">Archen fainted!<br></div><div class="spacer battle-history"><br></div><div class="battle-history">Go! <strong>Mienfoo</strong>!<br></div><div class="spacer battle-history"><br></div><h2 class="battle-history">Turn 3</h2><div class="spacer battle-history"><br></div><div class="battle-history">KWG08C withdrew PawnChessmon (Blac!<br></div><div class="battle-history">KWG08C sent out Bullet (<strong>Beldum</strong>)!<br></div><div class="battle-history"><small>Pointed stones dug into the opposing Bullet!</small><br></div><div class="spacer battle-history"><br></div><div class="battle-history">Mienfoo used <strong>Swords Dance</strong>!<br></div><div class="battle-history"><small>Mienfoo's Attack rose sharply!</small><br></div><div class="spacer battle-history"><br></div><h2 class="battle-history">Turn 4</h2><div class="spacer battle-history"><br></div><div class="battle-history">The opposing Bullet used <strong>Zen Headbutt</strong>!<br></div><div class="battle-history"><small>It's super effective!</small><br></div><div class="battle-history"><small>(Mienfoo lost <abbr title="−14/23">60.9%</abbr> of its health!)</small><br></div><div class="spacer battle-history"><br></div><div class="battle-history">Mienfoo used <strong>Knock Off</strong>!<br></div><div class="battle-history"><small>It's super effective!</small><br></div><div class="battle-history"><small>(The opposing Bullet lost <abbr title="−19/20">95%</abbr> of its health!)</small><br></div><div class="battle-history"><small>Mienfoo knocked off the opposing Bullet's Metal Coat!</small><br></div><div class="spacer battle-history"><br></div><div class="battle-history">The opposing Bullet fainted!<br></div><div class="spacer battle-history"><br></div><div class="battle-history">KWG08C sent out Galt (<strong>Baltoy</strong>)!<br></div><div class="battle-history"><small>Pointed stones dug into the opposing Galt!</small><br></div><div class="spacer battle-history"><br></div><h2 class="battle-history">Turn 5</h2><div class="spacer battle-history"><br></div><div class="battle-history">The opposing Galt used <strong>Dazzling Gleam</strong>!<br></div><div class="battle-history"><small>It's super effective!</small><br></div><div class="battle-history"><small>(Mienfoo lost <abbr title="−8/23">34.8%</abbr> of its health!)</small><br></div><div class="spacer battle-history"><br></div><div class="battle-history">Mienfoo used <strong>Knock Off</strong>!<br></div><div class="battle-history"><small>It's super effective!</small><br></div><div class="battle-history"><small>(The opposing Galt lost <abbr title="−19/20">95%</abbr> of its health!)</small><br></div><div class="battle-history"><small>Mienfoo knocked off the opposing Galt's Normal Gem!</small><br></div><div class="spacer battle-history"><br></div><div class="battle-history">The opposing Galt fainted!<br></div><div class="spacer battle-history"><br></div><div class="battle-history">KWG08C sent out Ko Hagurumon (<strong>Klink</strong>)!<br></div><div class="battle-history"><small>Pointed stones dug into the opposing Ko Hagurumon!</small><br></div><div class="spacer battle-history"><br></div><h2 class="battle-history">Turn 6</h2><div class="spacer battle-history"><br></div><div class="battle-history">The opposing Ko Hagurumon used <strong>Flash Cannon</strong>!<br></div><div class="battle-history"><small>A critical hit!</small><br></div><div class="battle-history"><small>(Mienfoo lost <abbr title="−1/23">4.3%</abbr> of its health!)</small><br></div><div class="spacer battle-history"><br></div><div class="battle-history">Mienfoo fainted!<br></div><div class="spacer battle-history"><br></div><div class="battle-history">Go! <strong>Stunky</strong>!<br></div><div class="spacer battle-history"><br></div><h2 class="battle-history">Turn 7</h2><div class="spacer battle-history"><br></div><div class="battle-history">Stunky used <strong>Fire Blast</strong>!<br></div><div class="battle-history"><small>The opposing Ko Hagurumon avoided the attack!</small><br></div><div class="spacer battle-history"><br></div><div class="battle-history">The opposing Ko Hagurumon used <strong>Hidden Power</strong>!<br></div><div class="battle-history"><small>It's super effective!</small><br></div><div class="battle-history"><small>(Stunky lost <abbr title="−8/23">34.8%</abbr> of its health!)</small><br></div><div class="spacer battle-history"><br></div><h2 class="battle-history">Turn 8</h2><div class="spacer battle-history"><br></div><div class="battle-history">KWG08C withdrew Ko Hagurumon!<br></div><div class="battle-history">KWG08C sent out Mini-Gon (<strong>Porygon</strong>)!<br></div><div class="battle-history"><small>Pointed stones dug into the opposing Mini-Gon!</small><br></div><div class="spacer battle-history"><br></div><div class="battle-history">Stunky used <strong>Fire Blast</strong>!<br></div><div class="battle-history"><small>(The opposing Mini-Gon lost <abbr title="−7/23">30.4%</abbr> of its health!)</small><br></div><div class="spacer battle-history"><br></div><h2 class="battle-history">Turn 9</h2><div class="spacer battle-history"><br></div><div class="battle-history">Stunky, come back!<br></div><div class="battle-history">Go! <strong>Cottonee</strong>!<br></div><div class="spacer battle-history"><br></div><div class="battle-history">The opposing Mini-Gon used <strong>Signal Beam</strong>!<br></div><div class="battle-history"><small>(Cottonee lost <abbr title="−8/22">36.4%</abbr> of its health!)</small><br></div><div class="spacer battle-history"><br></div><h2 class="battle-history">Turn 10</h2><div class="spacer battle-history"><br></div><div class="battle-history">Cottonee used <strong>Knock Off</strong>!<br></div><div class="battle-history"><small>(The opposing Mini-Gon lost <abbr title="−5/23">21.7%</abbr> of its health!)</small><br></div><div class="battle-history"><small>Cottonee was hurt by the Rocky Helmet!</small><br></div><div class="battle-history"><small>Cottonee knocked off the opposing Mini-Gon's Rocky Helmet!</small><br></div><div class="spacer battle-history"><br></div><div class="battle-history">The opposing Mini-Gon used <strong>Ice Beam</strong>!<br></div><div class="battle-history"><small>It's super effective!</small><br></div><div class="battle-history"><small>(Cottonee lost <abbr title="−11/22">50%</abbr> of its health!)</small><br></div><div class="spacer battle-history"><br></div><div class="battle-history">Cottonee fainted!<br></div><div class="spacer battle-history"><br></div><div class="battle-history">Go! <strong>Stunky</strong>!<br></div><div class="spacer battle-history"><br></div><h2 class="battle-history">Turn 11</h2><div class="spacer battle-history"><br></div><div class="battle-history">Stunky used <strong>Pursuit</strong>!<br></div><div class="battle-history"><small>(The opposing Mini-Gon lost <abbr title="−6/23">26.1%</abbr> of its health!)</small><br></div><div class="spacer battle-history"><br></div><div class="battle-history">The opposing Mini-Gon used <strong>Ice Beam</strong>!<br></div><div class="battle-history"><small>A critical hit!</small><br></div><div class="battle-history"><small>(Stunky lost <abbr title="−15/23">65.2%</abbr> of its health!)</small><br></div><div class="spacer battle-history"><br></div><div class="battle-history">Stunky fainted!<br></div><div class="spacer battle-history"><br></div><div class="battle-history">Go! <strong>Carvanha</strong>!<br></div><div class="spacer battle-history"><br></div><h2 class="battle-history">Turn 12</h2><div class="spacer battle-history"><br></div><div class="battle-history">Carvanha used <strong>Crunch</strong>!<br></div><div class="battle-history"><small>(The opposing Mini-Gon lost <abbr title="−3/23">13.0%</abbr> of its health!)</small><br></div><div class="battle-history"><small>Carvanha lost some of its HP!</small><br></div><div class="spacer battle-history"><br></div><div class="battle-history">The opposing Mini-Gon fainted!<br></div><div class="spacer battle-history"><br></div><div class="battle-history"><small>[Carvanha's Speed Boost]</small><br></div><div class="battle-history"><small>Carvanha's Speed rose!</small><br></div><div class="spacer battle-history"><br></div><div class="battle-history">KWG08C sent out Giru (<strong>Magnemite</strong>)!<br></div><div class="battle-history"><small>Pointed stones dug into the opposing Giru!</small><br></div><div class="spacer battle-history"><br></div><h2 class="battle-history">Turn 13</h2><div class="spacer battle-history"><br></div><div class="battle-history">Carvanha used <strong>Protect</strong>!<br></div><div class="battle-history"><small>Carvanha protected itself!</small><br></div><div class="spacer battle-history"><br></div><div class="battle-history">The opposing Giru used <strong>Substitute</strong>!<br></div><div class="battle-history"><small>The opposing Giru put in a substitute!</small><br></div><div class="battle-history"><small>(The opposing Giru lost <abbr title="−4/19">21.1%</abbr> of its health!)</small><br></div><div class="spacer battle-history"><br></div><div class="battle-history"><small>[Carvanha's Speed Boost]</small><br></div><div class="battle-history"><small>Carvanha's Speed rose!</small><br></div><div class="spacer battle-history"><br></div><h2 class="battle-history">Turn 14</h2><div class="spacer battle-history"><br></div><div class="battle-history">Carvanha used <strong>Waterfall</strong>!<br></div><div class="battle-history"><small>The opposing Giru's substitute faded!</small><br></div><div class="battle-history"><small>Carvanha lost some of its HP!</small><br></div><div class="spacer battle-history"><br></div><div class="battle-history">The opposing Giru used <strong>Thunderbolt</strong>!<br></div><div class="battle-history"><small>It's super effective!</small><br></div><div class="battle-history"><small>(Carvanha lost <abbr title="−17/19">89.5%</abbr> of its health!)</small><br></div><div class="spacer battle-history"><br></div><div class="battle-history">Carvanha fainted!<br></div><div class="spacer battle-history"><br></div><div class="battle-history">Go! <strong>Gothita</strong>!<br></div><div class="spacer battle-history"><br></div><h2 class="battle-history">Turn 15</h2><div class="spacer battle-history"><br></div><div class="battle-history">Gothita used <strong>Trick</strong>!<br></div><div class="battle-history"><small>Gothita switched items with its target!</small><br></div><div class="battle-history"><small>The opposing Giru obtained one Choice Scarf.</small><br></div><div class="battle-history"><small>Gothita obtained one Berry Juice.</small><br></div><div class="spacer battle-history"><br></div><div class="battle-history">The opposing Giru used <strong>Flash Cannon</strong>!<br></div><div class="battle-history"><small>(Gothita lost <abbr title="−16/21">76.2%</abbr> of its health!)</small><br></div><div class="battle-history"><small>Gothita's Special Defense fell!</small><br></div><div class="battle-history"><small>(Gothita used its Berry Juice!)</small><br></div><div class="battle-history"><small>Gothita restored HP using its Berry Juice!</small><br></div><div class="spacer battle-history"><br></div><h2 class="battle-history">Turn 16</h2><div class="spacer battle-history"><br></div><div class="battle-history">The opposing Giru used <strong>Flash Cannon</strong>!<br></div><div class="battle-history"><small>(Gothita lost <abbr title="−21/21">100%</abbr> of its health!)</small><br></div><div class="spacer battle-history"><br></div><div class="battle-history">Gothita fainted!<br></div><div class="spacer battle-history"><br></div><div class="battle-history"><strong>KWG08C</strong> won the battle!<br></div><div class="chat"><small>Spirit's Ghost left.</small></div></div><div class="inner-preempt"></div></div></div>
</div>
<script>
let daily = Math.floor(Date.now()/1000/60/60/24);document.write('<script src="https://play.pokemonshowdown.com/js/replay-embed.js?version'+daily+'"></'+'script>');
</script>
