<!DOCTYPE html>
<meta charset="utf-8" />
<!-- version 1 -->
<title>LC replay: RamalYnot vs. Hunter_30197</title>
<style>
html,body {font-family:Verdana, sans-serif;font-size:10pt;margin:0;padding:0;}body{padding:12px 0;} .battle-log {font-family:Verdana, sans-serif;font-size:10pt;} .battle-log-inline {border:1px solid #AAAAAA;background:#EEF2F5;color:black;max-width:640px;margin:0 auto 80px;padding-bottom:5px;} .battle-log .inner {padding:4px 8px 0px 8px;} .battle-log .inner-preempt {padding:0 8px 4px 8px;} .battle-log .inner-after {margin-top:0.5em;} .battle-log h2 {margin:0.5em -8px;padding:4px 8px;border:1px solid #AAAAAA;background:#E0E7EA;border-left:0;border-right:0;font-family:Verdana, sans-serif;font-size:13pt;} .battle-log .chat {vertical-align:middle;padding:3px 0 3px 0;font-size:8pt;} .battle-log .chat strong {color:#40576A;} .battle-log .chat em {padding:1px 4px 1px 3px;color:#000000;font-style:normal;} .chat.mine {background:rgba(0,0,0,0.05);margin-left:-8px;margin-right:-8px;padding-left:8px;padding-right:8px;} .spoiler {color:#BBBBBB;background:#BBBBBB;padding:0px 3px;} .spoiler:hover, .spoiler:active, .spoiler-shown {color:#000000;background:#E2E2E2;padding:0px 3px;} .spoiler a {color:#BBBBBB;} .spoiler:hover a, .spoiler:active a, .spoiler-shown a {color:#2288CC;} .chat code, .chat .spoiler:hover code, .chat .spoiler:active code, .chat .spoiler-shown code {border:1px solid #C0C0C0;background:#EEEEEE;color:black;padding:0 2px;} .chat .spoiler code {border:1px solid #CCCCCC;background:#CCCCCC;color:#CCCCCC;} .battle-log .rated {padding:3px 4px;} .battle-log .rated strong {color:white;background:#89A;padding:1px 4px;border-radius:4px;} .spacer {margin-top:0.5em;} .message-announce {background:#6688AA;color:white;padding:1px 4px 2px;} .message-announce a, .broadcast-green a, .broadcast-blue a, .broadcast-red a {color:#DDEEFF;} .broadcast-green {background-color:#559955;color:white;padding:2px 4px;} .broadcast-blue {background-color:#6688AA;color:white;padding:2px 4px;} .infobox {border:1px solid #6688AA;padding:2px 4px;} .infobox-limited {max-height:200px;overflow:auto;overflow-x:hidden;} .broadcast-red {background-color:#AA5544;color:white;padding:2px 4px;} .message-learn-canlearn {font-weight:bold;color:#228822;text-decoration:underline;} .message-learn-cannotlearn {font-weight:bold;color:#CC2222;text-decoration:underline;} .message-effect-weak {font-weight:bold;color:#CC2222;} .message-effect-resist {font-weight:bold;color:#6688AA;} .message-effect-immune {font-weight:bold;color:#666666;} .message-learn-list {margin-top:0;margin-bottom:0;} .message-throttle-notice, .message-error {color:#992222;} .message-overflow, .chat small.message-overflow {font-size:0pt;} .message-overflow::before {font-size:9pt;content:'...';} .subtle {color:#3A4A66;}
</style>
<div class="wrapper replay-wrapper" style="max-width:1180px;margin:0 auto">
<input type="hidden" name="replayid" value="lc-514171652" />
<div class="battle"></div><div class="battle-log"></div><div class="replay-controls"></div><div class="replay-controls-2"></div>
<h1 style="font-weight:normal;text-align:center"><strong>LC</strong><br /><a href="http://pokemonshowdown.com/users/ramalynot" class="subtle" target="_blank">RamalYnot</a> vs. <a href="http://pokemonshowdown.com/users/hunter30197" class="subtle" target="_blank">Hunter_30197</a></h1>
<script type="text/plain" class="battle-log-data">|j|RamalYnot
|j|Hunter_30197
|player|p1|RamalYnot|200
|player|p2|Hunter_30197|290
|gametype|singles
|gen|6
|tier|LC
|rated
|seed|45093,27218,33009,51302
|clearpoke
|poke|p1|Cranidos, L5, F|item
|poke|p1|Honedge, L5, F, shiny|item
|poke|p1|Abra, L5, M|item
|poke|p1|Skrelp, L5, F, shiny|item
|poke|p1|Deino, L5, M|item
|poke|p1|Cottonee, L5, M, shiny|item
|poke|p2|Mienfoo, L5, F|item
|poke|p2|Chinchou, L5, M|item
|poke|p2|Fletchling, L5, F|
|poke|p2|Solosis, L5, M|item
|poke|p2|Gastly, L5, M|item
|poke|p2|Houndour, L5, F|item
|rule|Sleep Clause Mod: Limit one foe put to sleep
|rule|Species Clause: Limit one of each Pokémon
|rule|OHKO Clause: OHKO moves are banned
|rule|Moody Clause: Moody is banned
|rule|Evasion Moves Clause: Evasion moves are banned
|rule|Endless Battle Clause: Forcing endless battles is banned
|rule|HP Percentage Mod: HP is shown in percentages
|teampreview
|choice|team 4, team 2, team 3, team 1, team 5, team 6|team 4, team 2, team 3, team 1, team 5, team 6
|
|start
|switch|p1a: Skrelp|Skrelp, L5, F, shiny|21\/21
|switch|p2a: Solosis|Solosis, L5, M|22\/22
|-item|p1a: Skrelp|Air Balloon
|turn|1
|choice|switch 5|move trickroom
|
|switch|p1a: Deino|Deino, L5, M|23\/23
|move|p2a: Solosis|Trick Room|p2a: Solosis
|-fieldstart|move: Trick Room|[of] p2a: Solosis
|
|upkeep
|turn|2
|choice|move crunch|move hiddenpower
|
|move|p2a: Solosis|Hidden Power|p1a: Deino
|-supereffective|p1a: Deino
|-damage|p1a: Deino|11\/23
|move|p1a: Deino|Crunch|p2a: Solosis
|-supereffective|p2a: Solosis
|-damage|p2a: Solosis|0 fnt
|faint|p2a: Solosis
|
|upkeep
|choice||switch 4
|
|switch|p2a: Mienfoo|Mienfoo, L5, F|21\/21
|turn|3
|choice|move thunderwave|move drainpunch
|
|move|p1a: Deino|Thunder Wave|p2a: Mienfoo
|-status|p2a: Mienfoo|par
|move|p2a: Mienfoo|Drain Punch|p1a: Deino
|-supereffective|p1a: Deino
|-damage|p1a: Deino|0 fnt
|faint|p1a: Deino
|
|upkeep
|choice|switch 2|
|
|switch|p1a: Honedge|Honedge, L5, F, shiny|21\/21
|turn|4
|choice|move swordsdance|move knockoff
|
|move|p2a: Mienfoo|Knock Off|p1a: Honedge
|-supereffective|p1a: Honedge
|-damage|p1a: Honedge|9\/21
|-enditem|p1a: Honedge|Black Belt|[from] move: Knock Off|[of] p2a: Mienfoo
|move|p1a: Honedge|Swords Dance|p1a: Honedge
|-boost|p1a: Honedge|atk|2
|
|upkeep
|turn|5
|choice|move gyroball|move knockoff
|
|cant|p2a: Mienfoo|par
|move|p1a: Honedge|Gyro Ball|p2a: Mienfoo
|-damage|p2a: Mienfoo|18\/21 par
|
|-fieldend|move: Trick Room
|upkeep
|turn|6
|choice|move sacredsword|move knockoff
|
|move|p1a: Honedge|Sacred Sword|p2a: Mienfoo
|-damage|p2a: Mienfoo|5\/21 par
|move|p2a: Mienfoo|Knock Off|p1a: Honedge
|-supereffective|p1a: Honedge
|-damage|p1a: Honedge|0 fnt
|faint|p1a: Honedge
|
|upkeep
|choice|switch 4|
|
|switch|p1a: Cranidos|Cranidos, L5, F|23\/23
|turn|7
|choice|move earthquake|move drainpunch
|
|move|p1a: Cranidos|Earthquake|p2a: Mienfoo
|-damage|p2a: Mienfoo|0 fnt
|faint|p2a: Mienfoo
|
|upkeep
|choice||switch 2
|
|switch|p2a: Chinchou|Chinchou, L5, M|25\/25
|turn|8
|choice|move earthquake|move icebeam
|
|move|p1a: Cranidos|Earthquake|p2a: Chinchou
|-supereffective|p2a: Chinchou
|-damage|p2a: Chinchou|0 fnt
|faint|p2a: Chinchou
|
|upkeep
|choice||switch 5
|
|switch|p2a: Gastly|Gastly, L5, M|19\/19
|turn|9
|choice|move rockslide|move dazzlinggleam
|
|move|p2a: Gastly|Dazzling Gleam|p1a: Cranidos
|-damage|p1a: Cranidos|6\/23
|-damage|p2a: Gastly|18\/19|[from] item: Life Orb
|move|p1a: Cranidos|Rock Slide|p2a: Gastly
|-damage|p2a: Gastly|0 fnt
|faint|p2a: Gastly
|
|upkeep
|choice||switch 6
|
|switch|p2a: Houndour|Houndour, L5, F|21\/21
|turn|10
|choice|move rockslide|move suckerpunch
|
|move|p2a: Houndour|Sucker Punch|p1a: Cranidos
|-damage|p1a: Cranidos|0 fnt
|-damage|p2a: Houndour|19\/21|[from] item: Life Orb
|faint|p1a: Cranidos
|
|upkeep
|choice|switch 6|
|
|switch|p1a: Cottonee|Cottonee, L5, M, shiny|20\/20
|turn|11
|choice|move stunspore|move fireblast
|
|move|p1a: Cottonee|Stun Spore|p2a: Houndour
|-status|p2a: Houndour|par
|move|p2a: Houndour|Fire Blast|p1a: Cottonee
|-supereffective|p1a: Cottonee
|-damage|p1a: Cottonee|0 fnt
|-damage|p2a: Houndour|17\/21 par|[from] item: Life Orb
|faint|p1a: Cottonee
|
|upkeep
|choice|switch 5|
|
|switch|p1a: Skrelp|Skrelp, L5, F, shiny|21\/21
|-item|p1a: Skrelp|Air Balloon
|turn|12
|choice|move aquatail|move suckerpunch
|
|move|p2a: Houndour|Sucker Punch|p1a: Skrelp
|-damage|p1a: Skrelp|9\/21
|-enditem|p1a: Skrelp|Air Balloon
|-damage|p2a: Houndour|15\/21 par|[from] item: Life Orb
|move|p1a: Skrelp|Aqua Tail|p2a: Houndour
|-supereffective|p2a: Houndour
|-damage|p2a: Houndour|0 fnt
|faint|p2a: Houndour
|
|upkeep
|choice||switch 3
|
|switch|p2a: Fletchling|Fletchling, L5, F|23\/23
|turn|13
|choice|move rest|move swordsdance
|
|move|p2a: Fletchling|Swords Dance|p2a: Fletchling
|-boost|p2a: Fletchling|atk|2
|move|p1a: Skrelp|Rest|p1a: Skrelp
|-status|p1a: Skrelp|slp
|-heal|p1a: Skrelp|21\/21 slp|[silent]
|-status|p1a: Skrelp|slp|[from] move: Rest
|
|upkeep
|turn|14
|choice|move sleeptalk|move acrobatics
|
|move|p2a: Fletchling|Acrobatics|p1a: Skrelp
|-damage|p1a: Skrelp|0 fnt
|faint|p1a: Skrelp
|
|upkeep
|choice|switch 3|
|
|switch|p1a: Abra|Abra, L5, M|19\/19
|turn|15
|choice|move thunderwave|move acrobatics
|
|move|p2a: Fletchling|Acrobatics|p1a: Abra
|-crit|p1a: Abra
|-damage|p1a: Abra|0 fnt
|faint|p1a: Abra
|
|win|Hunter_30197
|player|p1
|player|p2
|c|★RamalYnot|gg
|c|★Hunter_30197|gg
|l|RamalYnot
||Ladder (probably) updated, but score could not be retrieved (Response not received).</script>
</div>
<div class="battle-log battle-log-inline"><div class="inner"><div class="battle-options"></div><div class="inner"><div class="chat"><small>RamalYnot joined.</small></div><div class="chat"><small>Hunter_30197 joined.</small></div><div class=""><small>Format:</small> <br><strong>LC</strong></div><div class="rated"><strong>Rated battle</strong></div><div class=""><small><em>Sleep Clause Mod:</em> Limit one foe put to sleep</small></div><div class=""><small><em>Species Clause:</em> Limit one of each Pokémon</small></div><div class=""><small><em>OHKO Clause:</em> OHKO moves are banned</small></div><div class=""><small><em>Moody Clause:</em> Moody is banned</small></div><div class=""><small><em>Evasion Moves Clause:</em> Evasion moves are banned</small></div><div class=""><small><em>Endless Battle Clause:</em> Forcing endless battles is banned</small></div><div class=""><small><em>HP Percentage Mod:</em> HP is shown in percentages</small></div><div class="chat battle-history"><strong>RamalYnot's team:</strong> <em style="color:#445566;display:block;">Cranidos / Honedge / Abra / Skrelp / Deino / Cottonee</em></div><div class="chat battle-history"><strong>Hunter_30197's team:</strong> <em style="color:#445566;display:block;">Mienfoo / Chinchou / Fletchling / Solosis / Gastly / Houndour</em></div><div class="spacer battle-history"><br></div><div class="battle-history">Battle started between RamalYnot and Hunter_30197!<br></div><div class="spacer battle-history"><br></div><div class="battle-history">Go! <strong>Skrelp</strong>!<br></div><div class="spacer battle-history"><br></div><div class="battle-history">Hunter_30197 sent out <strong>Solosis</strong>!<br></div><div class="battle-history"><small>Skrelp floats in the air with its Air Balloon!</small><br></div><div class="spacer battle-history"><br></div><h2 class="battle-history">Turn 1</h2><div class="spacer battle-history"><br></div><div class="battle-history">Skrelp, come back!<br></div><div class="battle-history">Go! <strong>Deino</strong>!<br></div><div class="spacer battle-history"><br></div><div class="battle-history">The opposing Solosis used <strong>Trick Room</strong>!<br></div><div class="battle-history"><small>The opposing Solosis twisted the dimensions!</small><br></div><div class="spacer battle-history"><br></div><h2 class="battle-history">Turn 2</h2><div class="spacer battle-history"><br></div><div class="battle-history">The opposing Solosis used <strong>Hidden Power</strong>!<br></div><div class="battle-history"><small>It's super effective!</small><br></div><div class="battle-history"><small>(Deino lost <abbr title="−12/23">52.2%</abbr> of its health!)</small><br></div><div class="spacer battle-history"><br></div><div class="battle-history">Deino used <strong>Crunch</strong>!<br></div><div class="battle-history"><small>It's super effective!</small><br></div><div class="battle-history"><small>(The opposing Solosis lost <abbr title="−22/22">100%</abbr> of its health!)</small><br></div><div class="spacer battle-history"><br></div><div class="battle-history">The opposing Solosis fainted!<br></div><div class="spacer battle-history"><br></div><div class="battle-history">Hunter_30197 sent out <strong>Mienfoo</strong>!<br></div><div class="spacer battle-history"><br></div><h2 class="battle-history">Turn 3</h2><div class="spacer battle-history"><br></div><div class="battle-history">Deino used <strong>Thunder Wave</strong>!<br></div><div class="battle-history"><small>The opposing Mienfoo is paralyzed! It may be unable to move!</small><br></div><div class="spacer battle-history"><br></div><div class="battle-history">The opposing Mienfoo used <strong>Drain Punch</strong>!<br></div><div class="battle-history"><small>It's super effective!</small><br></div><div class="battle-history"><small>(Deino lost <abbr title="−11/23">47.8%</abbr> of its health!)</small><br></div><div class="spacer battle-history"><br></div><div class="battle-history">Deino fainted!<br></div><div class="spacer battle-history"><br></div><div class="battle-history">Go! <strong>Honedge</strong>!<br></div><div class="spacer battle-history"><br></div><h2 class="battle-history">Turn 4</h2><div class="spacer battle-history"><br></div><div class="battle-history">The opposing Mienfoo used <strong>Knock Off</strong>!<br></div><div class="battle-history"><small>It's super effective!</small><br></div><div class="battle-history"><small>(Honedge lost <abbr title="−12/21">57.1%</abbr> of its health!)</small><br></div><div class="battle-history"><small>The opposing Mienfoo knocked off Honedge's Black Belt!</small><br></div><div class="spacer battle-history"><br></div><div class="battle-history">Honedge used <strong>Swords Dance</strong>!<br></div><div class="battle-history"><small>Honedge's Attack rose sharply!</small><br></div><div class="spacer battle-history"><br></div><h2 class="battle-history">Turn 5</h2><div class="spacer battle-history"><br></div><div class="battle-history">The opposing Mienfoo is paralyzed! It can't move!<br></div><div class="spacer battle-history"><br></div><div class="battle-history">Honedge used <strong>Gyro Ball</strong>!<br></div><div class="battle-history"><small>(The opposing Mienfoo lost <abbr title="−3/21">14.3%</abbr> of its health!)</small><br></div><div class="spacer battle-history"><br></div><div class="battle-history"><small>The twisted dimensions returned to normal!</small><br></div><div class="spacer battle-history"><br></div><h2 class="battle-history">Turn 6</h2><div class="spacer battle-history"><br></div><div class="battle-history">Honedge used <strong>Sacred Sword</strong>!<br></div><div class="battle-history"><small>(The opposing Mienfoo lost <abbr title="−13/21">61.9%</abbr> of its health!)</small><br></div><div class="spacer battle-history"><br></div><div class="battle-history">The opposing Mienfoo used <strong>Knock Off</strong>!<br></div><div class="battle-history"><small>It's super effective!</small><br></div><div class="battle-history"><small>(Honedge lost <abbr title="−9/21">42.9%</abbr> of its health!)</small><br></div><div class="spacer battle-history"><br></div><div class="battle-history">Honedge fainted!<br></div><div class="spacer battle-history"><br></div><div class="battle-history">Go! <strong>Cranidos</strong>!<br></div><div class="spacer battle-history"><br></div><h2 class="battle-history">Turn 7</h2><div class="spacer battle-history"><br></div><div class="battle-history">Cranidos used <strong>Earthquake</strong>!<br></div><div class="battle-history"><small>(The opposing Mienfoo lost <abbr title="−5/21">23.8%</abbr> of its health!)</small><br></div><div class="spacer battle-history"><br></div><div class="battle-history">The opposing Mienfoo fainted!<br></div><div class="spacer battle-history"><br></div><div class="battle-history">Hunter_30197 sent out <strong>Chinchou</strong>!<br></div><div class="spacer battle-history"><br></div><h2 class="battle-history">Turn 8</h2><div class="spacer battle-history"><br></div><div class="battle-history">Cranidos used <strong>Earthquake</strong>!<br></div><div class="battle-history"><small>It's super effective!</small><br></div><div class="battle-history"><small>(The opposing Chinchou lost <abbr title="−25/25">100%</abbr> of its health!)</small><br></div><div class="spacer battle-history"><br></div><div class="battle-history">The opposing Chinchou fainted!<br></div><div class="spacer battle-history"><br></div><div class="battle-history">Hunter_30197 sent out <strong>Gastly</strong>!<br></div><div class="spacer battle-history"><br></div><h2 class="battle-history">Turn 9</h2><div class="spacer battle-history"><br></div><div class="battle-history">The opposing Gastly used <strong>Dazzling Gleam</strong>!<br></div><div class="battle-history"><small>(Cranidos lost <abbr title="−17/23">73.9%</abbr> of its health!)</small><br></div><div class="battle-history"><small>The opposing Gastly lost some of its HP!</small><br></div><div class="spacer battle-history"><br></div><div class="battle-history">Cranidos used <strong>Rock Slide</strong>!<br></div><div class="battle-history"><small>(The opposing Gastly lost <abbr title="−18/19">94.7%</abbr> of its health!)</small><br></div><div class="spacer battle-history"><br></div><div class="battle-history">The opposing Gastly fainted!<br></div><div class="spacer battle-history"><br></div><div class="battle-history">Hunter_30197 sent out <strong>Houndour</strong>!<br></div><div class="spacer battle-history"><br></div><h2 class="battle-history">Turn 10</h2><div class="spacer battle-history"><br></div><div class="battle-history">The opposing Houndour used <strong>Sucker Punch</strong>!<br></div><div class="battle-history"><small>(Cranidos lost <abbr title="−6/23">26.1%</abbr> of its health!)</small><br></div><div class="battle-history"><small>The opposing Houndour lost some of its HP!</small><br></div><div class="spacer battle-history"><br></div><div class="battle-history">Cranidos fainted!<br></div><div class="spacer battle-history"><br></div><div class="battle-history">Go! <strong>Cottonee</strong>!<br></div><div class="spacer battle-history"><br></div><h2 class="battle-history">Turn 11</h2><div class="spacer battle-history"><br></div><div class="battle-history">Cottonee used <strong>Stun Spore</strong>!<br></div><div class="battle-history"><small>The opposing Houndour is paralyzed! It may be unable to move!</small><br></div><div class="spacer battle-history"><br></div><div class="battle-history">The opposing Houndour used <strong>Fire Blast</strong>!<br></div><div class="battle-history"><small>It's super effective!</small><br></div><div class="battle-history"><small>(Cottonee lost <abbr title="−20/20">100%</abbr> of its health!)</small><br></div><div class="battle-history"><small>The opposing Houndour lost some of its HP!</small><br></div><div class="spacer battle-history"><br></div><div class="battle-history">Cottonee fainted!<br></div><div class="spacer battle-history"><br></div><div class="battle-history">Go! <strong>Skrelp</strong>!<br></div><div class="battle-history"><small>Skrelp floats in the air with its Air Balloon!</small><br></div><div class="spacer battle-history"><br></div><h2 class="battle-history">Turn 12</h2><div class="spacer battle-history"><br></div><div class="battle-history">The opposing Houndour used <strong>Sucker Punch</strong>!<br></div><div class="battle-history"><small>(Skrelp lost <abbr title="−12/21">57.1%</abbr> of its health!)</small><br></div><div class="battle-history"><small>Skrelp's Air Balloon popped!</small><br></div><div class="battle-history"><small>The opposing Houndour lost some of its HP!</small><br></div><div class="spacer battle-history"><br></div><div class="battle-history">Skrelp used <strong>Aqua Tail</strong>!<br></div><div class="battle-history"><small>It's super effective!</small><br></div><div class="battle-history"><small>(The opposing Houndour lost <abbr title="−15/21">71.4%</abbr> of its health!)</small><br></div><div class="spacer battle-history"><br></div><div class="battle-history">The opposing Houndour fainted!<br></div><div class="spacer battle-history"><br></div><div class="battle-history">Hunter_30197 sent out <strong>Fletchling</strong>!<br></div><div class="spacer battle-history"><br></div><h2 class="battle-history">Turn 13</h2><div class="spacer battle-history"><br></div><div class="battle-history">The opposing Fletchling used <strong>Swords Dance</strong>!<br></div><div class="battle-history"><small>The opposing Fletchling's Attack rose sharply!</small><br></div><div class="spacer battle-history"><br></div><div class="battle-history">Skrelp used <strong>Rest</strong>!<br></div><div class="battle-history"><small>Skrelp fell asleep!</small><br></div><div class="battle-history"><small>Skrelp slept and became healthy!</small><br></div><div class="spacer battle-history"><br></div><h2 class="battle-history">Turn 14</h2><div class="spacer battle-history"><br></div><div class="battle-history">The opposing Fletchling used <strong>Acrobatics</strong>!<br></div><div class="battle-history"><small>(Skrelp lost <abbr title="−21/21">100%</abbr> of its health!)</small><br></div><div class="spacer battle-history"><br></div><div class="battle-history">Skrelp fainted!<br></div><div class="spacer battle-history"><br></div><div class="battle-history">Go! <strong>Abra</strong>!<br></div><div class="spacer battle-history"><br></div><h2 class="battle-history">Turn 15</h2><div class="spacer battle-history"><br></div><div class="battle-history">The opposing Fletchling used <strong>Acrobatics</strong>!<br></div><div class="battle-history"><small>A critical hit!</small><br></div><div class="battle-history"><small>(Abra lost <abbr title="−19/19">100%</abbr> of its health!)</small><br></div><div class="spacer battle-history"><br></div><div class="battle-history">Abra fainted!<br></div><div class="spacer battle-history"><br></div><div class="battle-history"><strong>Hunter_30197</strong> won the battle!<br></div><div class="chat chatmessage-ramalynot"><strong style="color:hsl(264,80%,56.62501648977919%)"><small>★</small><span class="username" data-name="RamalYnot">RamalYnot</span>:</strong> <em>gg</em></div><div class="chat chatmessage-hunter30197"><strong style="color:hsl(63,83%,33.17292696655212%)"><small>★</small><span class="username" data-name="Hunter_30197">Hunter_30197</span>:</strong> <em>gg</em></div><div class="chat"><small>RamalYnot left.</small></div><div class="chat">Ladder (probably) updated, but score could not be retrieved (Response not received).</div></div><div class="inner-preempt"></div></div></div>
</div>
<script>
let daily = Math.floor(Date.now()/1000/60/60/24);document.write('<script src="https://play.pokemonshowdown.com/js/replay-embed.js?version'+daily+'"></'+'script>');
</script>
