<!DOCTYPE html>
<meta charset="utf-8" />
<!-- version 1 -->
<title>LC replay: ngammer vs. chuppy00</title>
<style>
html,body {font-family:Verdana, sans-serif;font-size:10pt;margin:0;padding:0;}body{padding:12px 0;} .battle-log {font-family:Verdana, sans-serif;font-size:10pt;} .battle-log-inline {border:1px solid #AAAAAA;background:#EEF2F5;color:black;max-width:640px;margin:0 auto 80px;padding-bottom:5px;} .battle-log .inner {padding:4px 8px 0px 8px;} .battle-log .inner-preempt {padding:0 8px 4px 8px;} .battle-log .inner-after {margin-top:0.5em;} .battle-log h2 {margin:0.5em -8px;padding:4px 8px;border:1px solid #AAAAAA;background:#E0E7EA;border-left:0;border-right:0;font-family:Verdana, sans-serif;font-size:13pt;} .battle-log .chat {vertical-align:middle;padding:3px 0 3px 0;font-size:8pt;} .battle-log .chat strong {color:#40576A;} .battle-log .chat em {padding:1px 4px 1px 3px;color:#000000;font-style:normal;} .chat.mine {background:rgba(0,0,0,0.05);margin-left:-8px;margin-right:-8px;padding-left:8px;padding-right:8px;} .spoiler {color:#BBBBBB;background:#BBBBBB;padding:0px 3px;} .spoiler:hover, .spoiler:active, .spoiler-shown {color:#000000;background:#E2E2E2;padding:0px 3px;} .spoiler a {color:#BBBBBB;} .spoiler:hover a, .spoiler:active a, .spoiler-shown a {color:#2288CC;} .chat code, .chat .spoiler:hover code, .chat .spoiler:active code, .chat .spoiler-shown code {border:1px solid #C0C0C0;background:#EEEEEE;color:black;padding:0 2px;} .chat .spoiler code {border:1px solid #CCCCCC;background:#CCCCCC;color:#CCCCCC;} .battle-log .rated {padding:3px 4px;} .battle-log .rated strong {color:white;background:#89A;padding:1px 4px;border-radius:4px;} .spacer {margin-top:0.5em;} .message-announce {background:#6688AA;color:white;padding:1px 4px 2px;} .message-announce a, .broadcast-green a, .broadcast-blue a, .broadcast-red a {color:#DDEEFF;} .broadcast-green {background-color:#559955;color:white;padding:2px 4px;} .broadcast-blue {background-color:#6688AA;color:white;padding:2px 4px;} .infobox {border:1px solid #6688AA;padding:2px 4px;} .infobox-limited {max-height:200px;overflow:auto;overflow-x:hidden;} .broadcast-red {background-color:#AA5544;color:white;padding:2px 4px;} .message-learn-canlearn {font-weight:bold;color:#228822;text-decoration:underline;} .message-learn-cannotlearn {font-weight:bold;color:#CC2222;text-decoration:underline;} .message-effect-weak {font-weight:bold;color:#CC2222;} .message-effect-resist {font-weight:bold;color:#6688AA;} .message-effect-immune {font-weight:bold;color:#666666;} .message-learn-list {margin-top:0;margin-bottom:0;} .message-throttle-notice, .message-error {color:#992222;} .message-overflow, .chat small.message-overflow {font-size:0pt;} .message-overflow::before {font-size:9pt;content:'...';} .subtle {color:#3A4A66;}
</style>
<div class="wrapper replay-wrapper" style="max-width:1180px;margin:0 auto">
<input type="hidden" name="replayid" value="lc-516778317" />
<div class="battle"></div><div class="battle-log"></div><div class="replay-controls"></div><div class="replay-controls-2"></div>
<h1 style="font-weight:normal;text-align:center"><strong>LC</strong><br /><a href="http://pokemonshowdown.com/users/ngammer" class="subtle" target="_blank">ngammer</a> vs. <a href="http://pokemonshowdown.com/users/chuppy00" class="subtle" target="_blank">chuppy00</a></h1>
<script type="text/plain" class="battle-log-data">|j|ngammer
|j|chuppy00
|player|p1|ngammer|274
|player|p2|chuppy00|32
|gametype|singles
|gen|6
|tier|LC
|rated
|seed|47608,64237,46710,52214
|clearpoke
|poke|p1|Pancham, L5, M|item
|poke|p1|Gastly, L5, M, shiny|item
|poke|p1|Duskull, L5, F, shiny|item
|poke|p1|Aron, L5, M, shiny|item
|poke|p1|Elgyem, L5, F, shiny|item
|poke|p1|Gible, L5, M, shiny|item
|poke|p2|Squirtle, L5, M|item
|poke|p2|Chikorita, L5, F, shiny|item
|poke|p2|Torchic, L5, M, shiny|item
|poke|p2|Chimchar, L5, M, shiny|item
|poke|p2|Snivy, L5, F, shiny|item
|poke|p2|Froakie, L5, M|item
|rule|Sleep Clause Mod: Limit one foe put to sleep
|rule|Species Clause: Limit one of each Pokémon
|rule|OHKO Clause: OHKO moves are banned
|rule|Moody Clause: Moody is banned
|rule|Evasion Moves Clause: Evasion moves are banned
|rule|Endless Battle Clause: Forcing endless battles is banned
|rule|HP Percentage Mod: HP is shown in percentages
|teampreview
|choice|team 1, team 2, team 3, team 4, team 5, team 6|team 2, team 1, team 3, team 4, team 5, team 6
|
|start
|switch|p1a: Pancham|Pancham, L5, M|23\/23
|switch|p2a: Dank Po|Chikorita, L5, F, shiny|24\/24
|-ability|p1a: Pancham|Mold Breaker
|turn|1
|choice|move gunkshot|move substitute
|
|move|p1a: Pancham|Gunk Shot|p2a: Dank Po
|-supereffective|p2a: Dank Po
|-damage|p2a: Dank Po|0 fnt
|faint|p2a: Dank Po
|
|upkeep
|choice||switch 5
|
|switch|p2a: Kah|Snivy, L5, F, shiny|21\/21
|turn|2
|choice|move gunkshot|move gigadrain
|
|move|p2a: Kah|Giga Drain|p1a: Pancham
|-damage|p1a: Pancham|19\/23
|move|p1a: Pancham|Gunk Shot|p2a: Kah
|-supereffective|p2a: Kah
|-damage|p2a: Kah|0 fnt
|faint|p2a: Kah
|
|upkeep
|choice||switch 4
|
|switch|p2a: Goku|Chimchar, L5, M, shiny|21\/21
|turn|3
|choice|move drainpunch|move gunkshot
|
|move|p2a: Goku|Gunk Shot|p1a: Pancham|[miss]
|-miss|p2a: Goku|p1a: Pancham
|move|p1a: Pancham|Drain Punch|p2a: Goku
|-damage|p2a: Goku|5\/21
|-heal|p1a: Pancham|23\/23|[from] drain|[of] p2a: Goku
|
|upkeep
|turn|4
|choice|move drainpunch|switch 2
|
|switch|p2a: I like Turtles|Squirtle, L5, M|22\/22
|move|p1a: Pancham|Drain Punch|p2a: I like Turtles
|-damage|p2a: I like Turtles|7\/22
|
|upkeep
|turn|5
|choice|move drainpunch|move aquajet
|
|move|p2a: I like Turtles|Aqua Jet|p1a: Pancham
|-crit|p1a: Pancham
|-damage|p1a: Pancham|19\/23
|move|p1a: Pancham|Drain Punch|p2a: I like Turtles
|-damage|p2a: I like Turtles|0 fnt
|-heal|p1a: Pancham|23\/23|[from] drain|[of] p2a: I like Turtles
|faint|p2a: I like Turtles
|
|upkeep
|choice||switch 3
|
|switch|p2a: Roady Po|Torchic, L5, M, shiny|21\/21
|turn|6
|choice|move knockoff|move protect
|
|move|p2a: Roady Po|Protect|p2a: Roady Po
|-singleturn|p2a: Roady Po|Protect
|move|p1a: Pancham|Knock Off|p2a: Roady Po
|-activate|p2a: Roady Po|move: Protect
|
|-ability|p2a: Roady Po|Speed Boost|boost
|-boost|p2a: Roady Po|spe|1
|upkeep
|turn|7
|choice|move knockoff|move protect
|
|move|p2a: Roady Po|Protect|p2a: Roady Po
|-fail|p2a: Roady Po
|move|p1a: Pancham|Knock Off|p2a: Roady Po
|-damage|p2a: Roady Po|9\/21
|-enditem|p2a: Roady Po|Sitrus Berry|[from] move: Knock Off|[of] p1a: Pancham
|
|-ability|p2a: Roady Po|Speed Boost|boost
|-boost|p2a: Roady Po|spe|1
|upkeep
|turn|8
|choice|move drainpunch|move nightslash
|
|move|p2a: Roady Po|Night Slash|p1a: Pancham
|-resisted|p1a: Pancham
|-damage|p1a: Pancham|22\/23
|move|p1a: Pancham|Drain Punch|p2a: Roady Po
|-damage|p2a: Roady Po|0 fnt
|-heal|p1a: Pancham|23\/23|[from] drain|[of] p2a: Roady Po
|faint|p2a: Roady Po
|
|upkeep
|choice||switch 6
|
|switch|p2a: Big Jo|Froakie, L5, M|20\/20
|turn|9
|choice|move knockoff|move hydropump
|
|move|p2a: Big Jo|Hydro Pump|p1a: Pancham|[miss]
|-miss|p2a: Big Jo|p1a: Pancham
|move|p1a: Pancham|Knock Off|p2a: Big Jo
|-damage|p2a: Big Jo|7\/20
|-enditem|p2a: Big Jo|Choice Specs|[from] move: Knock Off|[of] p1a: Pancham
|
|upkeep
|turn|10
|choice|move drainpunch|move hydropump
|
|move|p2a: Big Jo|Hydro Pump|p1a: Pancham
|-damage|p1a: Pancham|13\/23
|move|p1a: Pancham|Drain Punch|p2a: Big Jo
|-damage|p2a: Big Jo|0 fnt
|-heal|p1a: Pancham|17\/23|[from] drain|[of] p2a: Big Jo
|faint|p2a: Big Jo
|
|upkeep
|choice||switch 2
|
|switch|p2a: Goku|Chimchar, L5, M, shiny|5\/21
|turn|11
|choice|move drainpunch|move fakeout
|
|move|p2a: Goku|Fake Out|p1a: Pancham
|-crit|p1a: Pancham
|-damage|p1a: Pancham|11\/23
|-damage|p2a: Goku|3\/21|[from] item: Life Orb
|cant|p1a: Pancham|flinch
|
|upkeep
|turn|12
|choice|move drainpunch|move firepunch
|
|move|p2a: Goku|Fire Punch|p1a: Pancham
|-damage|p1a: Pancham|0 fnt
|-damage|p2a: Goku|1\/21|[from] item: Life Orb
|faint|p1a: Pancham
|
|upkeep
|choice|switch 5|
|
|switch|p1a: Elgyem|Elgyem, L5, F, shiny|22\/22
|turn|13
|choice|move thunderwave|move gunkshot
|
|move|p2a: Goku|Gunk Shot|p1a: Elgyem
|-damage|p1a: Elgyem|12\/22
|-status|p1a: Elgyem|psn
|-damage|p2a: Goku|0 fnt|[from] item: Life Orb
|faint|p2a: Goku
|
|win|ngammer
|player|p1
|player|p2
|l|chuppy00
|raw|ngammer's rating: 1246 &rarr; <strong>1257<\/strong><br \/>(+11 for winning)
|raw|chuppy00's rating: 1025 &rarr; <strong>1019<\/strong><br \/>(-6 for losing)</script>
</div>
<div class="battle-log battle-log-inline"><div class="inner"><div class="battle-options"></div><div class="inner"><div class="chat"><small>ngammer joined.</small></div><div class="chat"><small>chuppy00 joined.</small></div><div class=""><small>Format:</small> <br><strong>LC</strong></div><div class="rated"><strong>Rated battle</strong></div><div class=""><small><em>Sleep Clause Mod:</em> Limit one foe put to sleep</small></div><div class=""><small><em>Species Clause:</em> Limit one of each Pokémon</small></div><div class=""><small><em>OHKO Clause:</em> OHKO moves are banned</small></div><div class=""><small><em>Moody Clause:</em> Moody is banned</small></div><div class=""><small><em>Evasion Moves Clause:</em> Evasion moves are banned</small></div><div class=""><small><em>Endless Battle Clause:</em> Forcing endless battles is banned</small></div><div class=""><small><em>HP Percentage Mod:</em> HP is shown in percentages</small></div><div class="chat battle-history"><strong>ngammer's team:</strong> <em style="color:#445566;display:block;">Pancham / Gastly / Duskull / Aron / Elgyem / Gible</em></div><div class="chat battle-history"><strong>chuppy00's team:</strong> <em style="color:#445566;display:block;">Squirtle / Chikorita / Torchic / Chimchar / Snivy / Froakie</em></div><div class="spacer battle-history"><br></div><div class="battle-history">Battle started between ngammer and chuppy00!<br></div><div class="spacer battle-history"><br></div><div class="battle-history">Go! <strong>Pancham</strong>!<br></div><div class="spacer battle-history"><br></div><div class="battle-history">chuppy00 sent out Dank Po (<strong>Chikorita</strong>)!<br></div><div class="battle-history"><small>[Pancham's Mold Breaker]</small><br><small>Pancham breaks the mold!</small><br></div><div class="spacer battle-history"><br></div><h2 class="battle-history">Turn 1</h2><div class="spacer battle-history"><br></div><div class="battle-history">Pancham used <strong>Gunk Shot</strong>!<br></div><div class="battle-history"><small>It's super effective!</small><br></div><div class="battle-history"><small>(The opposing Dank Po lost <abbr title="−24/24">100%</abbr> of its health!)</small><br></div><div class="spacer battle-history"><br></div><div class="battle-history">The opposing Dank Po fainted!<br></div><div class="spacer battle-history"><br></div><div class="battle-history">chuppy00 sent out Kah (<strong>Snivy</strong>)!<br></div><div class="spacer battle-history"><br></div><h2 class="battle-history">Turn 2</h2><div class="spacer battle-history"><br></div><div class="battle-history">The opposing Kah used <strong>Giga Drain</strong>!<br></div><div class="battle-history"><small>(Pancham lost <abbr title="−4/23">17.4%</abbr> of its health!)</small><br></div><div class="spacer battle-history"><br></div><div class="battle-history">Pancham used <strong>Gunk Shot</strong>!<br></div><div class="battle-history"><small>It's super effective!</small><br></div><div class="battle-history"><small>(The opposing Kah lost <abbr title="−21/21">100%</abbr> of its health!)</small><br></div><div class="spacer battle-history"><br></div><div class="battle-history">The opposing Kah fainted!<br></div><div class="spacer battle-history"><br></div><div class="battle-history">chuppy00 sent out Goku (<strong>Chimchar</strong>)!<br></div><div class="spacer battle-history"><br></div><h2 class="battle-history">Turn 3</h2><div class="spacer battle-history"><br></div><div class="battle-history">The opposing Goku used <strong>Gunk Shot</strong>!<br></div><div class="battle-history"><small>Pancham avoided the attack!</small><br></div><div class="spacer battle-history"><br></div><div class="battle-history">Pancham used <strong>Drain Punch</strong>!<br></div><div class="battle-history"><small>(The opposing Goku lost <abbr title="−16/21">76.2%</abbr> of its health!)</small><br></div><div class="battle-history"><small>The opposing Goku had its energy drained!</small><br></div><div class="spacer battle-history"><br></div><h2 class="battle-history">Turn 4</h2><div class="spacer battle-history"><br></div><div class="battle-history">chuppy00 withdrew Goku!<br></div><div class="battle-history">chuppy00 sent out I like Turtles (<strong>Squirtle</strong>)!<br></div><div class="spacer battle-history"><br></div><div class="battle-history">Pancham used <strong>Drain Punch</strong>!<br></div><div class="battle-history"><small>(The opposing I like Turtles lost <abbr title="−15/22">68.2%</abbr> of its health!)</small><br></div><div class="spacer battle-history"><br></div><h2 class="battle-history">Turn 5</h2><div class="spacer battle-history"><br></div><div class="battle-history">The opposing I like Turtles used <strong>Aqua Jet</strong>!<br></div><div class="battle-history"><small>A critical hit!</small><br></div><div class="battle-history"><small>(Pancham lost <abbr title="−4/23">17.4%</abbr> of its health!)</small><br></div><div class="spacer battle-history"><br></div><div class="battle-history">Pancham used <strong>Drain Punch</strong>!<br></div><div class="battle-history"><small>(The opposing I like Turtles lost <abbr title="−7/22">31.8%</abbr> of its health!)</small><br></div><div class="battle-history"><small>The opposing I like Turtles had its energy drained!</small><br></div><div class="spacer battle-history"><br></div><div class="battle-history">The opposing I like Turtles fainted!<br></div><div class="spacer battle-history"><br></div><div class="battle-history">chuppy00 sent out Roady Po (<strong>Torchic</strong>)!<br></div><div class="spacer battle-history"><br></div><h2 class="battle-history">Turn 6</h2><div class="spacer battle-history"><br></div><div class="battle-history">The opposing Roady Po used <strong>Protect</strong>!<br></div><div class="battle-history"><small>The opposing Roady Po protected itself!</small><br></div><div class="spacer battle-history"><br></div><div class="battle-history">Pancham used <strong>Knock Off</strong>!<br></div><div class="battle-history"><small>The opposing Roady Po protected itself!</small><br></div><div class="spacer battle-history"><br></div><div class="battle-history"><small>[The opposing Roady Po's Speed Boost]</small><br></div><div class="battle-history"><small>The opposing Roady Po's Speed rose!</small><br></div><div class="spacer battle-history"><br></div><h2 class="battle-history">Turn 7</h2><div class="spacer battle-history"><br></div><div class="battle-history">The opposing Roady Po used <strong>Protect</strong>!<br></div><div class="battle-history"><small>But it failed!</small><br></div><div class="spacer battle-history"><br></div><div class="battle-history">Pancham used <strong>Knock Off</strong>!<br></div><div class="battle-history"><small>(The opposing Roady Po lost <abbr title="−12/21">57.1%</abbr> of its health!)</small><br></div><div class="battle-history"><small>Pancham knocked off the opposing Roady Po's Sitrus Berry!</small><br></div><div class="spacer battle-history"><br></div><div class="battle-history"><small>[The opposing Roady Po's Speed Boost]</small><br></div><div class="battle-history"><small>The opposing Roady Po's Speed rose!</small><br></div><div class="spacer battle-history"><br></div><h2 class="battle-history">Turn 8</h2><div class="spacer battle-history"><br></div><div class="battle-history">The opposing Roady Po used <strong>Night Slash</strong>!<br></div><div class="battle-history"><small>It's not very effective...</small><br></div><div class="battle-history"><small>(Pancham lost <abbr title="−1/23">4.3%</abbr> of its health!)</small><br></div><div class="spacer battle-history"><br></div><div class="battle-history">Pancham used <strong>Drain Punch</strong>!<br></div><div class="battle-history"><small>(The opposing Roady Po lost <abbr title="−9/21">42.9%</abbr> of its health!)</small><br></div><div class="battle-history"><small>The opposing Roady Po had its energy drained!</small><br></div><div class="spacer battle-history"><br></div><div class="battle-history">The opposing Roady Po fainted!<br></div><div class="spacer battle-history"><br></div><div class="battle-history">chuppy00 sent out Big Jo (<strong>Froakie</strong>)!<br></div><div class="spacer battle-history"><br></div><h2 class="battle-history">Turn 9</h2><div class="spacer battle-history"><br></div><div class="battle-history">The opposing Big Jo used <strong>Hydro Pump</strong>!<br></div><div class="battle-history"><small>Pancham avoided the attack!</small><br></div><div class="spacer battle-history"><br></div><div class="battle-history">Pancham used <strong>Knock Off</strong>!<br></div><div class="battle-history"><small>(The opposing Big Jo lost <abbr title="−13/20">65%</abbr> of its health!)</small><br></div><div class="battle-history"><small>Pancham knocked off the opposing Big Jo's Choice Specs!</small><br></div><div class="spacer battle-history"><br></div><h2 class="battle-history">Turn 10</h2><div class="spacer battle-history"><br></div><div class="battle-history">The opposing Big Jo used <strong>Hydro Pump</strong>!<br></div><div class="battle-history"><small>(Pancham lost <abbr title="−10/23">43.5%</abbr> of its health!)</small><br></div><div class="spacer battle-history"><br></div><div class="battle-history">Pancham used <strong>Drain Punch</strong>!<br></div><div class="battle-history"><small>(The opposing Big Jo lost <abbr title="−7/20">35%</abbr> of its health!)</small><br></div><div class="battle-history"><small>The opposing Big Jo had its energy drained!</small><br></div><div class="spacer battle-history"><br></div><div class="battle-history">The opposing Big Jo fainted!<br></div><div class="spacer battle-history"><br></div><div class="battle-history">chuppy00 sent out Goku (<strong>Chimchar</strong>)!<br></div><div class="spacer battle-history"><br></div><h2 class="battle-history">Turn 11</h2><div class="spacer battle-history"><br></div><div class="battle-history">The opposing Goku used <strong>Fake Out</strong>!<br></div><div class="battle-history"><small>A critical hit!</small><br></div><div class="battle-history"><small>(Pancham lost <abbr title="−6/23">26.1%</abbr> of its health!)</small><br></div><div class="battle-history"><small>The opposing Goku lost some of its HP!</small><br></div><div class="spacer battle-history"><br></div><div class="battle-history">Pancham flinched and couldn't move!<br></div><div class="spacer battle-history"><br></div><h2 class="battle-history">Turn 12</h2><div class="spacer battle-history"><br></div><div class="battle-history">The opposing Goku used <strong>Fire Punch</strong>!<br></div><div class="battle-history"><small>(Pancham lost <abbr title="−11/23">47.8%</abbr> of its health!)</small><br></div><div class="battle-history"><small>The opposing Goku lost some of its HP!</small><br></div><div class="spacer battle-history"><br></div><div class="battle-history">Pancham fainted!<br></div><div class="spacer battle-history"><br></div><div class="battle-history">Go! <strong>Elgyem</strong>!<br></div><div class="spacer battle-history"><br></div><h2 class="battle-history">Turn 13</h2><div class="spacer battle-history"><br></div><div class="battle-history">The opposing Goku used <strong>Gunk Shot</strong>!<br></div><div class="battle-history"><small>(Elgyem lost <abbr title="−10/22">45.5%</abbr> of its health!)</small><br></div><div class="battle-history"><small>Elgyem was poisoned!</small><br></div><div class="battle-history"><small>The opposing Goku lost some of its HP!</small><br></div><div class="spacer battle-history"><br></div><div class="battle-history">The opposing Goku fainted!<br></div><div class="spacer battle-history"><br></div><div class="battle-history"><strong>ngammer</strong> won the battle!<br></div><div class="chat"><small>chuppy00 left.</small></div><div class="chat">ngammer's rating: 1246 → <strong>1257</strong><br>(+11 for winning)</div><div class="chat">chuppy00's rating: 1025 → <strong>1019</strong><br>(-6 for losing)</div></div><div class="inner-preempt"></div></div></div>
</div>
<script>
let daily = Math.floor(Date.now()/1000/60/60/24);document.write('<script src="https://play.pokemonshowdown.com/js/replay-embed.js?version'+daily+'"></'+'script>');
</script>
