<!DOCTYPE html>
<meta charset="utf-8" />
<!-- version 1 -->
<title>LC replay: Voraz vs. twopnicb</title>
<style>
html,body {font-family:Verdana, sans-serif;font-size:10pt;margin:0;padding:0;}body{padding:12px 0;} .battle-log {font-family:Verdana, sans-serif;font-size:10pt;} .battle-log-inline {border:1px solid #AAAAAA;background:#EEF2F5;color:black;max-width:640px;margin:0 auto 80px;padding-bottom:5px;} .battle-log .inner {padding:4px 8px 0px 8px;} .battle-log .inner-preempt {padding:0 8px 4px 8px;} .battle-log .inner-after {margin-top:0.5em;} .battle-log h2 {margin:0.5em -8px;padding:4px 8px;border:1px solid #AAAAAA;background:#E0E7EA;border-left:0;border-right:0;font-family:Verdana, sans-serif;font-size:13pt;} .battle-log .chat {vertical-align:middle;padding:3px 0 3px 0;font-size:8pt;} .battle-log .chat strong {color:#40576A;} .battle-log .chat em {padding:1px 4px 1px 3px;color:#000000;font-style:normal;} .chat.mine {background:rgba(0,0,0,0.05);margin-left:-8px;margin-right:-8px;padding-left:8px;padding-right:8px;} .spoiler {color:#BBBBBB;background:#BBBBBB;padding:0px 3px;} .spoiler:hover, .spoiler:active, .spoiler-shown {color:#000000;background:#E2E2E2;padding:0px 3px;} .spoiler a {color:#BBBBBB;} .spoiler:hover a, .spoiler:active a, .spoiler-shown a {color:#2288CC;} .chat code, .chat .spoiler:hover code, .chat .spoiler:active code, .chat .spoiler-shown code {border:1px solid #C0C0C0;background:#EEEEEE;color:black;padding:0 2px;} .chat .spoiler code {border:1px solid #CCCCCC;background:#CCCCCC;color:#CCCCCC;} .battle-log .rated {padding:3px 4px;} .battle-log .rated strong {color:white;background:#89A;padding:1px 4px;border-radius:4px;} .spacer {margin-top:0.5em;} .message-announce {background:#6688AA;color:white;padding:1px 4px 2px;} .message-announce a, .broadcast-green a, .broadcast-blue a, .broadcast-red a {color:#DDEEFF;} .broadcast-green {background-color:#559955;color:white;padding:2px 4px;} .broadcast-blue {background-color:#6688AA;color:white;padding:2px 4px;} .infobox {border:1px solid #6688AA;padding:2px 4px;} .infobox-limited {max-height:200px;overflow:auto;overflow-x:hidden;} .broadcast-red {background-color:#AA5544;color:white;padding:2px 4px;} .message-learn-canlearn {font-weight:bold;color:#228822;text-decoration:underline;} .message-learn-cannotlearn {font-weight:bold;color:#CC2222;text-decoration:underline;} .message-effect-weak {font-weight:bold;color:#CC2222;} .message-effect-resist {font-weight:bold;color:#6688AA;} .message-effect-immune {font-weight:bold;color:#666666;} .message-learn-list {margin-top:0;margin-bottom:0;} .message-throttle-notice, .message-error {color:#992222;} .message-overflow, .chat small.message-overflow {font-size:0pt;} .message-overflow::before {font-size:9pt;content:'...';} .subtle {color:#3A4A66;}
</style>
<div class="wrapper replay-wrapper" style="max-width:1180px;margin:0 auto">
<input type="hidden" name="replayid" value="lc-532379916" />
<div class="battle"></div><div class="battle-log"></div><div class="replay-controls"></div><div class="replay-controls-2"></div>
<h1 style="font-weight:normal;text-align:center"><strong>LC</strong><br /><a href="http://pokemonshowdown.com/users/voraz" class="subtle" target="_blank">Voraz</a> vs. <a href="http://pokemonshowdown.com/users/twopnicb" class="subtle" target="_blank">twopnicb</a></h1>
<script type="text/plain" class="battle-log-data">|j|Voraz
|j|twopnicb
|player|p1|Voraz|18
|player|p2|twopnicb|1
|gametype|singles
|gen|6
|tier|LC
|seed|7364,55016,37144,33082
|clearpoke
|poke|p1|Mienfoo, L5, F|item
|poke|p1|Fletchling, L5, M|
|poke|p1|Staryu, L5, shiny|item
|poke|p1|Ponyta, L5, F|item
|poke|p1|Chinchou, L5, M|item
|poke|p1|Pawniard, L5, F|item
|poke|p2|Scraggy, L5, M|item
|poke|p2|Honedge, L5, M|item
|poke|p2|Chinchou, L5, M|item
|poke|p2|Timburr, L5, M|item
|poke|p2|Foongus, L5, M|item
|poke|p2|Archen, L5, M|
|rule|Sleep Clause Mod: Limit one foe put to sleep
|rule|Species Clause: Limit one of each Pokémon
|rule|OHKO Clause: OHKO moves are banned
|rule|Moody Clause: Moody is banned
|rule|Evasion Moves Clause: Evasion moves are banned
|rule|Endless Battle Clause: Forcing endless battles is banned
|rule|HP Percentage Mod: HP is shown in percentages
|teampreview
|choice|team 5, team 2, team 3, team 4, team 1, team 6|team 6, team 2, team 3, team 4, team 5, team 1
|
|start
|switch|p1a: Chinchou|Chinchou, L5, M|25\/25
|switch|p2a: Archen|Archen, L5, M|23\/23
|turn|1
|choice|move scald|move stealthrock
|
|move|p2a: Archen|Stealth Rock|p1a: Chinchou
|-sidestart|p1: Voraz|move: Stealth Rock
|move|p1a: Chinchou|Scald|p2a: Archen
|-supereffective|p2a: Archen
|-damage|p2a: Archen|3\/23
|
|upkeep
|turn|2
|j|Helderb
|c| Helderb|Yo
|choice|move voltswitch|switch 5
|
|switch|p2a: Foongus|Foongus, L5, M|25\/25
|move|p1a: Chinchou|Volt Switch|p2a: Foongus
|-resisted|p2a: Foongus
|-damage|p2a: Foongus|22\/25
|c| Helderb|Pegar o replay de vcs aqui
|c| Helderb|Boa Battle aos dois
|choice|switch 2|
|
|switch|p1a: Fletchling|Fletchling, L5, M|23\/23
|-damage|p1a: Fletchling|18\/23|[from] Stealth Rock
|
|upkeep
|turn|3
|choice|move uturn|switch 3
|
|switch|p2a: Chinchou|Chinchou, L5, M|25\/25
|move|p1a: Fletchling|U-turn|p2a: Chinchou
|-damage|p2a: Chinchou|19\/25
|choice|switch 5|
|
|switch|p1a: Mienfoo|Mienfoo, L5, F|21\/21
|-damage|p1a: Mienfoo|20\/21|[from] Stealth Rock
|
|upkeep
|turn|4
|choice|move knockoff|move thunderwave
|
|move|p1a: Mienfoo|Knock Off|p2a: Chinchou
|-damage|p2a: Chinchou|10\/25
|-enditem|p2a: Chinchou|Berry Juice|[from] move: Knock Off|[of] p1a: Mienfoo
|move|p2a: Chinchou|Thunder Wave|p1a: Mienfoo
|-status|p1a: Mienfoo|par
|
|upkeep
|turn|5
|choice|move drainpunch|move voltswitch
|
|move|p2a: Chinchou|Volt Switch|p1a: Mienfoo
|-damage|p1a: Mienfoo|13\/21 par
|choice||switch 5
|
|switch|p2a: Archen|Archen, L5, M|3\/23
|move|p1a: Mienfoo|Drain Punch|p2a: Archen
|-damage|p2a: Archen|0 fnt
|-heal|p1a: Mienfoo|15\/21 par|[from] drain|[of] p2a: Archen
|faint|p2a: Archen
|
|upkeep
|choice||switch 4
|
|switch|p2a: Timburr|Timburr, L5, M|24\/24
|turn|6
|choice|move acrobatics|move bulkup
|
|move|p2a: Timburr|Bulk Up|p2a: Timburr
|-boost|p2a: Timburr|atk|1
|-boost|p2a: Timburr|def|1
|cant|p1a: Mienfoo|par
|
|upkeep
|turn|7
|choice|switch 5|move knockoff
|
|switch|p1a: Fletchling|Fletchling, L5, M|18\/23
|-damage|p1a: Fletchling|13\/23|[from] Stealth Rock
|move|p2a: Timburr|Knock Off|p1a: Fletchling
|-damage|p1a: Fletchling|2\/23
|
|upkeep
|turn|8
|choice|move acrobatics|move machpunch
|
|move|p1a: Fletchling|Acrobatics|p2a: Timburr
|-supereffective|p2a: Timburr
|-damage|p2a: Timburr|10\/24
|move|p2a: Timburr|Mach Punch|p1a: Fletchling
|-damage|p1a: Fletchling|0 fnt
|faint|p1a: Fletchling
|
|upkeep
|choice|switch 2|
|
|switch|p1a: Chinchou|Chinchou, L5, M|25\/25
|-damage|p1a: Chinchou|22\/25|[from] Stealth Rock
|turn|9
|choice|move scald|move drainpunch
|
|move|p1a: Chinchou|Scald|p2a: Timburr
|-damage|p2a: Timburr|3\/24
|move|p2a: Timburr|Drain Punch|p1a: Chinchou
|-damage|p1a: Chinchou|6\/25
|-heal|p2a: Timburr|11\/24|[from] drain|[of] p1a: Chinchou
|-enditem|p1a: Chinchou|Berry Juice
|-heal|p1a: Chinchou|25\/25|[from] item: Berry Juice
|
|upkeep
|turn|10
|choice|move scald|move drainpunch
|
|move|p1a: Chinchou|Scald|p2a: Timburr
|-damage|p2a: Timburr|4\/24
|move|p2a: Timburr|Drain Punch|p1a: Chinchou
|-damage|p1a: Chinchou|7\/25
|-heal|p2a: Timburr|13\/24|[from] drain|[of] p1a: Chinchou
|
|upkeep
|turn|11
|choice|move scald|move drainpunch
|
|move|p1a: Chinchou|Scald|p2a: Timburr
|-damage|p2a: Timburr|6\/24
|move|p2a: Timburr|Drain Punch|p1a: Chinchou
|-damage|p1a: Chinchou|0 fnt
|-heal|p2a: Timburr|10\/24|[from] drain|[of] p1a: Chinchou
|faint|p1a: Chinchou
|
|upkeep
|choice|switch 4|
|
|switch|p1a: Ponyta|Ponyta, L5, F|21\/21
|-damage|p1a: Ponyta|16\/21|[from] Stealth Rock
|turn|12
|choice|move flareblitz|move drainpunch
|
|move|p1a: Ponyta|Flare Blitz|p2a: Timburr
|-damage|p2a: Timburr|3\/24
|-damage|p1a: Ponyta|14\/21|[from] recoil|[of] p2a: Timburr
|move|p2a: Timburr|Drain Punch|p1a: Ponyta
|-damage|p1a: Ponyta|4\/21
|-heal|p2a: Timburr|8\/24|[from] drain|[of] p1a: Ponyta
|
|upkeep
|turn|13
|choice|move willowisp|move machpunch
|
|move|p2a: Timburr|Mach Punch|p1a: Ponyta
|-damage|p1a: Ponyta|0 fnt
|faint|p1a: Ponyta
|
|upkeep
|choice|switch 3|
|
|switch|p1a: Staryu|Staryu, L5, shiny|20\/20
|-damage|p1a: Staryu|18\/20|[from] Stealth Rock
|turn|14
|choice|move scald|move drainpunch
|
|move|p1a: Staryu|Scald|p2a: Timburr
|-damage|p2a: Timburr|1\/24
|move|p2a: Timburr|Drain Punch|p1a: Staryu
|-damage|p1a: Staryu|6\/20
|-heal|p2a: Timburr|7\/24|[from] drain|[of] p1a: Staryu
|
|upkeep
|turn|15
|choice|move scald|move machpunch
|
|move|p2a: Timburr|Mach Punch|p1a: Staryu
|-damage|p1a: Staryu|0 fnt
|faint|p1a: Staryu
|
|upkeep
|choice|switch 5|
|
|switch|p1a: Mienfoo|Mienfoo, L5, F|21\/21 par
|-damage|p1a: Mienfoo|20\/21 par|[from] Stealth Rock
|turn|16
|choice|move drainpunch|move drainpunch
|
|move|p2a: Timburr|Drain Punch|p1a: Mienfoo
|-damage|p1a: Mienfoo|8\/21 par
|-heal|p2a: Timburr|13\/24|[from] drain|[of] p1a: Mienfoo
|move|p1a: Mienfoo|Drain Punch|p2a: Timburr
|-damage|p2a: Timburr|9\/24
|-heal|p1a: Mienfoo|10\/21 par|[from] drain|[of] p2a: Timburr
|
|upkeep
|turn|17
|choice|move acrobatics|move drainpunch
|
|move|p2a: Timburr|Drain Punch|p1a: Mienfoo
|-damage|p1a: Mienfoo|0 fnt
|-heal|p2a: Timburr|14\/24|[from] drain|[of] p1a: Mienfoo
|faint|p1a: Mienfoo
|
|upkeep
|choice|switch 6|
|
|switch|p1a: Pawniard|Pawniard, L5, F|21\/21
|-damage|p1a: Pawniard|20\/21|[from] Stealth Rock
|turn|18
|choice|move ironhead|move drainpunch
|
|move|p1a: Pawniard|Iron Head|p2a: Timburr
|-damage|p2a: Timburr|8\/24
|move|p2a: Timburr|Drain Punch|p1a: Pawniard
|-supereffective|p1a: Pawniard
|-damage|p1a: Pawniard|0 fnt
|-heal|p2a: Timburr|18\/24|[from] drain|[of] p1a: Pawniard
|faint|p1a: Pawniard
|
|win|twopnicb
|player|p1
|player|p2
|c| Helderb|GG
|l|Voraz</script>
</div>
<div class="battle-log battle-log-inline"><div class="inner"><div class="battle-options"></div><div class="inner"><div class="chat"><small>Voraz joined.</small></div><div class="chat"><small>twopnicb joined.</small></div><div class=""><small>Format:</small> <br><strong>LC</strong></div><div class=""><small><em>Sleep Clause Mod:</em> Limit one foe put to sleep</small></div><div class=""><small><em>Species Clause:</em> Limit one of each Pokémon</small></div><div class=""><small><em>OHKO Clause:</em> OHKO moves are banned</small></div><div class=""><small><em>Moody Clause:</em> Moody is banned</small></div><div class=""><small><em>Evasion Moves Clause:</em> Evasion moves are banned</small></div><div class=""><small><em>Endless Battle Clause:</em> Forcing endless battles is banned</small></div><div class=""><small><em>HP Percentage Mod:</em> HP is shown in percentages</small></div><div class="chat battle-history"><strong>Voraz's team:</strong> <em style="color:#445566;display:block;">Mienfoo / Fletchling / Staryu / Ponyta / Chinchou / Pawniard</em></div><div class="chat battle-history"><strong>twopnicb's team:</strong> <em style="color:#445566;display:block;">Scraggy / Honedge / Chinchou / Timburr / Foongus / Archen</em></div><div class="spacer battle-history"><br></div><div class="battle-history">Battle started between Voraz and twopnicb!<br></div><div class="spacer battle-history"><br></div><div class="battle-history">Go! <strong>Chinchou</strong>!<br></div><div class="spacer battle-history"><br></div><div class="battle-history">twopnicb sent out <strong>Archen</strong>!<br></div><div class="spacer battle-history"><br></div><h2 class="battle-history">Turn 1</h2><div class="spacer battle-history"><br></div><div class="battle-history">The opposing Archen used <strong>Stealth Rock</strong>!<br></div><div class="battle-history"><small>Pointed stones float in the air around your team!</small><br></div><div class="spacer battle-history"><br></div><div class="battle-history">Chinchou used <strong>Scald</strong>!<br></div><div class="battle-history"><small>It's super effective!</small><br></div><div class="battle-history"><small>(The opposing Archen lost <abbr title="−20/23">87.0%</abbr> of its health!)</small><br></div><div class="spacer battle-history"><br></div><h2 class="battle-history">Turn 2</h2><div class="chat"><small>Helderb joined.</small></div><div class="chat chatmessage-helderb"><strong style="color:hsl(235,67%,63.85232119029657%)"><small> </small><span class="username" data-name="Helderb">Helderb</span>:</strong> <em>Yo</em></div><div class="spacer battle-history"><br></div><div class="battle-history">twopnicb withdrew Archen!<br></div><div class="battle-history">twopnicb sent out <strong>Foongus</strong>!<br></div><div class="spacer battle-history"><br></div><div class="battle-history">Chinchou used <strong>Volt Switch</strong>!<br></div><div class="battle-history"><small>It's not very effective...</small><br></div><div class="battle-history"><small>(The opposing Foongus lost <abbr title="−3/25">12%</abbr> of its health!)</small><br></div><div class="chat chatmessage-helderb"><strong style="color:hsl(235,67%,63.85232119029657%)"><small> </small><span class="username" data-name="Helderb">Helderb</span>:</strong> <em>Pegar o replay de vcs aqui</em></div><div class="chat chatmessage-helderb"><strong style="color:hsl(235,67%,63.85232119029657%)"><small> </small><span class="username" data-name="Helderb">Helderb</span>:</strong> <em>Boa Battle aos dois</em></div><div class="spacer battle-history"><br></div><div class="battle-history">Chinchou went back to Voraz!<br></div><div class="battle-history">Go! <strong>Fletchling</strong>!<br></div><div class="battle-history"><small>Pointed stones dug into Fletchling!</small><br></div><div class="spacer battle-history"><br></div><h2 class="battle-history">Turn 3</h2><div class="spacer battle-history"><br></div><div class="battle-history">twopnicb withdrew Foongus!<br></div><div class="battle-history">twopnicb sent out <strong>Chinchou</strong>!<br></div><div class="spacer battle-history"><br></div><div class="battle-history">Fletchling used <strong>U-turn</strong>!<br></div><div class="battle-history"><small>(The opposing Chinchou lost <abbr title="−6/25">24%</abbr> of its health!)</small><br></div><div class="spacer battle-history"><br></div><div class="battle-history">Fletchling went back to Voraz!<br></div><div class="battle-history">Go! <strong>Mienfoo</strong>!<br></div><div class="battle-history"><small>Pointed stones dug into Mienfoo!</small><br></div><div class="spacer battle-history"><br></div><h2 class="battle-history">Turn 4</h2><div class="spacer battle-history"><br></div><div class="battle-history">Mienfoo used <strong>Knock Off</strong>!<br></div><div class="battle-history"><small>(The opposing Chinchou lost <abbr title="−9/25">36%</abbr> of its health!)</small><br></div><div class="battle-history"><small>Mienfoo knocked off the opposing Chinchou's Berry Juice!</small><br></div><div class="spacer battle-history"><br></div><div class="battle-history">The opposing Chinchou used <strong>Thunder Wave</strong>!<br></div><div class="battle-history"><small>Mienfoo is paralyzed! It may be unable to move!</small><br></div><div class="spacer battle-history"><br></div><h2 class="battle-history">Turn 5</h2><div class="spacer battle-history"><br></div><div class="battle-history">The opposing Chinchou used <strong>Volt Switch</strong>!<br></div><div class="battle-history"><small>(Mienfoo lost <abbr title="−7/21">33.3%</abbr> of its health!)</small><br></div><div class="spacer battle-history"><br></div><div class="battle-history">The opposing Chinchou went back to twopnicb!<br></div><div class="battle-history">twopnicb sent out <strong>Archen</strong>!<br></div><div class="spacer battle-history"><br></div><div class="battle-history">Mienfoo used <strong>Drain Punch</strong>!<br></div><div class="battle-history"><small>(The opposing Archen lost <abbr title="−3/23">13.0%</abbr> of its health!)</small><br></div><div class="battle-history"><small>The opposing Archen had its energy drained!</small><br></div><div class="spacer battle-history"><br></div><div class="battle-history">The opposing Archen fainted!<br></div><div class="spacer battle-history"><br></div><div class="battle-history">twopnicb sent out <strong>Timburr</strong>!<br></div><div class="spacer battle-history"><br></div><h2 class="battle-history">Turn 6</h2><div class="spacer battle-history"><br></div><div class="battle-history">The opposing Timburr used <strong>Bulk Up</strong>!<br></div><div class="battle-history"><small>The opposing Timburr's Attack rose!</small><br></div><div class="battle-history"><small>The opposing Timburr's Defense rose!</small><br></div><div class="spacer battle-history"><br></div><div class="battle-history">Mienfoo is paralyzed! It can't move!<br></div><div class="spacer battle-history"><br></div><h2 class="battle-history">Turn 7</h2><div class="spacer battle-history"><br></div><div class="battle-history">Mienfoo, come back!<br></div><div class="battle-history">Go! <strong>Fletchling</strong>!<br></div><div class="battle-history"><small>Pointed stones dug into Fletchling!</small><br></div><div class="spacer battle-history"><br></div><div class="battle-history">The opposing Timburr used <strong>Knock Off</strong>!<br></div><div class="battle-history"><small>(Fletchling lost <abbr title="−11/23">47.8%</abbr> of its health!)</small><br></div><div class="spacer battle-history"><br></div><h2 class="battle-history">Turn 8</h2><div class="spacer battle-history"><br></div><div class="battle-history">Fletchling used <strong>Acrobatics</strong>!<br></div><div class="battle-history"><small>It's super effective!</small><br></div><div class="battle-history"><small>(The opposing Timburr lost <abbr title="−14/24">58.3%</abbr> of its health!)</small><br></div><div class="spacer battle-history"><br></div><div class="battle-history">The opposing Timburr used <strong>Mach Punch</strong>!<br></div><div class="battle-history"><small>(Fletchling lost <abbr title="−2/23">8.7%</abbr> of its health!)</small><br></div><div class="spacer battle-history"><br></div><div class="battle-history">Fletchling fainted!<br></div><div class="spacer battle-history"><br></div><div class="battle-history">Go! <strong>Chinchou</strong>!<br></div><div class="battle-history"><small>Pointed stones dug into Chinchou!</small><br></div><div class="spacer battle-history"><br></div><h2 class="battle-history">Turn 9</h2><div class="spacer battle-history"><br></div><div class="battle-history">Chinchou used <strong>Scald</strong>!<br></div><div class="battle-history"><small>(The opposing Timburr lost <abbr title="−7/24">29.2%</abbr> of its health!)</small><br></div><div class="spacer battle-history"><br></div><div class="battle-history">The opposing Timburr used <strong>Drain Punch</strong>!<br></div><div class="battle-history"><small>(Chinchou lost <abbr title="−16/25">64%</abbr> of its health!)</small><br></div><div class="battle-history"><small>Chinchou had its energy drained!</small><br></div><div class="battle-history"><small>(Chinchou used its Berry Juice!)</small><br></div><div class="battle-history"><small>Chinchou restored HP using its Berry Juice!</small><br></div><div class="spacer battle-history"><br></div><h2 class="battle-history">Turn 10</h2><div class="spacer battle-history"><br></div><div class="battle-history">Chinchou used <strong>Scald</strong>!<br></div><div class="battle-history"><small>(The opposing Timburr lost <abbr title="−7/24">29.2%</abbr> of its health!)</small><br></div><div class="spacer battle-history"><br></div><div class="battle-history">The opposing Timburr used <strong>Drain Punch</strong>!<br></div><div class="battle-history"><small>(Chinchou lost <abbr title="−18/25">72%</abbr> of its health!)</small><br></div><div class="battle-history"><small>Chinchou had its energy drained!</small><br></div><div class="spacer battle-history"><br></div><h2 class="battle-history">Turn 11</h2><div class="spacer battle-history"><br></div><div class="battle-history">Chinchou used <strong>Scald</strong>!<br></div><div class="battle-history"><small>(The opposing Timburr lost <abbr title="−7/24">29.2%</abbr> of its health!)</small><br></div><div class="spacer battle-history"><br></div><div class="battle-history">The opposing Timburr used <strong>Drain Punch</strong>!<br></div><div class="battle-history"><small>(Chinchou lost <abbr title="−7/25">28.0%</abbr> of its health!)</small><br></div><div class="battle-history"><small>Chinchou had its energy drained!</small><br></div><div class="spacer battle-history"><br></div><div class="battle-history">Chinchou fainted!<br></div><div class="spacer battle-history"><br></div><div class="battle-history">Go! <strong>Ponyta</strong>!<br></div><div class="battle-history"><small>Pointed stones dug into Ponyta!</small><br></div><div class="spacer battle-history"><br></div><h2 class="battle-history">Turn 12</h2><div class="spacer battle-history"><br></div><div class="battle-history">Ponyta used <strong>Flare Blitz</strong>!<br></div><div class="battle-history"><small>(The opposing Timburr lost <abbr title="−7/24">29.2%</abbr> of its health!)</small><br></div><div class="battle-history"><small>Ponyta is damaged by the recoil!</small><br></div><div class="spacer battle-history"><br></div><div class="battle-history">The opposing Timburr used <strong>Drain Punch</strong>!<br></div><div class="battle-history"><small>(Ponyta lost <abbr title="−10/21">47.6%</abbr> of its health!)</small><br></div><div class="battle-history"><small>Ponyta had its energy drained!</small><br></div><div class="spacer battle-history"><br></div><h2 class="battle-history">Turn 13</h2><div class="spacer battle-history"><br></div><div class="battle-history">The opposing Timburr used <strong>Mach Punch</strong>!<br></div><div class="battle-history"><small>(Ponyta lost <abbr title="−4/21">19.0%</abbr> of its health!)</small><br></div><div class="spacer battle-history"><br></div><div class="battle-history">Ponyta fainted!<br></div><div class="spacer battle-history"><br></div><div class="battle-history">Go! <strong>Staryu</strong>!<br></div><div class="battle-history"><small>Pointed stones dug into Staryu!</small><br></div><div class="spacer battle-history"><br></div><h2 class="battle-history">Turn 14</h2><div class="spacer battle-history"><br></div><div class="battle-history">Staryu used <strong>Scald</strong>!<br></div><div class="battle-history"><small>(The opposing Timburr lost <abbr title="−7/24">29.2%</abbr> of its health!)</small><br></div><div class="spacer battle-history"><br></div><div class="battle-history">The opposing Timburr used <strong>Drain Punch</strong>!<br></div><div class="battle-history"><small>(Staryu lost <abbr title="−12/20">60%</abbr> of its health!)</small><br></div><div class="battle-history"><small>Staryu had its energy drained!</small><br></div><div class="spacer battle-history"><br></div><h2 class="battle-history">Turn 15</h2><div class="spacer battle-history"><br></div><div class="battle-history">The opposing Timburr used <strong>Mach Punch</strong>!<br></div><div class="battle-history"><small>(Staryu lost <abbr title="−6/20">30%</abbr> of its health!)</small><br></div><div class="spacer battle-history"><br></div><div class="battle-history">Staryu fainted!<br></div><div class="spacer battle-history"><br></div><div class="battle-history">Go! <strong>Mienfoo</strong>!<br></div><div class="battle-history"><small>Pointed stones dug into Mienfoo!</small><br></div><div class="spacer battle-history"><br></div><h2 class="battle-history">Turn 16</h2><div class="spacer battle-history"><br></div><div class="battle-history">The opposing Timburr used <strong>Drain Punch</strong>!<br></div><div class="battle-history"><small>(Mienfoo lost <abbr title="−12/21">57.1%</abbr> of its health!)</small><br></div><div class="battle-history"><small>Mienfoo had its energy drained!</small><br></div><div class="spacer battle-history"><br></div><div class="battle-history">Mienfoo used <strong>Drain Punch</strong>!<br></div><div class="battle-history"><small>(The opposing Timburr lost <abbr title="−4/24">16.7%</abbr> of its health!)</small><br></div><div class="battle-history"><small>The opposing Timburr had its energy drained!</small><br></div><div class="spacer battle-history"><br></div><h2 class="battle-history">Turn 17</h2><div class="spacer battle-history"><br></div><div class="battle-history">The opposing Timburr used <strong>Drain Punch</strong>!<br></div><div class="battle-history"><small>(Mienfoo lost <abbr title="−10/21">47.6%</abbr> of its health!)</small><br></div><div class="battle-history"><small>Mienfoo had its energy drained!</small><br></div><div class="spacer battle-history"><br></div><div class="battle-history">Mienfoo fainted!<br></div><div class="spacer battle-history"><br></div><div class="battle-history">Go! <strong>Pawniard</strong>!<br></div><div class="battle-history"><small>Pointed stones dug into Pawniard!</small><br></div><div class="spacer battle-history"><br></div><h2 class="battle-history">Turn 18</h2><div class="spacer battle-history"><br></div><div class="battle-history">Pawniard used <strong>Iron Head</strong>!<br></div><div class="battle-history"><small>(The opposing Timburr lost <abbr title="−6/24">25%</abbr> of its health!)</small><br></div><div class="spacer battle-history"><br></div><div class="battle-history">The opposing Timburr used <strong>Drain Punch</strong>!<br></div><div class="battle-history"><small>It's super effective!</small><br></div><div class="battle-history"><small>(Pawniard lost <abbr title="−20/21">95.2%</abbr> of its health!)</small><br></div><div class="battle-history"><small>Pawniard had its energy drained!</small><br></div><div class="spacer battle-history"><br></div><div class="battle-history">Pawniard fainted!<br></div><div class="spacer battle-history"><br></div><div class="battle-history"><strong>twopnicb</strong> won the battle!<br></div><div class="chat chatmessage-helderb"><strong style="color:hsl(235,67%,63.85232119029657%)"><small> </small><span class="username" data-name="Helderb">Helderb</span>:</strong> <em>GG</em></div><div class="chat"><small>Voraz left.</small></div></div><div class="inner-preempt"></div></div></div>
</div>
<script>
let daily = Math.floor(Date.now()/1000/60/60/24);document.write('<script src="https://play.pokemonshowdown.com/js/replay-embed.js?version'+daily+'"></'+'script>');
</script>
