<!DOCTYPE html>
<meta charset="utf-8" />
<!-- version 1 -->
<title>LC replay: nseliga vs. metalfrider</title>
<style>
html,body {font-family:Verdana, sans-serif;font-size:10pt;margin:0;padding:0;}body{padding:12px 0;} .battle-log {font-family:Verdana, sans-serif;font-size:10pt;} .battle-log-inline {border:1px solid #AAAAAA;background:#EEF2F5;color:black;max-width:640px;margin:0 auto 80px;padding-bottom:5px;} .battle-log .inner {padding:4px 8px 0px 8px;} .battle-log .inner-preempt {padding:0 8px 4px 8px;} .battle-log .inner-after {margin-top:0.5em;} .battle-log h2 {margin:0.5em -8px;padding:4px 8px;border:1px solid #AAAAAA;background:#E0E7EA;border-left:0;border-right:0;font-family:Verdana, sans-serif;font-size:13pt;} .battle-log .chat {vertical-align:middle;padding:3px 0 3px 0;font-size:8pt;} .battle-log .chat strong {color:#40576A;} .battle-log .chat em {padding:1px 4px 1px 3px;color:#000000;font-style:normal;} .chat.mine {background:rgba(0,0,0,0.05);margin-left:-8px;margin-right:-8px;padding-left:8px;padding-right:8px;} .spoiler {color:#BBBBBB;background:#BBBBBB;padding:0px 3px;} .spoiler:hover, .spoiler:active, .spoiler-shown {color:#000000;background:#E2E2E2;padding:0px 3px;} .spoiler a {color:#BBBBBB;} .spoiler:hover a, .spoiler:active a, .spoiler-shown a {color:#2288CC;} .chat code, .chat .spoiler:hover code, .chat .spoiler:active code, .chat .spoiler-shown code {border:1px solid #C0C0C0;background:#EEEEEE;color:black;padding:0 2px;} .chat .spoiler code {border:1px solid #CCCCCC;background:#CCCCCC;color:#CCCCCC;} .battle-log .rated {padding:3px 4px;} .battle-log .rated strong {color:white;background:#89A;padding:1px 4px;border-radius:4px;} .spacer {margin-top:0.5em;} .message-announce {background:#6688AA;color:white;padding:1px 4px 2px;} .message-announce a, .broadcast-green a, .broadcast-blue a, .broadcast-red a {color:#DDEEFF;} .broadcast-green {background-color:#559955;color:white;padding:2px 4px;} .broadcast-blue {background-color:#6688AA;color:white;padding:2px 4px;} .infobox {border:1px solid #6688AA;padding:2px 4px;} .infobox-limited {max-height:200px;overflow:auto;overflow-x:hidden;} .broadcast-red {background-color:#AA5544;color:white;padding:2px 4px;} .message-learn-canlearn {font-weight:bold;color:#228822;text-decoration:underline;} .message-learn-cannotlearn {font-weight:bold;color:#CC2222;text-decoration:underline;} .message-effect-weak {font-weight:bold;color:#CC2222;} .message-effect-resist {font-weight:bold;color:#6688AA;} .message-effect-immune {font-weight:bold;color:#666666;} .message-learn-list {margin-top:0;margin-bottom:0;} .message-throttle-notice, .message-error {color:#992222;} .message-overflow, .chat small.message-overflow {font-size:0pt;} .message-overflow::before {font-size:9pt;content:'...';} .subtle {color:#3A4A66;}
</style>
<div class="wrapper replay-wrapper" style="max-width:1180px;margin:0 auto">
<input type="hidden" name="replayid" value="lc-507561379" />
<div class="battle"></div><div class="battle-log"></div><div class="replay-controls"></div><div class="replay-controls-2"></div>
<h1 style="font-weight:normal;text-align:center"><strong>LC</strong><br /><a href="http://pokemonshowdown.com/users/nseliga" class="subtle" target="_blank">nseliga</a> vs. <a href="http://pokemonshowdown.com/users/metalfrider" class="subtle" target="_blank">metalfrider</a></h1>
<script type="text/plain" class="battle-log-data">|j|nseliga
|j|metalfrider
|player|p1|nseliga|220
|player|p2|metalfrider|282
|gametype|singles
|gen|6
|tier|LC
|seed|41800,14245,60603,41886
|clearpoke
|poke|p1|Fletchling, L5, M|
|poke|p1|Carvanha, L5, M|item
|poke|p1|Karrablast, L5, F|item
|poke|p1|Trubbish, L5, M|item
|poke|p1|Wooper, L5, F|item
|poke|p1|Corphish, L5, M|item
|poke|p2|Natu, L5, M|item
|poke|p2|Ponyta, L5, M|item
|poke|p2|Roggenrola, L5, F|item
|poke|p2|Porygon, L5|item
|poke|p2|Koffing, L5, F|item
|poke|p2|Meowth, L5, F|item
|rule|Sleep Clause Mod: Limit one foe put to sleep
|rule|Species Clause: Limit one of each Pokémon
|rule|OHKO Clause: OHKO moves are banned
|rule|Moody Clause: Moody is banned
|rule|Evasion Moves Clause: Evasion moves are banned
|rule|Endless Battle Clause: Forcing endless battles is banned
|rule|HP Percentage Mod: HP is shown in percentages
|teampreview
|c|★metalfrider|gl hf
|choice|team 4, team 2, team 3, team 1, team 5, team 6|team 6, team 2, team 3, team 4, team 5, team 1
|
|start
|switch|p1a: GPA|Trubbish, L5, M|21\/21
|switch|p2a: Thats Right!|Meowth, L5, F|21\/21
|turn|1
|c|★nseliga|u2
|choice|move spikes|move fakeout
|
|move|p2a: Thats Right!|Fake Out|p1a: GPA
|-damage|p1a: GPA|9\/21
|-enditem|p1a: GPA|Berry Juice
|-heal|p1a: GPA|21\/21|[from] item: Berry Juice
|-damage|p2a: Thats Right!|19\/21|[from] item: Life Orb
|cant|p1a: GPA|flinch
|
|upkeep
|turn|2
|choice|move recycle|move uturn
|
|move|p2a: Thats Right!|U-turn|p1a: GPA
|-resisted|p1a: GPA
|-damage|p1a: GPA|17\/21
|-damage|p2a: Thats Right!|17\/21|[from] item: Life Orb
|choice||switch 6
|
|switch|p2a: Vogel|Natu, L5, M|21\/21
|move|p1a: GPA|Recycle|p1a: GPA
|-item|p1a: GPA|Berry Juice|[from] move: Recycle
|
|upkeep
|turn|3
|choice|switch 2|move psychic
|
|switch|p1a: Sharkigator|Carvanha, L5, M|21\/21
|move|p2a: Vogel|Psychic|p1a: Sharkigator
|-immune|p1a: Sharkigator|[msg]
|
|upkeep
|turn|4
|choice|move crunch|move gigadrain
|
|move|p2a: Vogel|Giga Drain|p1a: Sharkigator
|-supereffective|p1a: Sharkigator
|-damage|p1a: Sharkigator|0 fnt
|faint|p1a: Sharkigator
|
|upkeep
|choice|switch 3|
|
|switch|p1a: Ugly God|Karrablast, L5, F|21\/21
|turn|5
|choice|move knockoff|switch 5
|
|switch|p2a: James|Koffing, L5, F|23\/23
|move|p1a: Ugly God|Knock Off|p2a: James
|-damage|p2a: James|18\/23
|-enditem|p2a: James|Eviolite|[from] move: Knock Off|[of] p1a: Ugly God
|
|upkeep
|turn|6
|choice|switch 5|move willowisp
|
|switch|p1a: Bob|Wooper, L5, F|23\/23
|move|p2a: James|Will-O-Wisp|p1a: Bob
|-status|p1a: Bob|brn
|
|-damage|p1a: Bob|21\/23 brn|[from] brn
|upkeep
|turn|7
|choice|move yawn|switch 4
|
|switch|p2a: Microsoft|Porygon, L5|23\/23
|-ability|p2a: Microsoft|Download|boost
|-boost|p2a: Microsoft|spa|1
|move|p1a: Bob|Yawn|p2a: Microsoft
|-start|p2a: Microsoft|move: Yawn|[of] p1a: Bob
|
|-damage|p1a: Bob|19\/23 brn|[from] brn
|upkeep
|turn|8
|choice|switch 2|switch 5
|
|switch|p2a: Vogel|Natu, L5, M|21\/21
|switch|p1a: GPA|Trubbish, L5, M|17\/21
|
|upkeep
|turn|9
|choice|move rockblast|move psychic
|
|move|p2a: Vogel|Psychic|p1a: GPA
|-supereffective|p1a: GPA
|-damage|p1a: GPA|0 fnt
|faint|p1a: GPA
|
|upkeep
|choice|switch 5|
|
|switch|p1a: Ugly God|Karrablast, L5, F|21\/21
|turn|10
|j|Burakoru
|choice|move megahorn|switch 4
|
|switch|p2a: James|Koffing, L5, F|18\/23
|move|p1a: Ugly God|Megahorn|p2a: James
|-resisted|p2a: James
|-damage|p2a: James|12\/23
|
|upkeep
|turn|11
|j|Oaks
|choice|switch 2|move painsplit
|
|switch|p1a: Bob|Wooper, L5, F|19\/23 brn
|move|p2a: James|Pain Split|p1a: Bob
|-sethp|p1a: Bob|15\/23 brn|p2a: James|15\/23|[from] move: Pain Split
|
|-damage|p1a: Bob|13\/23 brn|[from] brn
|upkeep
|turn|12
|choice|move recover|switch 4
|
|switch|p2a: Vogel|Natu, L5, M|21\/21
|move|p1a: Bob|Recover|p1a: Bob
|-heal|p1a: Bob|23\/23 brn
|
|-damage|p1a: Bob|21\/23 brn|[from] brn
|upkeep
|turn|13
|choice|switch 4|move psychic
|
|switch|p1a: Pipe?|Fletchling, L5, M|23\/23
|move|p2a: Vogel|Psychic|p1a: Pipe?
|-damage|p1a: Pipe?|8\/23
|
|upkeep
|turn|14
|choice|move acrobatics|move psychic
|
|move|p1a: Pipe?|Acrobatics|p2a: Vogel
|-damage|p2a: Vogel|5\/21
|move|p2a: Vogel|Psychic|p1a: Pipe?
|-crit|p1a: Pipe?
|-damage|p1a: Pipe?|0 fnt
|faint|p1a: Pipe?
|
|upkeep
|choice|switch 6|
|
|switch|p1a: Gucci Mane|Corphish, L5, M|20\/20
|turn|15
|choice|move aquajet|move gigadrain
|
|move|p1a: Gucci Mane|Aqua Jet|p2a: Vogel
|-damage|p2a: Vogel|0 fnt
|faint|p2a: Vogel
|
|upkeep
|choice||switch 5
|
|switch|p2a: Microsoft|Porygon, L5|23\/23
|-ability|p2a: Microsoft|Download|boost
|-boost|p2a: Microsoft|spa|1
|turn|16
|choice|switch 4|move triattack
|
|switch|p1a: Bob|Wooper, L5, F|21\/23 brn
|move|p2a: Microsoft|Tri Attack|p1a: Bob
|-damage|p1a: Bob|8\/23 brn
|
|-damage|p1a: Bob|6\/23 brn|[from] brn
|upkeep
|turn|17
|choice|move yawn|move triattack
|
|move|p2a: Microsoft|Tri Attack|p1a: Bob
|-damage|p1a: Bob|0 fnt
|faint|p1a: Bob
|
|upkeep
|choice|switch 2|
|
|switch|p1a: Ugly God|Karrablast, L5, F|21\/21
|turn|18
|choice|move knockoff|switch 4
|
|switch|p2a: James|Koffing, L5, F|15\/23
|move|p1a: Ugly God|Knock Off|p2a: James
|-damage|p2a: James|10\/23
|
|upkeep
|turn|19
|choice|move knockoff|move willowisp
|
|move|p1a: Ugly God|Knock Off|p2a: James
|-damage|p2a: James|5\/23
|move|p2a: James|Will-O-Wisp|p1a: Ugly God
|-status|p1a: Ugly God|brn
|
|-damage|p1a: Ugly God|19\/21 brn|[from] brn
|upkeep
|turn|20
|choice|switch 4|move painsplit
|
|switch|p1a: Gucci Mane|Corphish, L5, M|20\/20
|move|p2a: James|Pain Split|p1a: Gucci Mane
|-sethp|p1a: Gucci Mane|12\/20|p2a: James|12\/23|[from] move: Pain Split
|
|upkeep
|turn|21
|choice|move crabhammer|move willowisp
|
|move|p2a: James|Will-O-Wisp|p1a: Gucci Mane
|-status|p1a: Gucci Mane|brn
|move|p1a: Gucci Mane|Crabhammer|p2a: James
|-damage|p2a: James|4\/23
|
|-damage|p1a: Gucci Mane|10\/20 brn|[from] brn
|upkeep
|turn|22
|choice|move aquajet|move painsplit
|
|move|p1a: Gucci Mane|Aqua Jet|p2a: James
|-damage|p2a: James|1\/23
|move|p2a: James|Pain Split|p1a: Gucci Mane
|-sethp|p1a: Gucci Mane|5\/20 brn|p2a: James|5\/23|[from] move: Pain Split
|
|-damage|p1a: Gucci Mane|3\/20 brn|[from] brn
|upkeep
|turn|23
|choice|move crabhammer|move sludgebomb
|
|move|p2a: James|Sludge Bomb|p1a: Gucci Mane
|-damage|p1a: Gucci Mane|0 fnt
|faint|p1a: Gucci Mane
|
|upkeep
|choice|switch 4|
|
|switch|p1a: Ugly God|Karrablast, L5, F|19\/21 brn
|turn|24
|choice|move facade|move painsplit
|
|move|p1a: Ugly God|Facade|p2a: James
|-damage|p2a: James|0 fnt
|faint|p2a: James
|
|-damage|p1a: Ugly God|17\/21 brn|[from] brn
|upkeep
|choice||switch 2
|
|switch|p2a: MyLittlePony|Ponyta, L5, M|22\/22
|turn|25
|choice|move facade|move fireblast
|
|move|p1a: Ugly God|Facade|p2a: MyLittlePony
|-damage|p2a: MyLittlePony|11\/22
|move|p2a: MyLittlePony|Fire Blast|p1a: Ugly God
|-supereffective|p1a: Ugly God
|-damage|p1a: Ugly God|0 fnt
|faint|p1a: Ugly God
|
|win|metalfrider
|player|p1
|player|p2
|c|★nseliga|gg
|c|★metalfrider|gg
|c|★metalfrider|special pony couldnt shine but at least it finished it</script>
</div>
<div class="battle-log battle-log-inline"><div class="inner"><div class="battle-options"></div><div class="inner"><div class="chat"><small>nseliga joined.</small></div><div class="chat"><small>metalfrider joined.</small></div><div class=""><small>Format:</small> <br><strong>LC</strong></div><div class=""><small><em>Sleep Clause Mod:</em> Limit one foe put to sleep</small></div><div class=""><small><em>Species Clause:</em> Limit one of each Pokémon</small></div><div class=""><small><em>OHKO Clause:</em> OHKO moves are banned</small></div><div class=""><small><em>Moody Clause:</em> Moody is banned</small></div><div class=""><small><em>Evasion Moves Clause:</em> Evasion moves are banned</small></div><div class=""><small><em>Endless Battle Clause:</em> Forcing endless battles is banned</small></div><div class=""><small><em>HP Percentage Mod:</em> HP is shown in percentages</small></div><div class="chat battle-history"><strong>nseliga's team:</strong> <em style="color:#445566;display:block;">Fletchling / Carvanha / Karrablast / Trubbish / Wooper / Corphish</em></div><div class="chat battle-history"><strong>metalfrider's team:</strong> <em style="color:#445566;display:block;">Natu / Ponyta / Roggenrola / Porygon / Koffing / Meowth</em></div><div class="chat chatmessage-metalfrider"><strong style="color:hsl(168,48%,42%)"><small>★</small><span class="username" data-name="metalfrider">metalfrider</span>:</strong> <em>gl hf</em></div><div class="spacer battle-history"><br></div><div class="battle-history">Battle started between nseliga and metalfrider!<br></div><div class="spacer battle-history"><br></div><div class="battle-history">Go! GPA (<strong>Trubbish</strong>)!<br></div><div class="spacer battle-history"><br></div><div class="battle-history">metalfrider sent out Thats Right! (<strong>Meowth</strong>)!<br></div><div class="spacer battle-history"><br></div><h2 class="battle-history">Turn 1</h2><div class="chat chatmessage-nseliga"><strong style="color:hsl(257,56%,60.14503343745811%)"><small>★</small><span class="username" data-name="nseliga">nseliga</span>:</strong> <em>u2</em></div><div class="spacer battle-history"><br></div><div class="battle-history">The opposing Thats Right! used <strong>Fake Out</strong>!<br></div><div class="battle-history"><small>(GPA lost <abbr title="−12/21">57.1%</abbr> of its health!)</small><br></div><div class="battle-history"><small>(GPA used its Berry Juice!)</small><br></div><div class="battle-history"><small>GPA restored HP using its Berry Juice!</small><br></div><div class="battle-history"><small>The opposing Thats Right! lost some of its HP!</small><br></div><div class="spacer battle-history"><br></div><div class="battle-history">GPA flinched and couldn't move!<br></div><div class="spacer battle-history"><br></div><h2 class="battle-history">Turn 2</h2><div class="spacer battle-history"><br></div><div class="battle-history">The opposing Thats Right! used <strong>U-turn</strong>!<br></div><div class="battle-history"><small>It's not very effective...</small><br></div><div class="battle-history"><small>(GPA lost <abbr title="−4/21">19.0%</abbr> of its health!)</small><br></div><div class="battle-history"><small>The opposing Thats Right! lost some of its HP!</small><br></div><div class="spacer battle-history"><br></div><div class="battle-history">The opposing Thats Right! went back to metalfrider!<br></div><div class="battle-history">metalfrider sent out Vogel (<strong>Natu</strong>)!<br></div><div class="spacer battle-history"><br></div><div class="battle-history">GPA used <strong>Recycle</strong>!<br></div><div class="battle-history"><small>GPA found one Berry Juice!</small><br></div><div class="spacer battle-history"><br></div><h2 class="battle-history">Turn 3</h2><div class="spacer battle-history"><br></div><div class="battle-history">GPA, come back!<br></div><div class="battle-history">Go! Sharkigator (<strong>Carvanha</strong>)!<br></div><div class="spacer battle-history"><br></div><div class="battle-history">The opposing Vogel used <strong>Psychic</strong>!<br></div><div class="battle-history"><small>It doesn't affect Sharkigator...</small><br></div><div class="spacer battle-history"><br></div><h2 class="battle-history">Turn 4</h2><div class="spacer battle-history"><br></div><div class="battle-history">The opposing Vogel used <strong>Giga Drain</strong>!<br></div><div class="battle-history"><small>It's super effective!</small><br></div><div class="battle-history"><small>(Sharkigator lost <abbr title="−21/21">100%</abbr> of its health!)</small><br></div><div class="spacer battle-history"><br></div><div class="battle-history">Sharkigator fainted!<br></div><div class="spacer battle-history"><br></div><div class="battle-history">Go! Ugly God (<strong>Karrablast</strong>)!<br></div><div class="spacer battle-history"><br></div><h2 class="battle-history">Turn 5</h2><div class="spacer battle-history"><br></div><div class="battle-history">metalfrider withdrew Vogel!<br></div><div class="battle-history">metalfrider sent out James (<strong>Koffing</strong>)!<br></div><div class="spacer battle-history"><br></div><div class="battle-history">Ugly God used <strong>Knock Off</strong>!<br></div><div class="battle-history"><small>(The opposing James lost <abbr title="−5/23">21.7%</abbr> of its health!)</small><br></div><div class="battle-history"><small>Ugly God knocked off the opposing James's Eviolite!</small><br></div><div class="spacer battle-history"><br></div><h2 class="battle-history">Turn 6</h2><div class="spacer battle-history"><br></div><div class="battle-history">Ugly God, come back!<br></div><div class="battle-history">Go! Bob (<strong>Wooper</strong>)!<br></div><div class="spacer battle-history"><br></div><div class="battle-history">The opposing James used <strong>Will-O-Wisp</strong>!<br></div><div class="battle-history"><small>Bob was burned!</small><br></div><div class="spacer battle-history"><br></div><div class="battle-history"><small>Bob was hurt by its burn!</small><br></div><div class="spacer battle-history"><br></div><h2 class="battle-history">Turn 7</h2><div class="spacer battle-history"><br></div><div class="battle-history">metalfrider withdrew James!<br></div><div class="battle-history">metalfrider sent out Microsoft (<strong>Porygon</strong>)!<br></div><div class="battle-history"><small>[The opposing Microsoft's Download]</small><br></div><div class="battle-history"><small>The opposing Microsoft's Special Attack rose!</small><br></div><div class="spacer battle-history"><br></div><div class="battle-history">Bob used <strong>Yawn</strong>!<br></div><div class="battle-history"><small>The opposing Microsoft grew drowsy!</small><br></div><div class="spacer battle-history"><br></div><div class="battle-history"><small>Bob was hurt by its burn!</small><br></div><div class="spacer battle-history"><br></div><h2 class="battle-history">Turn 8</h2><div class="spacer battle-history"><br></div><div class="battle-history">metalfrider withdrew Microsoft!<br></div><div class="battle-history">metalfrider sent out Vogel (<strong>Natu</strong>)!<br></div><div class="spacer battle-history"><br></div><div class="battle-history">Bob, come back!<br></div><div class="battle-history">Go! GPA (<strong>Trubbish</strong>)!<br></div><div class="spacer battle-history"><br></div><h2 class="battle-history">Turn 9</h2><div class="spacer battle-history"><br></div><div class="battle-history">The opposing Vogel used <strong>Psychic</strong>!<br></div><div class="battle-history"><small>It's super effective!</small><br></div><div class="battle-history"><small>(GPA lost <abbr title="−17/21">81.0%</abbr> of its health!)</small><br></div><div class="spacer battle-history"><br></div><div class="battle-history">GPA fainted!<br></div><div class="spacer battle-history"><br></div><div class="battle-history">Go! Ugly God (<strong>Karrablast</strong>)!<br></div><div class="spacer battle-history"><br></div><h2 class="battle-history">Turn 10</h2><div class="chat"><small>Burakoru joined.</small></div><div class="spacer battle-history"><br></div><div class="battle-history">metalfrider withdrew Vogel!<br></div><div class="battle-history">metalfrider sent out James (<strong>Koffing</strong>)!<br></div><div class="spacer battle-history"><br></div><div class="battle-history">Ugly God used <strong>Megahorn</strong>!<br></div><div class="battle-history"><small>It's not very effective...</small><br></div><div class="battle-history"><small>(The opposing James lost <abbr title="−6/23">26.1%</abbr> of its health!)</small><br></div><div class="spacer battle-history"><br></div><h2 class="battle-history">Turn 11</h2><div class="chat"><small>Oaks joined.</small></div><div class="spacer battle-history"><br></div><div class="battle-history">Ugly God, come back!<br></div><div class="battle-history">Go! Bob (<strong>Wooper</strong>)!<br></div><div class="spacer battle-history"><br></div><div class="battle-history">The opposing James used <strong>Pain Split</strong>!<br></div><div class="battle-history"><small>The battlers shared their pain!</small><br></div><div class="spacer battle-history"><br></div><div class="battle-history"><small>Bob was hurt by its burn!</small><br></div><div class="spacer battle-history"><br></div><h2 class="battle-history">Turn 12</h2><div class="spacer battle-history"><br></div><div class="battle-history">metalfrider withdrew James!<br></div><div class="battle-history">metalfrider sent out Vogel (<strong>Natu</strong>)!<br></div><div class="spacer battle-history"><br></div><div class="battle-history">Bob used <strong>Recover</strong>!<br></div><div class="battle-history"><small>Bob restored its HP.</small><br></div><div class="spacer battle-history"><br></div><div class="battle-history"><small>Bob was hurt by its burn!</small><br></div><div class="spacer battle-history"><br></div><h2 class="battle-history">Turn 13</h2><div class="spacer battle-history"><br></div><div class="battle-history">Bob, come back!<br></div><div class="battle-history">Go! Pipe? (<strong>Fletchling</strong>)!<br></div><div class="spacer battle-history"><br></div><div class="battle-history">The opposing Vogel used <strong>Psychic</strong>!<br></div><div class="battle-history"><small>(Pipe? lost <abbr title="−15/23">65.2%</abbr> of its health!)</small><br></div><div class="spacer battle-history"><br></div><h2 class="battle-history">Turn 14</h2><div class="spacer battle-history"><br></div><div class="battle-history">Pipe? used <strong>Acrobatics</strong>!<br></div><div class="battle-history"><small>(The opposing Vogel lost <abbr title="−16/21">76.2%</abbr> of its health!)</small><br></div><div class="spacer battle-history"><br></div><div class="battle-history">The opposing Vogel used <strong>Psychic</strong>!<br></div><div class="battle-history"><small>A critical hit!</small><br></div><div class="battle-history"><small>(Pipe? lost <abbr title="−8/23">34.8%</abbr> of its health!)</small><br></div><div class="spacer battle-history"><br></div><div class="battle-history">Pipe? fainted!<br></div><div class="spacer battle-history"><br></div><div class="battle-history">Go! Gucci Mane (<strong>Corphish</strong>)!<br></div><div class="spacer battle-history"><br></div><h2 class="battle-history">Turn 15</h2><div class="spacer battle-history"><br></div><div class="battle-history">Gucci Mane used <strong>Aqua Jet</strong>!<br></div><div class="battle-history"><small>(The opposing Vogel lost <abbr title="−5/21">23.8%</abbr> of its health!)</small><br></div><div class="spacer battle-history"><br></div><div class="battle-history">The opposing Vogel fainted!<br></div><div class="spacer battle-history"><br></div><div class="battle-history">metalfrider sent out Microsoft (<strong>Porygon</strong>)!<br></div><div class="battle-history"><small>[The opposing Microsoft's Download]</small><br></div><div class="battle-history"><small>The opposing Microsoft's Special Attack rose!</small><br></div><div class="spacer battle-history"><br></div><h2 class="battle-history">Turn 16</h2><div class="spacer battle-history"><br></div><div class="battle-history">Gucci Mane, come back!<br></div><div class="battle-history">Go! Bob (<strong>Wooper</strong>)!<br></div><div class="spacer battle-history"><br></div><div class="battle-history">The opposing Microsoft used <strong>Tri Attack</strong>!<br></div><div class="battle-history"><small>(Bob lost <abbr title="−13/23">56.5%</abbr> of its health!)</small><br></div><div class="spacer battle-history"><br></div><div class="battle-history"><small>Bob was hurt by its burn!</small><br></div><div class="spacer battle-history"><br></div><h2 class="battle-history">Turn 17</h2><div class="spacer battle-history"><br></div><div class="battle-history">The opposing Microsoft used <strong>Tri Attack</strong>!<br></div><div class="battle-history"><small>(Bob lost <abbr title="−6/23">26.1%</abbr> of its health!)</small><br></div><div class="spacer battle-history"><br></div><div class="battle-history">Bob fainted!<br></div><div class="spacer battle-history"><br></div><div class="battle-history">Go! Ugly God (<strong>Karrablast</strong>)!<br></div><div class="spacer battle-history"><br></div><h2 class="battle-history">Turn 18</h2><div class="spacer battle-history"><br></div><div class="battle-history">metalfrider withdrew Microsoft!<br></div><div class="battle-history">metalfrider sent out James (<strong>Koffing</strong>)!<br></div><div class="spacer battle-history"><br></div><div class="battle-history">Ugly God used <strong>Knock Off</strong>!<br></div><div class="battle-history"><small>(The opposing James lost <abbr title="−5/23">21.7%</abbr> of its health!)</small><br></div><div class="spacer battle-history"><br></div><h2 class="battle-history">Turn 19</h2><div class="spacer battle-history"><br></div><div class="battle-history">Ugly God used <strong>Knock Off</strong>!<br></div><div class="battle-history"><small>(The opposing James lost <abbr title="−5/23">21.7%</abbr> of its health!)</small><br></div><div class="spacer battle-history"><br></div><div class="battle-history">The opposing James used <strong>Will-O-Wisp</strong>!<br></div><div class="battle-history"><small>Ugly God was burned!</small><br></div><div class="spacer battle-history"><br></div><div class="battle-history"><small>Ugly God was hurt by its burn!</small><br></div><div class="spacer battle-history"><br></div><h2 class="battle-history">Turn 20</h2><div class="spacer battle-history"><br></div><div class="battle-history">Ugly God, come back!<br></div><div class="battle-history">Go! Gucci Mane (<strong>Corphish</strong>)!<br></div><div class="spacer battle-history"><br></div><div class="battle-history">The opposing James used <strong>Pain Split</strong>!<br></div><div class="battle-history"><small>The battlers shared their pain!</small><br></div><div class="spacer battle-history"><br></div><h2 class="battle-history">Turn 21</h2><div class="spacer battle-history"><br></div><div class="battle-history">The opposing James used <strong>Will-O-Wisp</strong>!<br></div><div class="battle-history"><small>Gucci Mane was burned!</small><br></div><div class="spacer battle-history"><br></div><div class="battle-history">Gucci Mane used <strong>Crabhammer</strong>!<br></div><div class="battle-history"><small>(The opposing James lost <abbr title="−8/23">34.8%</abbr> of its health!)</small><br></div><div class="spacer battle-history"><br></div><div class="battle-history"><small>Gucci Mane was hurt by its burn!</small><br></div><div class="spacer battle-history"><br></div><h2 class="battle-history">Turn 22</h2><div class="spacer battle-history"><br></div><div class="battle-history">Gucci Mane used <strong>Aqua Jet</strong>!<br></div><div class="battle-history"><small>(The opposing James lost <abbr title="−3/23">13.0%</abbr> of its health!)</small><br></div><div class="spacer battle-history"><br></div><div class="battle-history">The opposing James used <strong>Pain Split</strong>!<br></div><div class="battle-history"><small>The battlers shared their pain!</small><br></div><div class="spacer battle-history"><br></div><div class="battle-history"><small>Gucci Mane was hurt by its burn!</small><br></div><div class="spacer battle-history"><br></div><h2 class="battle-history">Turn 23</h2><div class="spacer battle-history"><br></div><div class="battle-history">The opposing James used <strong>Sludge Bomb</strong>!<br></div><div class="battle-history"><small>(Gucci Mane lost <abbr title="−3/20">15%</abbr> of its health!)</small><br></div><div class="spacer battle-history"><br></div><div class="battle-history">Gucci Mane fainted!<br></div><div class="spacer battle-history"><br></div><div class="battle-history">Go! Ugly God (<strong>Karrablast</strong>)!<br></div><div class="spacer battle-history"><br></div><h2 class="battle-history">Turn 24</h2><div class="spacer battle-history"><br></div><div class="battle-history">Ugly God used <strong>Facade</strong>!<br></div><div class="battle-history"><small>(The opposing James lost <abbr title="−5/23">21.7%</abbr> of its health!)</small><br></div><div class="spacer battle-history"><br></div><div class="battle-history">The opposing James fainted!<br></div><div class="spacer battle-history"><br></div><div class="battle-history"><small>Ugly God was hurt by its burn!</small><br></div><div class="spacer battle-history"><br></div><div class="battle-history">metalfrider sent out MyLittlePony (<strong>Ponyta</strong>)!<br></div><div class="spacer battle-history"><br></div><h2 class="battle-history">Turn 25</h2><div class="spacer battle-history"><br></div><div class="battle-history">Ugly God used <strong>Facade</strong>!<br></div><div class="battle-history"><small>(The opposing MyLittlePony lost <abbr title="−11/22">50%</abbr> of its health!)</small><br></div><div class="spacer battle-history"><br></div><div class="battle-history">The opposing MyLittlePony used <strong>Fire Blast</strong>!<br></div><div class="battle-history"><small>It's super effective!</small><br></div><div class="battle-history"><small>(Ugly God lost <abbr title="−17/21">81.0%</abbr> of its health!)</small><br></div><div class="spacer battle-history"><br></div><div class="battle-history">Ugly God fainted!<br></div><div class="spacer battle-history"><br></div><div class="battle-history"><strong>metalfrider</strong> won the battle!<br></div><div class="chat chatmessage-nseliga"><strong style="color:hsl(257,56%,60.14503343745811%)"><small>★</small><span class="username" data-name="nseliga">nseliga</span>:</strong> <em>gg</em></div><div class="chat chatmessage-metalfrider"><strong style="color:hsl(168,48%,42%)"><small>★</small><span class="username" data-name="metalfrider">metalfrider</span>:</strong> <em>gg</em></div><div class="chat chatmessage-metalfrider"><strong style="color:hsl(168,48%,42%)"><small>★</small><span class="username" data-name="metalfrider">metalfrider</span>:</strong> <em>special pony couldnt shine but at least it finished it</em></div></div><div class="inner-preempt"></div></div></div>
</div>
<script>
let daily = Math.floor(Date.now()/1000/60/60/24);document.write('<script src="https://play.pokemonshowdown.com/js/replay-embed.js?version'+daily+'"></'+'script>');
</script>
