<!DOCTYPE html>
<meta charset="utf-8" />
<!-- version 1 -->
<title>LC replay: Pokuin vs. Lass Carressa</title>
<style>
html,body {font-family:Verdana, sans-serif;font-size:10pt;margin:0;padding:0;}body{padding:12px 0;} .battle-log {font-family:Verdana, sans-serif;font-size:10pt;} .battle-log-inline {border:1px solid #AAAAAA;background:#EEF2F5;color:black;max-width:640px;margin:0 auto 80px;padding-bottom:5px;} .battle-log .inner {padding:4px 8px 0px 8px;} .battle-log .inner-preempt {padding:0 8px 4px 8px;} .battle-log .inner-after {margin-top:0.5em;} .battle-log h2 {margin:0.5em -8px;padding:4px 8px;border:1px solid #AAAAAA;background:#E0E7EA;border-left:0;border-right:0;font-family:Verdana, sans-serif;font-size:13pt;} .battle-log .chat {vertical-align:middle;padding:3px 0 3px 0;font-size:8pt;} .battle-log .chat strong {color:#40576A;} .battle-log .chat em {padding:1px 4px 1px 3px;color:#000000;font-style:normal;} .chat.mine {background:rgba(0,0,0,0.05);margin-left:-8px;margin-right:-8px;padding-left:8px;padding-right:8px;} .spoiler {color:#BBBBBB;background:#BBBBBB;padding:0px 3px;} .spoiler:hover, .spoiler:active, .spoiler-shown {color:#000000;background:#E2E2E2;padding:0px 3px;} .spoiler a {color:#BBBBBB;} .spoiler:hover a, .spoiler:active a, .spoiler-shown a {color:#2288CC;} .chat code, .chat .spoiler:hover code, .chat .spoiler:active code, .chat .spoiler-shown code {border:1px solid #C0C0C0;background:#EEEEEE;color:black;padding:0 2px;} .chat .spoiler code {border:1px solid #CCCCCC;background:#CCCCCC;color:#CCCCCC;} .battle-log .rated {padding:3px 4px;} .battle-log .rated strong {color:white;background:#89A;padding:1px 4px;border-radius:4px;} .spacer {margin-top:0.5em;} .message-announce {background:#6688AA;color:white;padding:1px 4px 2px;} .message-announce a, .broadcast-green a, .broadcast-blue a, .broadcast-red a {color:#DDEEFF;} .broadcast-green {background-color:#559955;color:white;padding:2px 4px;} .broadcast-blue {background-color:#6688AA;color:white;padding:2px 4px;} .infobox {border:1px solid #6688AA;padding:2px 4px;} .infobox-limited {max-height:200px;overflow:auto;overflow-x:hidden;} .broadcast-red {background-color:#AA5544;color:white;padding:2px 4px;} .message-learn-canlearn {font-weight:bold;color:#228822;text-decoration:underline;} .message-learn-cannotlearn {font-weight:bold;color:#CC2222;text-decoration:underline;} .message-effect-weak {font-weight:bold;color:#CC2222;} .message-effect-resist {font-weight:bold;color:#6688AA;} .message-effect-immune {font-weight:bold;color:#666666;} .message-learn-list {margin-top:0;margin-bottom:0;} .message-throttle-notice, .message-error {color:#992222;} .message-overflow, .chat small.message-overflow {font-size:0pt;} .message-overflow::before {font-size:9pt;content:'...';} .subtle {color:#3A4A66;}
</style>
<div class="wrapper replay-wrapper" style="max-width:1180px;margin:0 auto">
<input type="hidden" name="replayid" value="lc-489752767" />
<div class="battle"></div><div class="battle-log"></div><div class="replay-controls"></div><div class="replay-controls-2"></div>
<h1 style="font-weight:normal;text-align:center"><strong>LC</strong><br /><a href="http://pokemonshowdown.com/users/pokuin" class="subtle" target="_blank">Pokuin</a> vs. <a href="http://pokemonshowdown.com/users/lasscarressa" class="subtle" target="_blank">Lass Carressa</a></h1>
<script type="text/plain" class="battle-log-data">|j|Pokuin
|j|Lass Carressa
|player|p1|Pokuin|169
|player|p2|Lass Carressa|211
|gametype|singles
|gen|6
|tier|LC
|rated
|seed|48674,33251,9481,20956
|clearpoke
|poke|p1|Charmander, L5, M, shiny|item
|poke|p1|Totodile, L5, M, shiny|item
|poke|p1|Treecko, L5, F, shiny|item
|poke|p1|Shinx, L5, F, shiny|item
|poke|p1|Rufflet, L5, M, shiny|item
|poke|p1|Scatterbug, L5, F, shiny|item
|poke|p2|Magnemite, L5, shiny|item
|poke|p2|Honedge, L5, F|item
|poke|p2|Larvesta, L5, M|item
|poke|p2|Foongus, L5, F|item
|poke|p2|Timburr, L5, F|item
|poke|p2|Zigzagoon, L5, M|item
|rule|Sleep Clause Mod: Limit one foe put to sleep
|rule|Species Clause: Limit one of each Pokémon
|rule|OHKO Clause: OHKO moves are banned
|rule|Moody Clause: Moody is banned
|rule|Evasion Moves Clause: Evasion moves are banned
|rule|Endless Battle Clause: Forcing endless battles is banned
|rule|HP Percentage Mod: HP is shown in percentages
|teampreview
|choice|team 1, team 2, team 3, team 4, team 5, team 6|team 6, team 2, team 3, team 4, team 5, team 1
|
|start
|switch|p1a: Kyle|Charmander, L5, M, shiny|21\/21
|switch|p2a: Zigzagoon|Zigzagoon, L5, M|21\/21
|turn|1
|choice|move poweruppunch|move bellydrum
|
|move|p2a: Zigzagoon|Belly Drum|p2a: Zigzagoon
|-damage|p2a: Zigzagoon|11\/21
|-setboost|p2a: Zigzagoon|atk|6|[from] move: Belly Drum
|move|p1a: Kyle|Power-Up Punch|p2a: Zigzagoon
|-supereffective|p2a: Zigzagoon
|-damage|p2a: Zigzagoon|1\/21
|-boost|p1a: Kyle|atk|1
|-enditem|p2a: Zigzagoon|Berry Juice
|-heal|p2a: Zigzagoon|21\/21|[from] item: Berry Juice
|
|turn|2
|choice|move poweruppunch|move extremespeed
|
|move|p2a: Zigzagoon|Extreme Speed|p1a: Kyle
|-damage|p1a: Kyle|0 fnt
|faint|p1a: Kyle
|
|choice|switch 5|
|
|switch|p1a: Alex|Rufflet, L5, M, shiny|23\/23
|turn|3
|choice|move superpower|move extremespeed
|
|move|p2a: Zigzagoon|Extreme Speed|p1a: Alex
|-damage|p1a: Alex|0 fnt
|-damage|p2a: Zigzagoon|18\/21|[from] item: Rocky Helmet|[of] p1a: Alex
|faint|p1a: Alex
|
|c|★Lass Carressa|gg
|choice|switch 6|
|
|switch|p1a: Wormy|Scatterbug, L5, F, shiny|20\/20
|turn|4
|c|★Lass Carressa|fun game
|choice|move bugbite|move extremespeed
|
|move|p2a: Zigzagoon|Extreme Speed|p1a: Wormy
|-damage|p1a: Wormy|0 fnt
|faint|p1a: Wormy
|
|choice|switch 2|
|
|switch|p1a: Chompy|Totodile, L5, M, shiny|21\/21
|turn|5
|choice|move poweruppunch|move extremespeed
|
|move|p2a: Zigzagoon|Extreme Speed|p1a: Chompy
|-damage|p1a: Chompy|0 fnt
|faint|p1a: Chompy
|
|choice|switch 4|
|
|switch|p1a: Penny|Shinx, L5, F, shiny|21\/21
|turn|6
|choice|move crunch|move extremespeed
|
|move|p2a: Zigzagoon|Extreme Speed|p1a: Penny
|-damage|p1a: Penny|0 fnt
|faint|p1a: Penny
|
|choice|switch 3|
|
|switch|p1a: Maggie|Treecko, L5, F, shiny|20\/20
|turn|7
|choice|move gigadrain|move extremespeed
|
|move|p2a: Zigzagoon|Extreme Speed|p1a: Maggie
|-damage|p1a: Maggie|0 fnt
|faint|p1a: Maggie
|
|win|Lass Carressa
|player|p1
|player|p2</script>
</div>
<div class="battle-log battle-log-inline"><div class="inner"><div class="battle-options"></div><div class="inner"><div class="chat"><small>Pokuin joined.</small></div><div class="chat"><small>Lass Carressa joined.</small></div><div class=""><small>Format:</small> <br><strong>LC</strong></div><div class="rated"><strong>Rated battle</strong></div><div class=""><small><em>Sleep Clause Mod:</em> Limit one foe put to sleep</small></div><div class=""><small><em>Species Clause:</em> Limit one of each Pokémon</small></div><div class=""><small><em>OHKO Clause:</em> OHKO moves are banned</small></div><div class=""><small><em>Moody Clause:</em> Moody is banned</small></div><div class=""><small><em>Evasion Moves Clause:</em> Evasion moves are banned</small></div><div class=""><small><em>Endless Battle Clause:</em> Forcing endless battles is banned</small></div><div class=""><small><em>HP Percentage Mod:</em> HP is shown in percentages</small></div><div class="chat battle-history"><strong>Pokuin's team:</strong> <em style="color:#445566;display:block;">Charmander / Totodile / Treecko / Shinx / Rufflet / Scatterbug</em></div><div class="chat battle-history"><strong>Lass Carressa's team:</strong> <em style="color:#445566;display:block;">Magnemite / Honedge / Larvesta / Foongus / Timburr / Zigzagoon</em></div><div class="spacer battle-history"><br></div><div class="battle-history">Battle started between Pokuin and Lass Carressa!<br></div><div class="spacer battle-history"><br></div><div class="battle-history">Go! Kyle (<strong>Charmander</strong>)!<br></div><div class="spacer battle-history"><br></div><div class="battle-history">Lass Carressa sent out <strong>Zigzagoon</strong>!<br></div><div class="spacer battle-history"><br></div><h2 class="battle-history">Turn 1</h2><div class="spacer battle-history"><br></div><div class="battle-history">The opposing Zigzagoon used <strong>Belly Drum</strong>!<br></div><div class="battle-history"><small>(The opposing Zigzagoon lost <abbr title="−10/21">47.6%</abbr> of its health!)</small><br></div><div class="battle-history"><small>The opposing Zigzagoon cut its own HP and maximized its Attack!</small><br></div><div class="spacer battle-history"><br></div><div class="battle-history">Kyle used <strong>Power-Up Punch</strong>!<br></div><div class="battle-history"><small>It's super effective!</small><br></div><div class="battle-history"><small>(The opposing Zigzagoon lost <abbr title="−10/21">47.6%</abbr> of its health!)</small><br></div><div class="battle-history"><small>Kyle's Attack rose!</small><br></div><div class="battle-history"><small>(The opposing Zigzagoon used its Berry Juice!)</small><br></div><div class="battle-history"><small>The opposing Zigzagoon restored HP using its Berry Juice!</small><br></div><div class="spacer battle-history"><br></div><h2 class="battle-history">Turn 2</h2><div class="spacer battle-history"><br></div><div class="battle-history">The opposing Zigzagoon used <strong>Extreme Speed</strong>!<br></div><div class="battle-history"><small>(Kyle lost <abbr title="−21/21">100%</abbr> of its health!)</small><br></div><div class="spacer battle-history"><br></div><div class="battle-history">Kyle fainted!<br></div><div class="spacer battle-history"><br></div><div class="battle-history">Go! Alex (<strong>Rufflet</strong>)!<br></div><div class="spacer battle-history"><br></div><h2 class="battle-history">Turn 3</h2><div class="spacer battle-history"><br></div><div class="battle-history">The opposing Zigzagoon used <strong>Extreme Speed</strong>!<br></div><div class="battle-history"><small>(Alex lost <abbr title="−23/23">100%</abbr> of its health!)</small><br></div><div class="battle-history"><small>The opposing Zigzagoon was hurt by the Rocky Helmet!</small><br></div><div class="spacer battle-history"><br></div><div class="battle-history">Alex fainted!<br></div><div class="chat chatmessage-lasscarressa"><strong style="color:hsl(233,62%,63.18882920858259%)"><small>★</small><span class="username" data-name="Lass Carressa">Lass Carressa</span>:</strong> <em>gg</em></div><div class="spacer battle-history"><br></div><div class="battle-history">Go! Wormy (<strong>Scatterbug</strong>)!<br></div><div class="spacer battle-history"><br></div><h2 class="battle-history">Turn 4</h2><div class="chat chatmessage-lasscarressa"><strong style="color:hsl(233,62%,63.18882920858259%)"><small>★</small><span class="username" data-name="Lass Carressa">Lass Carressa</span>:</strong> <em>fun game</em></div><div class="spacer battle-history"><br></div><div class="battle-history">The opposing Zigzagoon used <strong>Extreme Speed</strong>!<br></div><div class="battle-history"><small>(Wormy lost <abbr title="−20/20">100%</abbr> of its health!)</small><br></div><div class="spacer battle-history"><br></div><div class="battle-history">Wormy fainted!<br></div><div class="spacer battle-history"><br></div><div class="battle-history">Go! Chompy (<strong>Totodile</strong>)!<br></div><div class="spacer battle-history"><br></div><h2 class="battle-history">Turn 5</h2><div class="spacer battle-history"><br></div><div class="battle-history">The opposing Zigzagoon used <strong>Extreme Speed</strong>!<br></div><div class="battle-history"><small>(Chompy lost <abbr title="−21/21">100%</abbr> of its health!)</small><br></div><div class="spacer battle-history"><br></div><div class="battle-history">Chompy fainted!<br></div><div class="spacer battle-history"><br></div><div class="battle-history">Go! Penny (<strong>Shinx</strong>)!<br></div><div class="spacer battle-history"><br></div><h2 class="battle-history">Turn 6</h2><div class="spacer battle-history"><br></div><div class="battle-history">The opposing Zigzagoon used <strong>Extreme Speed</strong>!<br></div><div class="battle-history"><small>(Penny lost <abbr title="−21/21">100%</abbr> of its health!)</small><br></div><div class="spacer battle-history"><br></div><div class="battle-history">Penny fainted!<br></div><div class="spacer battle-history"><br></div><div class="battle-history">Go! Maggie (<strong>Treecko</strong>)!<br></div><div class="spacer battle-history"><br></div><h2 class="battle-history">Turn 7</h2><div class="spacer battle-history"><br></div><div class="battle-history">The opposing Zigzagoon used <strong>Extreme Speed</strong>!<br></div><div class="battle-history"><small>(Maggie lost <abbr title="−20/20">100%</abbr> of its health!)</small><br></div><div class="spacer battle-history"><br></div><div class="battle-history">Maggie fainted!<br></div><div class="spacer battle-history"><br></div><div class="battle-history"><strong>Lass Carressa</strong> won the battle!<br></div></div><div class="inner-preempt"></div></div></div>
</div>
<script>
let daily = Math.floor(Date.now()/1000/60/60/24);document.write('<script src="https://play.pokemonshowdown.com/js/replay-embed.js?version'+daily+'"></'+'script>');
</script>
