<!DOCTYPE html>
<meta charset="utf-8" />
<!-- version 1 -->
<title>LC replay: Aisuroa vs. RHEINHARDT</title>
<style>
html,body {font-family:Verdana, sans-serif;font-size:10pt;margin:0;padding:0;}body{padding:12px 0;} .battle-log {font-family:Verdana, sans-serif;font-size:10pt;} .battle-log-inline {border:1px solid #AAAAAA;background:#EEF2F5;color:black;max-width:640px;margin:0 auto 80px;padding-bottom:5px;} .battle-log .inner {padding:4px 8px 0px 8px;} .battle-log .inner-preempt {padding:0 8px 4px 8px;} .battle-log .inner-after {margin-top:0.5em;} .battle-log h2 {margin:0.5em -8px;padding:4px 8px;border:1px solid #AAAAAA;background:#E0E7EA;border-left:0;border-right:0;font-family:Verdana, sans-serif;font-size:13pt;} .battle-log .chat {vertical-align:middle;padding:3px 0 3px 0;font-size:8pt;} .battle-log .chat strong {color:#40576A;} .battle-log .chat em {padding:1px 4px 1px 3px;color:#000000;font-style:normal;} .chat.mine {background:rgba(0,0,0,0.05);margin-left:-8px;margin-right:-8px;padding-left:8px;padding-right:8px;} .spoiler {color:#BBBBBB;background:#BBBBBB;padding:0px 3px;} .spoiler:hover, .spoiler:active, .spoiler-shown {color:#000000;background:#E2E2E2;padding:0px 3px;} .spoiler a {color:#BBBBBB;} .spoiler:hover a, .spoiler:active a, .spoiler-shown a {color:#2288CC;} .chat code, .chat .spoiler:hover code, .chat .spoiler:active code, .chat .spoiler-shown code {border:1px solid #C0C0C0;background:#EEEEEE;color:black;padding:0 2px;} .chat .spoiler code {border:1px solid #CCCCCC;background:#CCCCCC;color:#CCCCCC;} .battle-log .rated {padding:3px 4px;} .battle-log .rated strong {color:white;background:#89A;padding:1px 4px;border-radius:4px;} .spacer {margin-top:0.5em;} .message-announce {background:#6688AA;color:white;padding:1px 4px 2px;} .message-announce a, .broadcast-green a, .broadcast-blue a, .broadcast-red a {color:#DDEEFF;} .broadcast-green {background-color:#559955;color:white;padding:2px 4px;} .broadcast-blue {background-color:#6688AA;color:white;padding:2px 4px;} .infobox {border:1px solid #6688AA;padding:2px 4px;} .infobox-limited {max-height:200px;overflow:auto;overflow-x:hidden;} .broadcast-red {background-color:#AA5544;color:white;padding:2px 4px;} .message-learn-canlearn {font-weight:bold;color:#228822;text-decoration:underline;} .message-learn-cannotlearn {font-weight:bold;color:#CC2222;text-decoration:underline;} .message-effect-weak {font-weight:bold;color:#CC2222;} .message-effect-resist {font-weight:bold;color:#6688AA;} .message-effect-immune {font-weight:bold;color:#666666;} .message-learn-list {margin-top:0;margin-bottom:0;} .message-throttle-notice, .message-error {color:#992222;} .message-overflow, .chat small.message-overflow {font-size:0pt;} .message-overflow::before {font-size:9pt;content:'...';} .subtle {color:#3A4A66;}
</style>
<div class="wrapper replay-wrapper" style="max-width:1180px;margin:0 auto">
<input type="hidden" name="replayid" value="lc-482808366" />
<div class="battle"></div><div class="battle-log"></div><div class="replay-controls"></div><div class="replay-controls-2"></div>
<h1 style="font-weight:normal;text-align:center"><strong>LC</strong><br /><a href="http://pokemonshowdown.com/users/aisuroa" class="subtle" target="_blank">Aisuroa</a> vs. <a href="http://pokemonshowdown.com/users/rheinhardt" class="subtle" target="_blank">RHEINHARDT</a></h1>
<script type="text/plain" class="battle-log-data">|j|Aisuroa
|j|RHEINHARDT
|player|p1|Aisuroa|275
|player|p2|RHEINHARDT|114
|gametype|singles
|gen|6
|tier|LC
|rated
|seed|61986,20515,30803,2863
|clearpoke
|poke|p1|Togepi, L5, M|item
|poke|p1|Pawniard, L5, M, shiny|item
|poke|p1|Froakie, L5, M, shiny|item
|poke|p1|Gible, L5, M, shiny|item
|poke|p1|Golett, L5, shiny|item
|poke|p1|Ferroseed, L5, M, shiny|item
|poke|p2|Aron, L5, M, shiny|item
|poke|p2|Gible, L5, M|item
|poke|p2|Poliwag, L5, M, shiny|item
|poke|p2|Skrelp, L5, M, shiny|item
|poke|p2|Nincada, L5, F, shiny|item
|poke|p2|Houndour, L5, M|item
|rule|Sleep Clause Mod: Limit one foe put to sleep
|rule|Species Clause: Limit one of each Pokémon
|rule|OHKO Clause: OHKO moves are banned
|rule|Moody Clause: Moody is banned
|rule|Evasion Moves Clause: Evasion moves are banned
|rule|Endless Battle Clause: Forcing endless battles is banned
|rule|HP Percentage Mod: HP is shown in percentages
|teampreview
|choice|team 6, team 2, team 3, team 4, team 5, team 1|team 1, team 2, team 3, team 4, team 5, team 6
|
|start
|switch|p1a: Spiky Spikes|Ferroseed, L5, M, shiny|20\/20
|switch|p2a: Rhein|Aron, L5, M, shiny|24\/24
|turn|1
|choice|move knockoff|move superpower
|
|move|p2a: Rhein|Superpower|p1a: Spiky Spikes
|-supereffective|p1a: Spiky Spikes
|-damage|p1a: Spiky Spikes|8\/20
|-damage|p2a: Rhein|21\/24|[from] ability: Iron Barbs|[of] p1a: Spiky Spikes
|-unboost|p2a: Rhein|atk|1
|-unboost|p2a: Rhein|def|1
|move|p1a: Spiky Spikes|Knock Off|p2a: Rhein
|-damage|p2a: Rhein|13\/24
|-enditem|p2a: Rhein|Berry Juice|[from] move: Knock Off|[of] p1a: Spiky Spikes
|
|turn|2
|choice|switch 5|move superpower
|
|switch|p1a: El Macho|Golett, L5, shiny|25\/25
|move|p2a: Rhein|Superpower|p1a: El Macho
|-immune|p1a: El Macho|[msg]
|
|turn|3
|choice|move drainpunch|switch 4
|
|switch|p2a: Elvis|Skrelp, L5, M, shiny|22\/22
|move|p1a: El Macho|Drain Punch|p2a: Elvis
|-resisted|p2a: Elvis
|-damage|p2a: Elvis|19\/22
|
|turn|4
|choice|move thunderpunch|move toxicspikes
|
|move|p2a: Elvis|Toxic Spikes|p1a: El Macho
|-sidestart|p1: Aisuroa|move: Toxic Spikes
|move|p1a: El Macho|Thunder Punch|p2a: Elvis
|-supereffective|p2a: Elvis
|-damage|p2a: Elvis|7\/22
|
|turn|5
|choice|move icepunch|move hydropump
|
|move|p1a: El Macho|Ice Punch|p2a: Elvis
|-resisted|p2a: Elvis
|-crit|p2a: Elvis
|-damage|p2a: Elvis|2\/22
|move|p2a: Elvis|Hydro Pump|p1a: El Macho
|-supereffective|p1a: El Macho
|-damage|p1a: El Macho|0 fnt
|faint|p1a: El Macho
|
|choice|switch 6|
|
|switch|p1a: Rudy|Togepi, L5, M|20\/20
|-status|p1a: Rudy|psn
|turn|6
|choice|move extrasensory|switch 2
|
|switch|p2a: Snip|Gible, L5, M|24\/24
|move|p1a: Rudy|Extrasensory|p2a: Snip
|-crit|p2a: Snip
|-damage|p2a: Snip|16\/24
|
|-damage|p1a: Rudy|18\/20 psn|[from] psn
|turn|7
|choice|move dazzlinggleam|move dragonclaw
|
|move|p2a: Snip|Dragon Claw|p1a: Rudy
|-immune|p1a: Rudy|[msg]
|move|p1a: Rudy|Dazzling Gleam|p2a: Snip
|-supereffective|p2a: Snip
|-damage|p2a: Snip|2\/24
|
|-damage|p1a: Rudy|16\/20 psn|[from] psn
|turn|8
|choice|move nastyplot|move earthquake
|
|move|p2a: Snip|Earthquake|p1a: Rudy
|-crit|p1a: Rudy
|-damage|p1a: Rudy|3\/20 psn
|move|p1a: Rudy|Nasty Plot|p1a: Rudy
|-boost|p1a: Rudy|spa|2
|
|-damage|p1a: Rudy|1\/20 psn|[from] psn
|turn|9
|choice|move dazzlinggleam|move earthquake
|
|move|p2a: Snip|Earthquake|p1a: Rudy
|-damage|p1a: Rudy|0 fnt
|faint|p1a: Rudy
|
|choice|switch 2|
|
|switch|p1a: The Prodigy|Pawniard, L5, M, shiny|24\/24
|turn|10
|choice|move suckerpunch|switch 6
|
|switch|p2a: Hades|Houndour, L5, M|21\/21
|move|p1a: The Prodigy|Sucker Punch|p2a: Hades|[still]
|-fail|p1a: The Prodigy
|
|turn|11
|choice|move protect|move fireblast
|
|move|p1a: The Prodigy|Protect|p1a: The Prodigy
|-singleturn|p1a: The Prodigy|Protect
|move|p2a: Hades|Fire Blast|p1a: The Prodigy
|-activate|p1a: The Prodigy|move: Protect
|
|turn|12
|choice|switch 3|move fireblast
|
|switch|p1a: Bubbles|Froakie, L5, M, shiny|20\/20
|-status|p1a: Bubbles|psn
|move|p2a: Hades|Fire Blast|p1a: Bubbles
|-resisted|p1a: Bubbles
|-damage|p1a: Bubbles|12\/20 psn
|-damage|p2a: Hades|19\/21|[from] item: Life Orb
|
|-damage|p1a: Bubbles|10\/20 psn|[from] psn
|turn|13
|choice|move taunt|move fireblast
|
|move|p2a: Hades|Fire Blast|p1a: Bubbles|[miss]
|-miss|p2a: Hades|p1a: Bubbles
|move|p1a: Bubbles|Taunt|p2a: Hades
|-start|p1a: Bubbles|typechange|Dark|[from] Protean
|-start|p2a: Hades|move: Taunt
|
|-damage|p1a: Bubbles|8\/20 psn|[from] psn
|turn|14
|choice|move scald|move fireblast
|
|move|p2a: Hades|Fire Blast|p1a: Bubbles
|-damage|p1a: Bubbles|0 fnt
|-damage|p2a: Hades|17\/21|[from] item: Life Orb
|faint|p1a: Bubbles
|
|choice|switch 4|
|
|switch|p1a: Gajeel|Gible, L5, M, shiny|25\/25
|-status|p1a: Gajeel|psn
|turn|15
|choice|move earthquake|move darkpulse
|
|move|p2a: Hades|Dark Pulse|p1a: Gajeel
|-damage|p1a: Gajeel|12\/25 psn
|-damage|p2a: Hades|15\/21|[from] item: Life Orb
|move|p1a: Gajeel|Earthquake|p2a: Hades
|-supereffective|p2a: Hades
|-damage|p2a: Hades|0 fnt
|faint|p2a: Hades
|
|-damage|p1a: Gajeel|9\/25 psn|[from] psn
|choice||switch 3
|
|switch|p2a: Vertigo|Poliwag, L5, M, shiny|22\/22
|turn|16
|choice|move earthquake|move waterfall
|
|move|p2a: Vertigo|Waterfall|p1a: Gajeel
|-damage|p1a: Gajeel|0 fnt
|-damage|p2a: Vertigo|20\/22|[from] ability: Rough Skin|[of] p1a: Gajeel
|faint|p1a: Gajeel
|
|choice|switch 3|
|
|switch|p1a: The Prodigy|Pawniard, L5, M, shiny|24\/24
|turn|17
|choice|move swordsdance|move waterfall
|
|move|p2a: Vertigo|Waterfall|p1a: The Prodigy
|-damage|p1a: The Prodigy|17\/24
|move|p1a: The Prodigy|Swords Dance|p1a: The Prodigy
|-boost|p1a: The Prodigy|atk|2
|
|turn|18
|choice|move swordsdance|move encore
|
|move|p2a: Vertigo|Encore|p1a: The Prodigy
|-start|p1a: The Prodigy|Encore
|move|p1a: The Prodigy|Swords Dance|p1a: The Prodigy
|-boost|p1a: The Prodigy|atk|2
|
|turn|19
|choice|switch 5|move waterfall
|
|switch|p1a: Spiky Spikes|Ferroseed, L5, M, shiny|8\/20
|move|p2a: Vertigo|Waterfall|p1a: Spiky Spikes
|-resisted|p1a: Spiky Spikes
|-damage|p1a: Spiky Spikes|5\/20
|-damage|p2a: Vertigo|18\/22|[from] ability: Iron Barbs|[of] p1a: Spiky Spikes
|
|turn|20
|choice|move leechseed|switch 5
|
|switch|p2a: Anubis|Nincada, L5, F, shiny|21\/21
|move|p1a: Spiky Spikes|Leech Seed|p2a: Anubis
|-start|p2a: Anubis|move: Leech Seed
|
|-damage|p2a: Anubis|19\/21|[from] Leech Seed|[of] p1a: Spiky Spikes
|-heal|p1a: Spiky Spikes|7\/20|[silent]
|turn|21
|choice|move knockoff|move nightslash
|
|move|p2a: Anubis|Night Slash|p1a: Spiky Spikes
|-damage|p1a: Spiky Spikes|3\/20
|-damage|p2a: Anubis|17\/21|[from] ability: Iron Barbs|[of] p1a: Spiky Spikes
|move|p1a: Spiky Spikes|Knock Off|p2a: Anubis
|-damage|p2a: Anubis|11\/21
|-enditem|p2a: Anubis|Berry Juice|[from] move: Knock Off|[of] p1a: Spiky Spikes
|
|-damage|p2a: Anubis|9\/21|[from] Leech Seed|[of] p1a: Spiky Spikes
|-heal|p1a: Spiky Spikes|5\/20|[silent]
|turn|22
|choice|move stealthrock|move nightslash
|
|move|p2a: Anubis|Night Slash|p1a: Spiky Spikes
|-damage|p1a: Spiky Spikes|2\/20
|-damage|p2a: Anubis|7\/21|[from] ability: Iron Barbs|[of] p1a: Spiky Spikes
|move|p1a: Spiky Spikes|Stealth Rock|p2a: Anubis
|-sidestart|p2: RHEINHARDT|move: Stealth Rock
|
|-damage|p2a: Anubis|5\/21|[from] Leech Seed|[of] p1a: Spiky Spikes
|-heal|p1a: Spiky Spikes|4\/20|[silent]
|turn|23
|choice|move spikes|move xscissor
|
|move|p2a: Anubis|X-Scissor|p1a: Spiky Spikes
|-damage|p1a: Spiky Spikes|0 fnt
|-damage|p2a: Anubis|3\/21|[from] ability: Iron Barbs|[of] p1a: Spiky Spikes
|faint|p1a: Spiky Spikes
|
|choice|switch 5|
|
|switch|p1a: The Prodigy|Pawniard, L5, M, shiny|17\/24
|turn|24
|choice|move ironhead|move hiddenpower
|
|move|p1a: The Prodigy|Iron Head|p2a: Anubis
|-damage|p2a: Anubis|0 fnt
|faint|p2a: Anubis
|
|choice||switch 4
|
|switch|p2a: Rhein|Aron, L5, M, shiny|13\/24
|-damage|p2a: Rhein|12\/24|[from] Stealth Rock
|turn|25
|choice|move suckerpunch|move ironhead
|
|move|p1a: The Prodigy|Sucker Punch|p2a: Rhein
|-damage|p2a: Rhein|0 fnt
|faint|p2a: Rhein
|
|choice||switch 2
|
|switch|p2a: Elvis|Skrelp, L5, M, shiny|2\/22
|-damage|p2a: Elvis|0 fnt|[from] Stealth Rock
|faint|p2a: Elvis
|choice||switch 6
|
|switch|p2a: Snip|Gible, L5, M|2\/24
|-damage|p2a: Snip|1\/24|[from] Stealth Rock
|turn|26
|choice|move ironhead|move dragonclaw
|
|move|p1a: The Prodigy|Iron Head|p2a: Snip
|-damage|p2a: Snip|0 fnt
|-damage|p1a: The Prodigy|14\/24|[from] ability: Rough Skin|[of] p2a: Snip
|faint|p2a: Snip
|
|choice||switch 5
|
|switch|p2a: Vertigo|Poliwag, L5, M, shiny|18\/22
|-damage|p2a: Vertigo|16\/22|[from] Stealth Rock
|turn|27
|choice|move suckerpunch|move waterfall
|
|move|p1a: The Prodigy|Sucker Punch|p2a: Vertigo
|-damage|p2a: Vertigo|0 fnt
|faint|p2a: Vertigo
|
|win|Aisuroa
|player|p1
|player|p2
|c|★Aisuroa|:D
|c|★RHEINHARDT|gg
|raw|Aisuroa's rating: 1000 &rarr; <strong>1040<\/strong><br \/>(+40 for winning)
|raw|RHEINHARDT's rating: 1000 &rarr; <strong>1000<\/strong><br \/>(+0 for losing)</script>
</div>
<div class="battle-log battle-log-inline"><div class="inner"><div class="battle-options"></div><div class="inner"><div class="chat"><small>Aisuroa joined.</small></div><div class="chat"><small>RHEINHARDT joined.</small></div><div class=""><small>Format:</small> <br><strong>LC</strong></div><div class="rated"><strong>Rated battle</strong></div><div class=""><small><em>Sleep Clause Mod:</em> Limit one foe put to sleep</small></div><div class=""><small><em>Species Clause:</em> Limit one of each Pokémon</small></div><div class=""><small><em>OHKO Clause:</em> OHKO moves are banned</small></div><div class=""><small><em>Moody Clause:</em> Moody is banned</small></div><div class=""><small><em>Evasion Moves Clause:</em> Evasion moves are banned</small></div><div class=""><small><em>Endless Battle Clause:</em> Forcing endless battles is banned</small></div><div class=""><small><em>HP Percentage Mod:</em> HP is shown in percentages</small></div><div class="chat battle-history"><strong>Aisuroa's team:</strong> <em style="color:#445566;display:block;">Togepi / Pawniard / Froakie / Gible / Golett / Ferroseed</em></div><div class="chat battle-history"><strong>RHEINHARDT's team:</strong> <em style="color:#445566;display:block;">Aron / Gible / Poliwag / Skrelp / Nincada / Houndour</em></div><div class="spacer battle-history"><br></div><div class="battle-history">Battle started between Aisuroa and RHEINHARDT!<br></div><div class="spacer battle-history"><br></div><div class="battle-history">Go! Spiky Spikes (<strong>Ferroseed</strong>)!<br></div><div class="spacer battle-history"><br></div><div class="battle-history">RHEINHARDT sent out Rhein (<strong>Aron</strong>)!<br></div><div class="spacer battle-history"><br></div><h2 class="battle-history">Turn 1</h2><div class="spacer battle-history"><br></div><div class="battle-history">The opposing Rhein used <strong>Superpower</strong>!<br></div><div class="battle-history"><small>It's super effective!</small><br></div><div class="battle-history"><small>(Spiky Spikes lost <abbr title="−12/20">60%</abbr> of its health!)</small><br></div><div class="battle-history"><small>[Spiky Spikes's Iron Barbs]</small><br><small>The opposing Rhein was hurt!</small><br></div><div class="battle-history"><small>The opposing Rhein's Attack fell!</small><br></div><div class="battle-history"><small>The opposing Rhein's Defense fell!</small><br></div><div class="spacer battle-history"><br></div><div class="battle-history">Spiky Spikes used <strong>Knock Off</strong>!<br></div><div class="battle-history"><small>(The opposing Rhein lost <abbr title="−8/24">33.3%</abbr> of its health!)</small><br></div><div class="battle-history"><small>Spiky Spikes knocked off the opposing Rhein's Berry Juice!</small><br></div><div class="spacer battle-history"><br></div><h2 class="battle-history">Turn 2</h2><div class="spacer battle-history"><br></div><div class="battle-history">Spiky Spikes, come back!<br></div><div class="battle-history">Go! El Macho (<strong>Golett</strong>)!<br></div><div class="spacer battle-history"><br></div><div class="battle-history">The opposing Rhein used <strong>Superpower</strong>!<br></div><div class="battle-history"><small>It doesn't affect El Macho...</small><br></div><div class="spacer battle-history"><br></div><h2 class="battle-history">Turn 3</h2><div class="spacer battle-history"><br></div><div class="battle-history">RHEINHARDT withdrew Rhein!<br></div><div class="battle-history">RHEINHARDT sent out Elvis (<strong>Skrelp</strong>)!<br></div><div class="spacer battle-history"><br></div><div class="battle-history">El Macho used <strong>Drain Punch</strong>!<br></div><div class="battle-history"><small>It's not very effective...</small><br></div><div class="battle-history"><small>(The opposing Elvis lost <abbr title="−3/22">13.6%</abbr> of its health!)</small><br></div><div class="spacer battle-history"><br></div><h2 class="battle-history">Turn 4</h2><div class="spacer battle-history"><br></div><div class="battle-history">The opposing Elvis used <strong>Toxic Spikes</strong>!<br></div><div class="battle-history"><small>Poison spikes were scattered on the ground all around your team!</small><br></div><div class="spacer battle-history"><br></div><div class="battle-history">El Macho used <strong>Thunder Punch</strong>!<br></div><div class="battle-history"><small>It's super effective!</small><br></div><div class="battle-history"><small>(The opposing Elvis lost <abbr title="−12/22">54.5%</abbr> of its health!)</small><br></div><div class="spacer battle-history"><br></div><h2 class="battle-history">Turn 5</h2><div class="spacer battle-history"><br></div><div class="battle-history">El Macho used <strong>Ice Punch</strong>!<br></div><div class="battle-history"><small>It's not very effective...</small><br></div><div class="battle-history"><small>A critical hit!</small><br></div><div class="battle-history"><small>(The opposing Elvis lost <abbr title="−5/22">22.7%</abbr> of its health!)</small><br></div><div class="spacer battle-history"><br></div><div class="battle-history">The opposing Elvis used <strong>Hydro Pump</strong>!<br></div><div class="battle-history"><small>It's super effective!</small><br></div><div class="battle-history"><small>(El Macho lost <abbr title="−25/25">100%</abbr> of its health!)</small><br></div><div class="spacer battle-history"><br></div><div class="battle-history">El Macho fainted!<br></div><div class="spacer battle-history"><br></div><div class="battle-history">Go! Rudy (<strong>Togepi</strong>)!<br></div><div class="battle-history"><small>Rudy was poisoned!</small><br></div><div class="spacer battle-history"><br></div><h2 class="battle-history">Turn 6</h2><div class="spacer battle-history"><br></div><div class="battle-history">RHEINHARDT withdrew Elvis!<br></div><div class="battle-history">RHEINHARDT sent out Snip (<strong>Gible</strong>)!<br></div><div class="spacer battle-history"><br></div><div class="battle-history">Rudy used <strong>Extrasensory</strong>!<br></div><div class="battle-history"><small>A critical hit!</small><br></div><div class="battle-history"><small>(The opposing Snip lost <abbr title="−8/24">33.3%</abbr> of its health!)</small><br></div><div class="spacer battle-history"><br></div><div class="battle-history"><small>Rudy was hurt by poison!</small><br></div><div class="spacer battle-history"><br></div><h2 class="battle-history">Turn 7</h2><div class="spacer battle-history"><br></div><div class="battle-history">The opposing Snip used <strong>Dragon Claw</strong>!<br></div><div class="battle-history"><small>It doesn't affect Rudy...</small><br></div><div class="spacer battle-history"><br></div><div class="battle-history">Rudy used <strong>Dazzling Gleam</strong>!<br></div><div class="battle-history"><small>It's super effective!</small><br></div><div class="battle-history"><small>(The opposing Snip lost <abbr title="−14/24">58.3%</abbr> of its health!)</small><br></div><div class="spacer battle-history"><br></div><div class="battle-history"><small>Rudy was hurt by poison!</small><br></div><div class="spacer battle-history"><br></div><h2 class="battle-history">Turn 8</h2><div class="spacer battle-history"><br></div><div class="battle-history">The opposing Snip used <strong>Earthquake</strong>!<br></div><div class="battle-history"><small>A critical hit!</small><br></div><div class="battle-history"><small>(Rudy lost <abbr title="−13/20">65%</abbr> of its health!)</small><br></div><div class="spacer battle-history"><br></div><div class="battle-history">Rudy used <strong>Nasty Plot</strong>!<br></div><div class="battle-history"><small>Rudy's Special Attack rose sharply!</small><br></div><div class="spacer battle-history"><br></div><div class="battle-history"><small>Rudy was hurt by poison!</small><br></div><div class="spacer battle-history"><br></div><h2 class="battle-history">Turn 9</h2><div class="spacer battle-history"><br></div><div class="battle-history">The opposing Snip used <strong>Earthquake</strong>!<br></div><div class="battle-history"><small>(Rudy lost <abbr title="−1/20">5%</abbr> of its health!)</small><br></div><div class="spacer battle-history"><br></div><div class="battle-history">Rudy fainted!<br></div><div class="spacer battle-history"><br></div><div class="battle-history">Go! The Prodigy (<strong>Pawniard</strong>)!<br></div><div class="spacer battle-history"><br></div><h2 class="battle-history">Turn 10</h2><div class="spacer battle-history"><br></div><div class="battle-history">RHEINHARDT withdrew Snip!<br></div><div class="battle-history">RHEINHARDT sent out Hades (<strong>Houndour</strong>)!<br></div><div class="spacer battle-history"><br></div><div class="battle-history">The Prodigy used <strong>Sucker Punch</strong>!<br></div><div class="battle-history"><small>But it failed!</small><br></div><div class="spacer battle-history"><br></div><h2 class="battle-history">Turn 11</h2><div class="spacer battle-history"><br></div><div class="battle-history">The Prodigy used <strong>Protect</strong>!<br></div><div class="battle-history"><small>The Prodigy protected itself!</small><br></div><div class="spacer battle-history"><br></div><div class="battle-history">The opposing Hades used <strong>Fire Blast</strong>!<br></div><div class="battle-history"><small>The Prodigy protected itself!</small><br></div><div class="spacer battle-history"><br></div><h2 class="battle-history">Turn 12</h2><div class="spacer battle-history"><br></div><div class="battle-history">The Prodigy, come back!<br></div><div class="battle-history">Go! Bubbles (<strong>Froakie</strong>)!<br></div><div class="battle-history"><small>Bubbles was poisoned!</small><br></div><div class="spacer battle-history"><br></div><div class="battle-history">The opposing Hades used <strong>Fire Blast</strong>!<br></div><div class="battle-history"><small>It's not very effective...</small><br></div><div class="battle-history"><small>(Bubbles lost <abbr title="−8/20">40%</abbr> of its health!)</small><br></div><div class="battle-history"><small>The opposing Hades lost some of its HP!</small><br></div><div class="spacer battle-history"><br></div><div class="battle-history"><small>Bubbles was hurt by poison!</small><br></div><div class="spacer battle-history"><br></div><h2 class="battle-history">Turn 13</h2><div class="spacer battle-history"><br></div><div class="battle-history">The opposing Hades used <strong>Fire Blast</strong>!<br></div><div class="battle-history"><small>Bubbles avoided the attack!</small><br></div><div class="spacer battle-history"><br></div><div class="battle-history">Bubbles used <strong>Taunt</strong>!<br></div><div class="spacer battle-history"><br></div><div class="battle-history"><small>[Bubbles's Protean]</small><br><small>Bubbles transformed into the Dark type!</small><br></div><div class="battle-history"><small>The opposing Hades fell for the taunt!</small><br></div><div class="spacer battle-history"><br></div><div class="battle-history"><small>Bubbles was hurt by poison!</small><br></div><div class="spacer battle-history"><br></div><h2 class="battle-history">Turn 14</h2><div class="spacer battle-history"><br></div><div class="battle-history">The opposing Hades used <strong>Fire Blast</strong>!<br></div><div class="battle-history"><small>(Bubbles lost <abbr title="−8/20">40%</abbr> of its health!)</small><br></div><div class="battle-history"><small>The opposing Hades lost some of its HP!</small><br></div><div class="spacer battle-history"><br></div><div class="battle-history">Bubbles fainted!<br></div><div class="spacer battle-history"><br></div><div class="battle-history">Go! Gajeel (<strong>Gible</strong>)!<br></div><div class="battle-history"><small>Gajeel was poisoned!</small><br></div><div class="spacer battle-history"><br></div><h2 class="battle-history">Turn 15</h2><div class="spacer battle-history"><br></div><div class="battle-history">The opposing Hades used <strong>Dark Pulse</strong>!<br></div><div class="battle-history"><small>(Gajeel lost <abbr title="−13/25">52%</abbr> of its health!)</small><br></div><div class="battle-history"><small>The opposing Hades lost some of its HP!</small><br></div><div class="spacer battle-history"><br></div><div class="battle-history">Gajeel used <strong>Earthquake</strong>!<br></div><div class="battle-history"><small>It's super effective!</small><br></div><div class="battle-history"><small>(The opposing Hades lost <abbr title="−15/21">71.4%</abbr> of its health!)</small><br></div><div class="spacer battle-history"><br></div><div class="battle-history">The opposing Hades fainted!<br></div><div class="spacer battle-history"><br></div><div class="battle-history"><small>Gajeel was hurt by poison!</small><br></div><div class="spacer battle-history"><br></div><div class="battle-history">RHEINHARDT sent out Vertigo (<strong>Poliwag</strong>)!<br></div><div class="spacer battle-history"><br></div><h2 class="battle-history">Turn 16</h2><div class="spacer battle-history"><br></div><div class="battle-history">The opposing Vertigo used <strong>Waterfall</strong>!<br></div><div class="battle-history"><small>(Gajeel lost <abbr title="−9/25">36%</abbr> of its health!)</small><br></div><div class="battle-history"><small>[Gajeel's Rough Skin]</small><br><small>The opposing Vertigo was hurt!</small><br></div><div class="spacer battle-history"><br></div><div class="battle-history">Gajeel fainted!<br></div><div class="spacer battle-history"><br></div><div class="battle-history">Go! The Prodigy (<strong>Pawniard</strong>)!<br></div><div class="spacer battle-history"><br></div><h2 class="battle-history">Turn 17</h2><div class="spacer battle-history"><br></div><div class="battle-history">The opposing Vertigo used <strong>Waterfall</strong>!<br></div><div class="battle-history"><small>(The Prodigy lost <abbr title="−7/24">29.2%</abbr> of its health!)</small><br></div><div class="spacer battle-history"><br></div><div class="battle-history">The Prodigy used <strong>Swords Dance</strong>!<br></div><div class="battle-history"><small>The Prodigy's Attack rose sharply!</small><br></div><div class="spacer battle-history"><br></div><h2 class="battle-history">Turn 18</h2><div class="spacer battle-history"><br></div><div class="battle-history">The opposing Vertigo used <strong>Encore</strong>!<br></div><div class="battle-history"><small>The Prodigy received an encore!</small><br></div><div class="spacer battle-history"><br></div><div class="battle-history">The Prodigy used <strong>Swords Dance</strong>!<br></div><div class="battle-history"><small>The Prodigy's Attack rose sharply!</small><br></div><div class="spacer battle-history"><br></div><h2 class="battle-history">Turn 19</h2><div class="spacer battle-history"><br></div><div class="battle-history">The Prodigy, come back!<br></div><div class="battle-history">Go! Spiky Spikes (<strong>Ferroseed</strong>)!<br></div><div class="spacer battle-history"><br></div><div class="battle-history">The opposing Vertigo used <strong>Waterfall</strong>!<br></div><div class="battle-history"><small>It's not very effective...</small><br></div><div class="battle-history"><small>(Spiky Spikes lost <abbr title="−3/20">15%</abbr> of its health!)</small><br></div><div class="battle-history"><small>[Spiky Spikes's Iron Barbs]</small><br><small>The opposing Vertigo was hurt!</small><br></div><div class="spacer battle-history"><br></div><h2 class="battle-history">Turn 20</h2><div class="spacer battle-history"><br></div><div class="battle-history">RHEINHARDT withdrew Vertigo!<br></div><div class="battle-history">RHEINHARDT sent out Anubis (<strong>Nincada</strong>)!<br></div><div class="spacer battle-history"><br></div><div class="battle-history">Spiky Spikes used <strong>Leech Seed</strong>!<br></div><div class="battle-history"><small>The opposing Anubis was seeded!</small><br></div><div class="spacer battle-history"><br></div><div class="battle-history"><small>The opposing Anubis's health is sapped by Leech Seed!</small><br></div><div class="spacer battle-history"><br></div><h2 class="battle-history">Turn 21</h2><div class="spacer battle-history"><br></div><div class="battle-history">The opposing Anubis used <strong>Night Slash</strong>!<br></div><div class="battle-history"><small>(Spiky Spikes lost <abbr title="−4/20">20%</abbr> of its health!)</small><br></div><div class="battle-history"><small>[Spiky Spikes's Iron Barbs]</small><br><small>The opposing Anubis was hurt!</small><br></div><div class="spacer battle-history"><br></div><div class="battle-history">Spiky Spikes used <strong>Knock Off</strong>!<br></div><div class="battle-history"><small>(The opposing Anubis lost <abbr title="−6/21">28.6%</abbr> of its health!)</small><br></div><div class="battle-history"><small>Spiky Spikes knocked off the opposing Anubis's Berry Juice!</small><br></div><div class="spacer battle-history"><br></div><div class="battle-history"><small>The opposing Anubis's health is sapped by Leech Seed!</small><br></div><div class="spacer battle-history"><br></div><h2 class="battle-history">Turn 22</h2><div class="spacer battle-history"><br></div><div class="battle-history">The opposing Anubis used <strong>Night Slash</strong>!<br></div><div class="battle-history"><small>(Spiky Spikes lost <abbr title="−3/20">15%</abbr> of its health!)</small><br></div><div class="battle-history"><small>[Spiky Spikes's Iron Barbs]</small><br><small>The opposing Anubis was hurt!</small><br></div><div class="spacer battle-history"><br></div><div class="battle-history">Spiky Spikes used <strong>Stealth Rock</strong>!<br></div><div class="battle-history"><small>Pointed stones float in the air around the opposing team!</small><br></div><div class="spacer battle-history"><br></div><div class="battle-history"><small>The opposing Anubis's health is sapped by Leech Seed!</small><br></div><div class="spacer battle-history"><br></div><h2 class="battle-history">Turn 23</h2><div class="spacer battle-history"><br></div><div class="battle-history">The opposing Anubis used <strong>X-Scissor</strong>!<br></div><div class="battle-history"><small>(Spiky Spikes lost <abbr title="−4/20">20%</abbr> of its health!)</small><br></div><div class="battle-history"><small>[Spiky Spikes's Iron Barbs]</small><br><small>The opposing Anubis was hurt!</small><br></div><div class="spacer battle-history"><br></div><div class="battle-history">Spiky Spikes fainted!<br></div><div class="spacer battle-history"><br></div><div class="battle-history">Go! The Prodigy (<strong>Pawniard</strong>)!<br></div><div class="spacer battle-history"><br></div><h2 class="battle-history">Turn 24</h2><div class="spacer battle-history"><br></div><div class="battle-history">The Prodigy used <strong>Iron Head</strong>!<br></div><div class="battle-history"><small>(The opposing Anubis lost <abbr title="−3/21">14.3%</abbr> of its health!)</small><br></div><div class="spacer battle-history"><br></div><div class="battle-history">The opposing Anubis fainted!<br></div><div class="spacer battle-history"><br></div><div class="battle-history">RHEINHARDT sent out Rhein (<strong>Aron</strong>)!<br></div><div class="battle-history"><small>Pointed stones dug into the opposing Rhein!</small><br></div><div class="spacer battle-history"><br></div><h2 class="battle-history">Turn 25</h2><div class="spacer battle-history"><br></div><div class="battle-history">The Prodigy used <strong>Sucker Punch</strong>!<br></div><div class="battle-history"><small>(The opposing Rhein lost <abbr title="−12/24">50%</abbr> of its health!)</small><br></div><div class="spacer battle-history"><br></div><div class="battle-history">The opposing Rhein fainted!<br></div><div class="spacer battle-history"><br></div><div class="battle-history">RHEINHARDT sent out Elvis (<strong>Skrelp</strong>)!<br></div><div class="battle-history"><small>Pointed stones dug into the opposing Elvis!</small><br></div><div class="spacer battle-history"><br></div><div class="battle-history">The opposing Elvis fainted!<br></div><div class="spacer battle-history"><br></div><div class="battle-history">RHEINHARDT sent out Snip (<strong>Gible</strong>)!<br></div><div class="battle-history"><small>Pointed stones dug into the opposing Snip!</small><br></div><div class="spacer battle-history"><br></div><h2 class="battle-history">Turn 26</h2><div class="spacer battle-history"><br></div><div class="battle-history">The Prodigy used <strong>Iron Head</strong>!<br></div><div class="battle-history"><small>(The opposing Snip lost <abbr title="−1/24">4.2%</abbr> of its health!)</small><br></div><div class="battle-history"><small>[The opposing Snip's Rough Skin]</small><br><small>The Prodigy was hurt!</small><br></div><div class="spacer battle-history"><br></div><div class="battle-history">The opposing Snip fainted!<br></div><div class="spacer battle-history"><br></div><div class="battle-history">RHEINHARDT sent out Vertigo (<strong>Poliwag</strong>)!<br></div><div class="battle-history"><small>Pointed stones dug into the opposing Vertigo!</small><br></div><div class="spacer battle-history"><br></div><h2 class="battle-history">Turn 27</h2><div class="spacer battle-history"><br></div><div class="battle-history">The Prodigy used <strong>Sucker Punch</strong>!<br></div><div class="battle-history"><small>(The opposing Vertigo lost <abbr title="−16/22">72.7%</abbr> of its health!)</small><br></div><div class="spacer battle-history"><br></div><div class="battle-history">The opposing Vertigo fainted!<br></div><div class="spacer battle-history"><br></div><div class="battle-history"><strong>Aisuroa</strong> won the battle!<br></div><div class="chat chatmessage-aisuroa"><strong style="color:hsl(110,51%,32.71328392925628%)"><small>★</small><span class="username" data-name="Aisuroa">Aisuroa</span>:</strong> <em>:D</em></div><div class="chat chatmessage-rheinhardt"><strong style="color:hsl(27,47%,42.20979081449503%)"><small>★</small><span class="username" data-name="RHEINHARDT">RHEINHARDT</span>:</strong> <em>gg</em></div><div class="chat">Aisuroa's rating: 1000 → <strong>1040</strong><br>(+40 for winning)</div><div class="chat">RHEINHARDT's rating: 1000 → <strong>1000</strong><br>(+0 for losing)</div></div><div class="inner-preempt"></div></div></div>
</div>
<script>
let daily = Math.floor(Date.now()/1000/60/60/24);document.write('<script src="https://play.pokemonshowdown.com/js/replay-embed.js?version'+daily+'"></'+'script>');
</script>
