<!DOCTYPE html>
<meta charset="utf-8" />
<!-- version 1 -->
<title>LC replay: Out_Of_Practic vs. Vacare</title>
<style>
html,body {font-family:Verdana, sans-serif;font-size:10pt;margin:0;padding:0;}body{padding:12px 0;} .battle-log {font-family:Verdana, sans-serif;font-size:10pt;} .battle-log-inline {border:1px solid #AAAAAA;background:#EEF2F5;color:black;max-width:640px;margin:0 auto 80px;padding-bottom:5px;} .battle-log .inner {padding:4px 8px 0px 8px;} .battle-log .inner-preempt {padding:0 8px 4px 8px;} .battle-log .inner-after {margin-top:0.5em;} .battle-log h2 {margin:0.5em -8px;padding:4px 8px;border:1px solid #AAAAAA;background:#E0E7EA;border-left:0;border-right:0;font-family:Verdana, sans-serif;font-size:13pt;} .battle-log .chat {vertical-align:middle;padding:3px 0 3px 0;font-size:8pt;} .battle-log .chat strong {color:#40576A;} .battle-log .chat em {padding:1px 4px 1px 3px;color:#000000;font-style:normal;} .chat.mine {background:rgba(0,0,0,0.05);margin-left:-8px;margin-right:-8px;padding-left:8px;padding-right:8px;} .spoiler {color:#BBBBBB;background:#BBBBBB;padding:0px 3px;} .spoiler:hover, .spoiler:active, .spoiler-shown {color:#000000;background:#E2E2E2;padding:0px 3px;} .spoiler a {color:#BBBBBB;} .spoiler:hover a, .spoiler:active a, .spoiler-shown a {color:#2288CC;} .chat code, .chat .spoiler:hover code, .chat .spoiler:active code, .chat .spoiler-shown code {border:1px solid #C0C0C0;background:#EEEEEE;color:black;padding:0 2px;} .chat .spoiler code {border:1px solid #CCCCCC;background:#CCCCCC;color:#CCCCCC;} .battle-log .rated {padding:3px 4px;} .battle-log .rated strong {color:white;background:#89A;padding:1px 4px;border-radius:4px;} .spacer {margin-top:0.5em;} .message-announce {background:#6688AA;color:white;padding:1px 4px 2px;} .message-announce a, .broadcast-green a, .broadcast-blue a, .broadcast-red a {color:#DDEEFF;} .broadcast-green {background-color:#559955;color:white;padding:2px 4px;} .broadcast-blue {background-color:#6688AA;color:white;padding:2px 4px;} .infobox {border:1px solid #6688AA;padding:2px 4px;} .infobox-limited {max-height:200px;overflow:auto;overflow-x:hidden;} .broadcast-red {background-color:#AA5544;color:white;padding:2px 4px;} .message-learn-canlearn {font-weight:bold;color:#228822;text-decoration:underline;} .message-learn-cannotlearn {font-weight:bold;color:#CC2222;text-decoration:underline;} .message-effect-weak {font-weight:bold;color:#CC2222;} .message-effect-resist {font-weight:bold;color:#6688AA;} .message-effect-immune {font-weight:bold;color:#666666;} .message-learn-list {margin-top:0;margin-bottom:0;} .message-throttle-notice, .message-error {color:#992222;} .message-overflow, .chat small.message-overflow {font-size:0pt;} .message-overflow::before {font-size:9pt;content:'...';} .subtle {color:#3A4A66;}
</style>
<div class="wrapper replay-wrapper" style="max-width:1180px;margin:0 auto">
<input type="hidden" name="replayid" value="lc-484663913" />
<div class="battle"></div><div class="battle-log"></div><div class="replay-controls"></div><div class="replay-controls-2"></div>
<h1 style="font-weight:normal;text-align:center"><strong>LC</strong><br /><a href="http://pokemonshowdown.com/users/outofpractic" class="subtle" target="_blank">Out_Of_Practic</a> vs. <a href="http://pokemonshowdown.com/users/vacare" class="subtle" target="_blank">Vacare</a></h1>
<script type="text/plain" class="battle-log-data">|j|Out_Of_Practic
|j|Vacare
|player|p1|Out_Of_Practic|64
|player|p2|Vacare|192
|gametype|singles
|gen|6
|tier|LC
|rated
|seed|41335,28223,58951,62738
|clearpoke
|poke|p1|Tentacool, L5, F|item
|poke|p1|Horsea, L5, M|item
|poke|p1|Mantyke, L5, M|item
|poke|p1|Buizel, L5, M|item
|poke|p1|Anorith, L5, M|item
|poke|p1|Chinchou, L5, M|item
|poke|p2|Hippopotas, L5, M|item
|poke|p2|Cubone, L5, F|item
|poke|p2|Wooper, L5, F|item
|poke|p2|Drilbur, L5, M|item
|poke|p2|Diglett, L5, M|item
|poke|p2|Golett, L5|item
|rule|Sleep Clause Mod: Limit one foe put to sleep
|rule|Species Clause: Limit one of each Pokémon
|rule|OHKO Clause: OHKO moves are banned
|rule|Moody Clause: Moody is banned
|rule|Evasion Moves Clause: Evasion moves are banned
|rule|Endless Battle Clause: Forcing endless battles is banned
|rule|HP Percentage Mod: HP is shown in percentages
|teampreview
|c|★Vacare|I chose the wrong team to mono
|c|★Vacare|LOL
|choice|team 4, team 2, team 3, team 1, team 5, team 6|team 1, team 2, team 3, team 4, team 5, team 6
|
|start
|switch|p1a: Buizel|Buizel, L5, M|22\/22
|switch|p2a: Hippopotas|Hippopotas, L5, M|23\/23
|-weather|Sandstorm|[from] ability: Sand Stream|[of] p2a: Hippopotas
|turn|1
|choice|move raindance|move stealthrock
|
|move|p1a: Buizel|Rain Dance|p1a: Buizel
|-weather|RainDance
|move|p2a: Hippopotas|Stealth Rock|p1a: Buizel
|-sidestart|p1: Out_Of_Practic|move: Stealth Rock
|
|-weather|RainDance|[upkeep]
|turn|2
|choice|move poweruppunch|switch 3
|
|switch|p2a: Wooper|Wooper, L5, F|22\/22
|move|p1a: Buizel|Power-Up Punch|p2a: Wooper
|-damage|p2a: Wooper|18\/22
|-boost|p1a: Buizel|atk|1
|
|-weather|RainDance|[upkeep]
|turn|3
|choice|move poweruppunch|move earthquake
|
|move|p1a: Buizel|Power-Up Punch|p2a: Wooper
|-damage|p2a: Wooper|12\/22
|-boost|p1a: Buizel|atk|1
|move|p2a: Wooper|Earthquake|p1a: Buizel
|-damage|p1a: Buizel|9\/22
|
|-weather|RainDance|[upkeep]
|-heal|p1a: Buizel|10\/22|[from] item: Leftovers
|turn|4
|choice|move batonpass|move earthquake
|
|move|p1a: Buizel|Baton Pass|p1a: Buizel
|choice|switch 5|
|
|switch|p1a: Anorith|Anorith, L5, M|21\/21
|-damage|p1a: Anorith|16\/21|[from] Stealth Rock
|move|p2a: Wooper|Earthquake|p1a: Anorith
|-damage|p1a: Anorith|3\/21
|
|-weather|RainDance|[upkeep]
|turn|5
|choice|move knockoff|move earthquake
|
|move|p1a: Anorith|Knock Off|p2a: Wooper
|-damage|p2a: Wooper|0 fnt
|-enditem|p2a: Wooper|Eviolite|[from] move: Knock Off|[of] p1a: Anorith
|-damage|p1a: Anorith|1\/21|[from] item: Life Orb
|faint|p2a: Wooper
|
|-weather|none
|choice||switch 5
|
|switch|p2a: Diglett|Diglett, L5, M|18\/18
|turn|6
|choice|move rest|move suckerpunch
|
|move|p2a: Diglett|Sucker Punch|p1a: Anorith|[still]
|-fail|p2a: Diglett
|move|p1a: Anorith|Rest|p1a: Anorith
|-status|p1a: Anorith|slp
|-heal|p1a: Anorith|21\/21 slp|[silent]
|-status|p1a: Anorith|slp|[from] move: Rest
|
|turn|7
|choice|move sleeptalk|move earthquake
|
|move|p2a: Diglett|Earthquake|p1a: Anorith
|-damage|p1a: Anorith|0 fnt
|-damage|p2a: Diglett|17\/18|[from] item: Life Orb
|faint|p1a: Anorith
|
|choice|switch 3|
|
|switch|p1a: Mantyke|Mantyke, L5, M|21\/21
|-damage|p1a: Mantyke|16\/21|[from] Stealth Rock
|turn|8
|choice|move raindance|move earthquake
|
|move|p2a: Diglett|Earthquake|p1a: Mantyke
|-immune|p1a: Mantyke|[msg]
|move|p1a: Mantyke|Rain Dance|p1a: Mantyke
|-weather|RainDance
|
|-weather|RainDance|[upkeep]
|turn|9
|choice|move scald|move rockslide
|
|move|p2a: Diglett|Rock Slide|p1a: Mantyke
|-supereffective|p1a: Mantyke
|-damage|p1a: Mantyke|3\/21
|-damage|p2a: Diglett|16\/18|[from] item: Life Orb
|move|p1a: Mantyke|Scald|p2a: Diglett
|-supereffective|p2a: Diglett
|-damage|p2a: Diglett|0 fnt
|faint|p2a: Diglett
|
|-weather|RainDance|[upkeep]
|choice||switch 3
|
|switch|p2a: Hippopotas|Hippopotas, L5, M|23\/23
|-weather|Sandstorm|[from] ability: Sand Stream|[of] p2a: Hippopotas
|turn|10
|choice|move rest|switch 6
|
|switch|p2a: Golett|Golett, L5|22\/22
|move|p1a: Mantyke|Rest|p1a: Mantyke
|-status|p1a: Mantyke|slp
|-heal|p1a: Mantyke|21\/21 slp|[silent]
|-status|p1a: Mantyke|slp|[from] move: Rest
|
|-weather|Sandstorm|[upkeep]
|-damage|p1a: Mantyke|20\/21 slp|[from] sandstorm
|turn|11
|choice|move sleeptalk|move return
|
|cant|p1a: Mantyke|slp
|move|p1a: Mantyke|Sleep Talk|p1a: Mantyke
|move|p1a: Mantyke|Scald|p2a: Golett|[from]Sleep Talk
|-supereffective|p2a: Golett
|-damage|p2a: Golett|10\/22
|-status|p2a: Golett|brn
|move|p2a: Golett|Return|p1a: Mantyke
|-damage|p1a: Mantyke|17\/21 slp
|
|-weather|Sandstorm|[upkeep]
|-damage|p1a: Mantyke|16\/21 slp|[from] sandstorm
|-damage|p2a: Golett|8\/22 brn|[from] brn
|turn|12
|choice|move sleeptalk|move thunderpunch
|
|cant|p1a: Mantyke|slp
|move|p1a: Mantyke|Sleep Talk|p1a: Mantyke
|move|p1a: Mantyke|Rest|p1a: Mantyke|[from]Sleep Talk
|-fail|p1a: Mantyke
|move|p2a: Golett|Thunder Punch|p1a: Mantyke
|-supereffective|p1a: Mantyke
|-damage|p1a: Mantyke|6\/21 slp
|
|-weather|Sandstorm|[upkeep]
|-damage|p1a: Mantyke|5\/21 slp|[from] sandstorm
|-damage|p2a: Golett|6\/22 brn|[from] brn
|turn|13
|choice|move rest|move thunderpunch
|
|-curestatus|p1a: Mantyke|slp|[msg]
|move|p1a: Mantyke|Rest|p1a: Mantyke
|-status|p1a: Mantyke|slp
|-heal|p1a: Mantyke|21\/21 slp|[silent]
|-status|p1a: Mantyke|slp|[from] move: Rest
|move|p2a: Golett|Thunder Punch|p1a: Mantyke
|-supereffective|p1a: Mantyke
|-damage|p1a: Mantyke|11\/21 slp
|
|-weather|Sandstorm|[upkeep]
|-damage|p1a: Mantyke|10\/21 slp|[from] sandstorm
|-damage|p2a: Golett|4\/22 brn|[from] brn
|turn|14
|choice|move sleeptalk|move thunderpunch
|
|cant|p1a: Mantyke|slp
|move|p1a: Mantyke|Sleep Talk|p1a: Mantyke
|move|p1a: Mantyke|Rain Dance|p1a: Mantyke|[from]Sleep Talk
|-weather|RainDance
|move|p2a: Golett|Thunder Punch|p1a: Mantyke
|-supereffective|p1a: Mantyke
|-damage|p1a: Mantyke|0 fnt
|faint|p1a: Mantyke
|
|-weather|RainDance|[upkeep]
|-damage|p2a: Golett|2\/22 brn|[from] brn
|choice|switch 6|
|
|switch|p1a: Chinchou|Chinchou, L5, M|24\/24
|-damage|p1a: Chinchou|21\/24|[from] Stealth Rock
|turn|15
|choice|move icebeam|move return
|
|move|p1a: Chinchou|Ice Beam|p2a: Golett
|-supereffective|p2a: Golett
|-damage|p2a: Golett|0 fnt
|faint|p2a: Golett
|
|-weather|RainDance|[upkeep]
|choice||switch 6
|
|switch|p2a: Hippopotas|Hippopotas, L5, M|23\/23
|-weather|Sandstorm|[from] ability: Sand Stream|[of] p2a: Hippopotas
|turn|16
|choice|move raindance|move earthquake
|
|move|p1a: Chinchou|Rain Dance|p1a: Chinchou
|-weather|RainDance
|move|p2a: Hippopotas|Earthquake|p1a: Chinchou
|-supereffective|p1a: Chinchou
|-damage|p1a: Chinchou|1\/24
|
|-weather|RainDance|[upkeep]
|turn|17
|choice|move icebeam|move earthquake
|
|move|p1a: Chinchou|Ice Beam|p2a: Hippopotas
|-supereffective|p2a: Hippopotas
|-crit|p2a: Hippopotas
|-damage|p2a: Hippopotas|3\/23
|move|p2a: Hippopotas|Earthquake|p1a: Chinchou
|-supereffective|p1a: Chinchou
|-damage|p1a: Chinchou|0 fnt
|faint|p1a: Chinchou
|
|-weather|RainDance|[upkeep]
|choice|switch 2|
|
|switch|p1a: Horsea|Horsea, L5, M|19\/19
|-damage|p1a: Horsea|17\/19|[from] Stealth Rock
|turn|18
|choice|move scald|switch 2
|
|switch|p2a: Cubone|Cubone, L5, F|21\/21
|move|p1a: Horsea|Scald|p2a: Cubone
|-supereffective|p2a: Cubone
|-damage|p2a: Cubone|0 fnt
|faint|p2a: Cubone
|
|-weather|RainDance|[upkeep]
|choice||switch 2
|
|switch|p2a: Hippopotas|Hippopotas, L5, M|3\/23
|-weather|Sandstorm|[from] ability: Sand Stream|[of] p2a: Hippopotas
|turn|19
|choice|move scald|move earthquake
|
|move|p1a: Horsea|Scald|p2a: Hippopotas
|-supereffective|p2a: Hippopotas
|-damage|p2a: Hippopotas|0 fnt
|faint|p2a: Hippopotas
|
|-weather|Sandstorm|[upkeep]
|-damage|p1a: Horsea|16\/19|[from] sandstorm
|choice||switch 4
|
|switch|p2a: Drilbur|Drilbur, L5, M|23\/23
|turn|20
|choice|move raindance|move earthquake
|
|move|p2a: Drilbur|Earthquake|p1a: Horsea
|-crit|p1a: Horsea
|-damage|p1a: Horsea|0 fnt
|-damage|p2a: Drilbur|21\/23|[from] item: Life Orb
|faint|p1a: Horsea
|
|-weather|Sandstorm|[upkeep]
|choice|switch 4|
|
|switch|p1a: Tentacool|Tentacool, L5, F|20\/20
|-damage|p1a: Tentacool|18\/20|[from] Stealth Rock
|turn|21
|choice|move knockoff|move earthquake
|
|move|p2a: Drilbur|Earthquake|p1a: Tentacool
|-supereffective|p1a: Tentacool
|-damage|p1a: Tentacool|0 fnt
|-damage|p2a: Drilbur|19\/23|[from] item: Life Orb
|faint|p1a: Tentacool
|
|-weather|Sandstorm|[upkeep]
|choice|switch 5|
|
|switch|p1a: Buizel|Buizel, L5, M|10\/22
|-damage|p1a: Buizel|8\/22|[from] Stealth Rock
|turn|22
|choice|move raindance|move earthquake
|
|move|p2a: Drilbur|Earthquake|p1a: Buizel
|-crit|p1a: Buizel
|-damage|p1a: Buizel|0 fnt
|-damage|p2a: Drilbur|17\/23|[from] item: Life Orb
|faint|p1a: Buizel
|
|win|Vacare
|player|p1
|player|p2
|l|Out_Of_Practic
|c|★Vacare|GG</script>
</div>
<div class="battle-log battle-log-inline"><div class="inner"><div class="battle-options"></div><div class="inner"><div class="chat"><small>Out_Of_Practic joined.</small></div><div class="chat"><small>Vacare joined.</small></div><div class=""><small>Format:</small> <br><strong>LC</strong></div><div class="rated"><strong>Rated battle</strong></div><div class=""><small><em>Sleep Clause Mod:</em> Limit one foe put to sleep</small></div><div class=""><small><em>Species Clause:</em> Limit one of each Pokémon</small></div><div class=""><small><em>OHKO Clause:</em> OHKO moves are banned</small></div><div class=""><small><em>Moody Clause:</em> Moody is banned</small></div><div class=""><small><em>Evasion Moves Clause:</em> Evasion moves are banned</small></div><div class=""><small><em>Endless Battle Clause:</em> Forcing endless battles is banned</small></div><div class=""><small><em>HP Percentage Mod:</em> HP is shown in percentages</small></div><div class="chat battle-history"><strong>Out_Of_Practic's team:</strong> <em style="color:#445566;display:block;">Tentacool / Horsea / Mantyke / Buizel / Anorith / Chinchou</em></div><div class="chat battle-history"><strong>Vacare's team:</strong> <em style="color:#445566;display:block;">Hippopotas / Cubone / Wooper / Drilbur / Diglett / Golett</em></div><div class="chat chatmessage-vacare"><strong style="color:hsl(209,88%,40%)"><small>★</small><span class="username" data-name="Vacare">Vacare</span>:</strong> <em>I chose the wrong team to mono</em></div><div class="chat chatmessage-vacare"><strong style="color:hsl(209,88%,40%)"><small>★</small><span class="username" data-name="Vacare">Vacare</span>:</strong> <em>LOL</em></div><div class="spacer battle-history"><br></div><div class="battle-history">Battle started between Out_Of_Practic and Vacare!<br></div><div class="spacer battle-history"><br></div><div class="battle-history">Go! <strong>Buizel</strong>!<br></div><div class="spacer battle-history"><br></div><div class="battle-history">Vacare sent out <strong>Hippopotas</strong>!<br></div><div class="battle-history"><small>[The opposing Hippopotas's Sand Stream]</small><br><small>A sandstorm kicked up!</small><br></div><div class="spacer battle-history"><br></div><h2 class="battle-history">Turn 1</h2><div class="spacer battle-history"><br></div><div class="battle-history">Buizel used <strong>Rain Dance</strong>!<br></div><div class="battle-history"><small>It started to rain!</small><br></div><div class="spacer battle-history"><br></div><div class="battle-history">The opposing Hippopotas used <strong>Stealth Rock</strong>!<br></div><div class="battle-history"><small>Pointed stones float in the air around your team!</small><br></div><div class="spacer battle-history"><br></div><div class="battle-history"><small>(Rain continues to fall!)</small><br></div><div class="spacer battle-history"><br></div><h2 class="battle-history">Turn 2</h2><div class="spacer battle-history"><br></div><div class="battle-history">Vacare withdrew Hippopotas!<br></div><div class="battle-history">Vacare sent out <strong>Wooper</strong>!<br></div><div class="spacer battle-history"><br></div><div class="battle-history">Buizel used <strong>Power-Up Punch</strong>!<br></div><div class="battle-history"><small>(The opposing Wooper lost <abbr title="−4/22">18.2%</abbr> of its health!)</small><br></div><div class="battle-history"><small>Buizel's Attack rose!</small><br></div><div class="spacer battle-history"><br></div><div class="battle-history"><small>(Rain continues to fall!)</small><br></div><div class="spacer battle-history"><br></div><h2 class="battle-history">Turn 3</h2><div class="spacer battle-history"><br></div><div class="battle-history">Buizel used <strong>Power-Up Punch</strong>!<br></div><div class="battle-history"><small>(The opposing Wooper lost <abbr title="−6/22">27.3%</abbr> of its health!)</small><br></div><div class="battle-history"><small>Buizel's Attack rose!</small><br></div><div class="spacer battle-history"><br></div><div class="battle-history">The opposing Wooper used <strong>Earthquake</strong>!<br></div><div class="battle-history"><small>(Buizel lost <abbr title="−13/22">59.1%</abbr> of its health!)</small><br></div><div class="spacer battle-history"><br></div><div class="battle-history"><small>(Rain continues to fall!)</small><br></div><div class="battle-history"><small>Buizel restored a little HP using its Leftovers!</small><br></div><div class="spacer battle-history"><br></div><h2 class="battle-history">Turn 4</h2><div class="spacer battle-history"><br></div><div class="battle-history">Buizel used <strong>Baton Pass</strong>!<br></div><div class="spacer battle-history"><br></div><div class="battle-history">Go! <strong>Anorith</strong>!<br></div><div class="battle-history"><small>Pointed stones dug into Anorith!</small><br></div><div class="spacer battle-history"><br></div><div class="battle-history">The opposing Wooper used <strong>Earthquake</strong>!<br></div><div class="battle-history"><small>(Anorith lost <abbr title="−13/21">61.9%</abbr> of its health!)</small><br></div><div class="spacer battle-history"><br></div><div class="battle-history"><small>(Rain continues to fall!)</small><br></div><div class="spacer battle-history"><br></div><h2 class="battle-history">Turn 5</h2><div class="spacer battle-history"><br></div><div class="battle-history">Anorith used <strong>Knock Off</strong>!<br></div><div class="battle-history"><small>(The opposing Wooper lost <abbr title="−12/22">54.5%</abbr> of its health!)</small><br></div><div class="battle-history"><small>Anorith knocked off the opposing Wooper's Eviolite!</small><br></div><div class="battle-history"><small>Anorith lost some of its HP!</small><br></div><div class="spacer battle-history"><br></div><div class="battle-history">The opposing Wooper fainted!<br></div><div class="spacer battle-history"><br></div><div class="battle-history"><small>The rain stopped.</small><br></div><div class="spacer battle-history"><br></div><div class="battle-history">Vacare sent out <strong>Diglett</strong>!<br></div><div class="spacer battle-history"><br></div><h2 class="battle-history">Turn 6</h2><div class="spacer battle-history"><br></div><div class="battle-history">The opposing Diglett used <strong>Sucker Punch</strong>!<br></div><div class="battle-history"><small>But it failed!</small><br></div><div class="spacer battle-history"><br></div><div class="battle-history">Anorith used <strong>Rest</strong>!<br></div><div class="battle-history"><small>Anorith fell asleep!</small><br></div><div class="battle-history"><small>Anorith slept and became healthy!</small><br></div><div class="spacer battle-history"><br></div><h2 class="battle-history">Turn 7</h2><div class="spacer battle-history"><br></div><div class="battle-history">The opposing Diglett used <strong>Earthquake</strong>!<br></div><div class="battle-history"><small>(Anorith lost <abbr title="−21/21">100%</abbr> of its health!)</small><br></div><div class="battle-history"><small>The opposing Diglett lost some of its HP!</small><br></div><div class="spacer battle-history"><br></div><div class="battle-history">Anorith fainted!<br></div><div class="spacer battle-history"><br></div><div class="battle-history">Go! <strong>Mantyke</strong>!<br></div><div class="battle-history"><small>Pointed stones dug into Mantyke!</small><br></div><div class="spacer battle-history"><br></div><h2 class="battle-history">Turn 8</h2><div class="spacer battle-history"><br></div><div class="battle-history">The opposing Diglett used <strong>Earthquake</strong>!<br></div><div class="battle-history"><small>It doesn't affect Mantyke...</small><br></div><div class="spacer battle-history"><br></div><div class="battle-history">Mantyke used <strong>Rain Dance</strong>!<br></div><div class="battle-history"><small>It started to rain!</small><br></div><div class="spacer battle-history"><br></div><div class="battle-history"><small>(Rain continues to fall!)</small><br></div><div class="spacer battle-history"><br></div><h2 class="battle-history">Turn 9</h2><div class="spacer battle-history"><br></div><div class="battle-history">The opposing Diglett used <strong>Rock Slide</strong>!<br></div><div class="battle-history"><small>It's super effective!</small><br></div><div class="battle-history"><small>(Mantyke lost <abbr title="−13/21">61.9%</abbr> of its health!)</small><br></div><div class="battle-history"><small>The opposing Diglett lost some of its HP!</small><br></div><div class="spacer battle-history"><br></div><div class="battle-history">Mantyke used <strong>Scald</strong>!<br></div><div class="battle-history"><small>It's super effective!</small><br></div><div class="battle-history"><small>(The opposing Diglett lost <abbr title="−16/18">88.9%</abbr> of its health!)</small><br></div><div class="spacer battle-history"><br></div><div class="battle-history">The opposing Diglett fainted!<br></div><div class="spacer battle-history"><br></div><div class="battle-history"><small>(Rain continues to fall!)</small><br></div><div class="spacer battle-history"><br></div><div class="battle-history">Vacare sent out <strong>Hippopotas</strong>!<br></div><div class="battle-history"><small>[The opposing Hippopotas's Sand Stream]</small><br><small>A sandstorm kicked up!</small><br></div><div class="spacer battle-history"><br></div><h2 class="battle-history">Turn 10</h2><div class="spacer battle-history"><br></div><div class="battle-history">Vacare withdrew Hippopotas!<br></div><div class="battle-history">Vacare sent out <strong>Golett</strong>!<br></div><div class="spacer battle-history"><br></div><div class="battle-history">Mantyke used <strong>Rest</strong>!<br></div><div class="battle-history"><small>Mantyke fell asleep!</small><br></div><div class="battle-history"><small>Mantyke slept and became healthy!</small><br></div><div class="spacer battle-history"><br></div><div class="battle-history"><small>The sandstorm is raging.</small><br></div><div class="battle-history"><small>Mantyke is buffeted by the sandstorm!</small><br></div><div class="spacer battle-history"><br></div><h2 class="battle-history">Turn 11</h2><div class="spacer battle-history"><br></div><div class="battle-history">Mantyke is fast asleep.<br></div><div class="spacer battle-history"><br></div><div class="battle-history">Mantyke used <strong>Sleep Talk</strong>!<br></div><div class="spacer battle-history"><br></div><div class="battle-history">Mantyke used <strong>Scald</strong>!<br></div><div class="battle-history"><small>It's super effective!</small><br></div><div class="battle-history"><small>(The opposing Golett lost <abbr title="−12/22">54.5%</abbr> of its health!)</small><br></div><div class="battle-history"><small>The opposing Golett was burned!</small><br></div><div class="spacer battle-history"><br></div><div class="battle-history">The opposing Golett used <strong>Return</strong>!<br></div><div class="battle-history"><small>(Mantyke lost <abbr title="−3/21">14.3%</abbr> of its health!)</small><br></div><div class="spacer battle-history"><br></div><div class="battle-history"><small>The sandstorm is raging.</small><br></div><div class="battle-history"><small>Mantyke is buffeted by the sandstorm!</small><br></div><div class="battle-history"><small>The opposing Golett was hurt by its burn!</small><br></div><div class="spacer battle-history"><br></div><h2 class="battle-history">Turn 12</h2><div class="spacer battle-history"><br></div><div class="battle-history">Mantyke is fast asleep.<br></div><div class="spacer battle-history"><br></div><div class="battle-history">Mantyke used <strong>Sleep Talk</strong>!<br></div><div class="spacer battle-history"><br></div><div class="battle-history">Mantyke used <strong>Rest</strong>!<br></div><div class="battle-history"><small>But it failed!</small><br></div><div class="spacer battle-history"><br></div><div class="battle-history">The opposing Golett used <strong>Thunder Punch</strong>!<br></div><div class="battle-history"><small>It's super effective!</small><br></div><div class="battle-history"><small>(Mantyke lost <abbr title="−10/21">47.6%</abbr> of its health!)</small><br></div><div class="spacer battle-history"><br></div><div class="battle-history"><small>The sandstorm is raging.</small><br></div><div class="battle-history"><small>Mantyke is buffeted by the sandstorm!</small><br></div><div class="battle-history"><small>The opposing Golett was hurt by its burn!</small><br></div><div class="spacer battle-history"><br></div><h2 class="battle-history">Turn 13</h2><div class="spacer battle-history"><br></div><div class="battle-history"><small>Mantyke woke up!</small><br></div><div class="spacer battle-history"><br></div><div class="battle-history">Mantyke used <strong>Rest</strong>!<br></div><div class="battle-history"><small>Mantyke fell asleep!</small><br></div><div class="battle-history"><small>Mantyke slept and became healthy!</small><br></div><div class="spacer battle-history"><br></div><div class="battle-history">The opposing Golett used <strong>Thunder Punch</strong>!<br></div><div class="battle-history"><small>It's super effective!</small><br></div><div class="battle-history"><small>(Mantyke lost <abbr title="−10/21">47.6%</abbr> of its health!)</small><br></div><div class="spacer battle-history"><br></div><div class="battle-history"><small>The sandstorm is raging.</small><br></div><div class="battle-history"><small>Mantyke is buffeted by the sandstorm!</small><br></div><div class="battle-history"><small>The opposing Golett was hurt by its burn!</small><br></div><div class="spacer battle-history"><br></div><h2 class="battle-history">Turn 14</h2><div class="spacer battle-history"><br></div><div class="battle-history">Mantyke is fast asleep.<br></div><div class="spacer battle-history"><br></div><div class="battle-history">Mantyke used <strong>Sleep Talk</strong>!<br></div><div class="spacer battle-history"><br></div><div class="battle-history">Mantyke used <strong>Rain Dance</strong>!<br></div><div class="battle-history"><small>It started to rain!</small><br></div><div class="spacer battle-history"><br></div><div class="battle-history">The opposing Golett used <strong>Thunder Punch</strong>!<br></div><div class="battle-history"><small>It's super effective!</small><br></div><div class="battle-history"><small>(Mantyke lost <abbr title="−10/21">47.6%</abbr> of its health!)</small><br></div><div class="spacer battle-history"><br></div><div class="battle-history">Mantyke fainted!<br></div><div class="spacer battle-history"><br></div><div class="battle-history"><small>(Rain continues to fall!)</small><br></div><div class="battle-history"><small>The opposing Golett was hurt by its burn!</small><br></div><div class="spacer battle-history"><br></div><div class="battle-history">Go! <strong>Chinchou</strong>!<br></div><div class="battle-history"><small>Pointed stones dug into Chinchou!</small><br></div><div class="spacer battle-history"><br></div><h2 class="battle-history">Turn 15</h2><div class="spacer battle-history"><br></div><div class="battle-history">Chinchou used <strong>Ice Beam</strong>!<br></div><div class="battle-history"><small>It's super effective!</small><br></div><div class="battle-history"><small>(The opposing Golett lost <abbr title="−2/22">9.1%</abbr> of its health!)</small><br></div><div class="spacer battle-history"><br></div><div class="battle-history">The opposing Golett fainted!<br></div><div class="spacer battle-history"><br></div><div class="battle-history"><small>(Rain continues to fall!)</small><br></div><div class="spacer battle-history"><br></div><div class="battle-history">Vacare sent out <strong>Hippopotas</strong>!<br></div><div class="battle-history"><small>[The opposing Hippopotas's Sand Stream]</small><br><small>A sandstorm kicked up!</small><br></div><div class="spacer battle-history"><br></div><h2 class="battle-history">Turn 16</h2><div class="spacer battle-history"><br></div><div class="battle-history">Chinchou used <strong>Rain Dance</strong>!<br></div><div class="battle-history"><small>It started to rain!</small><br></div><div class="spacer battle-history"><br></div><div class="battle-history">The opposing Hippopotas used <strong>Earthquake</strong>!<br></div><div class="battle-history"><small>It's super effective!</small><br></div><div class="battle-history"><small>(Chinchou lost <abbr title="−20/24">83.3%</abbr> of its health!)</small><br></div><div class="spacer battle-history"><br></div><div class="battle-history"><small>(Rain continues to fall!)</small><br></div><div class="spacer battle-history"><br></div><h2 class="battle-history">Turn 17</h2><div class="spacer battle-history"><br></div><div class="battle-history">Chinchou used <strong>Ice Beam</strong>!<br></div><div class="battle-history"><small>It's super effective!</small><br></div><div class="battle-history"><small>A critical hit!</small><br></div><div class="battle-history"><small>(The opposing Hippopotas lost <abbr title="−20/23">87.0%</abbr> of its health!)</small><br></div><div class="spacer battle-history"><br></div><div class="battle-history">The opposing Hippopotas used <strong>Earthquake</strong>!<br></div><div class="battle-history"><small>It's super effective!</small><br></div><div class="battle-history"><small>(Chinchou lost <abbr title="−1/24">4.2%</abbr> of its health!)</small><br></div><div class="spacer battle-history"><br></div><div class="battle-history">Chinchou fainted!<br></div><div class="spacer battle-history"><br></div><div class="battle-history"><small>(Rain continues to fall!)</small><br></div><div class="spacer battle-history"><br></div><div class="battle-history">Go! <strong>Horsea</strong>!<br></div><div class="battle-history"><small>Pointed stones dug into Horsea!</small><br></div><div class="spacer battle-history"><br></div><h2 class="battle-history">Turn 18</h2><div class="spacer battle-history"><br></div><div class="battle-history">Vacare withdrew Hippopotas!<br></div><div class="battle-history">Vacare sent out <strong>Cubone</strong>!<br></div><div class="spacer battle-history"><br></div><div class="battle-history">Horsea used <strong>Scald</strong>!<br></div><div class="battle-history"><small>It's super effective!</small><br></div><div class="battle-history"><small>(The opposing Cubone lost <abbr title="−21/21">100%</abbr> of its health!)</small><br></div><div class="spacer battle-history"><br></div><div class="battle-history">The opposing Cubone fainted!<br></div><div class="spacer battle-history"><br></div><div class="battle-history"><small>(Rain continues to fall!)</small><br></div><div class="spacer battle-history"><br></div><div class="battle-history">Vacare sent out <strong>Hippopotas</strong>!<br></div><div class="battle-history"><small>[The opposing Hippopotas's Sand Stream]</small><br><small>A sandstorm kicked up!</small><br></div><div class="spacer battle-history"><br></div><h2 class="battle-history">Turn 19</h2><div class="spacer battle-history"><br></div><div class="battle-history">Horsea used <strong>Scald</strong>!<br></div><div class="battle-history"><small>It's super effective!</small><br></div><div class="battle-history"><small>(The opposing Hippopotas lost <abbr title="−3/23">13.0%</abbr> of its health!)</small><br></div><div class="spacer battle-history"><br></div><div class="battle-history">The opposing Hippopotas fainted!<br></div><div class="spacer battle-history"><br></div><div class="battle-history"><small>The sandstorm is raging.</small><br></div><div class="battle-history"><small>Horsea is buffeted by the sandstorm!</small><br></div><div class="spacer battle-history"><br></div><div class="battle-history">Vacare sent out <strong>Drilbur</strong>!<br></div><div class="spacer battle-history"><br></div><h2 class="battle-history">Turn 20</h2><div class="spacer battle-history"><br></div><div class="battle-history">The opposing Drilbur used <strong>Earthquake</strong>!<br></div><div class="battle-history"><small>A critical hit!</small><br></div><div class="battle-history"><small>(Horsea lost <abbr title="−16/19">84.2%</abbr> of its health!)</small><br></div><div class="battle-history"><small>The opposing Drilbur lost some of its HP!</small><br></div><div class="spacer battle-history"><br></div><div class="battle-history">Horsea fainted!<br></div><div class="spacer battle-history"><br></div><div class="battle-history"><small>The sandstorm is raging.</small><br></div><div class="spacer battle-history"><br></div><div class="battle-history">Go! <strong>Tentacool</strong>!<br></div><div class="battle-history"><small>Pointed stones dug into Tentacool!</small><br></div><div class="spacer battle-history"><br></div><h2 class="battle-history">Turn 21</h2><div class="spacer battle-history"><br></div><div class="battle-history">The opposing Drilbur used <strong>Earthquake</strong>!<br></div><div class="battle-history"><small>It's super effective!</small><br></div><div class="battle-history"><small>(Tentacool lost <abbr title="−18/20">90%</abbr> of its health!)</small><br></div><div class="battle-history"><small>The opposing Drilbur lost some of its HP!</small><br></div><div class="spacer battle-history"><br></div><div class="battle-history">Tentacool fainted!<br></div><div class="spacer battle-history"><br></div><div class="battle-history"><small>The sandstorm is raging.</small><br></div><div class="spacer battle-history"><br></div><div class="battle-history">Go! <strong>Buizel</strong>!<br></div><div class="battle-history"><small>Pointed stones dug into Buizel!</small><br></div><div class="spacer battle-history"><br></div><h2 class="battle-history">Turn 22</h2><div class="spacer battle-history"><br></div><div class="battle-history">The opposing Drilbur used <strong>Earthquake</strong>!<br></div><div class="battle-history"><small>A critical hit!</small><br></div><div class="battle-history"><small>(Buizel lost <abbr title="−8/22">36.4%</abbr> of its health!)</small><br></div><div class="battle-history"><small>The opposing Drilbur lost some of its HP!</small><br></div><div class="spacer battle-history"><br></div><div class="battle-history">Buizel fainted!<br></div><div class="spacer battle-history"><br></div><div class="battle-history"><strong>Vacare</strong> won the battle!<br></div><div class="chat"><small>Out_Of_Practic left.</small></div><div class="chat chatmessage-vacare"><strong style="color:hsl(209,88%,40%)"><small>★</small><span class="username" data-name="Vacare">Vacare</span>:</strong> <em>GG</em></div></div><div class="inner-preempt"></div></div></div>
</div>
<script>
let daily = Math.floor(Date.now()/1000/60/60/24);document.write('<script src="https://play.pokemonshowdown.com/js/replay-embed.js?version'+daily+'"></'+'script>');
</script>
