<!DOCTYPE html>
<meta charset="utf-8" />
<!-- version 1 -->
<title>LC replay: spikepio vs. Crein</title>
<style>
html,body {font-family:Verdana, sans-serif;font-size:10pt;margin:0;padding:0;}body{padding:12px 0;} .battle-log {font-family:Verdana, sans-serif;font-size:10pt;} .battle-log-inline {border:1px solid #AAAAAA;background:#EEF2F5;color:black;max-width:640px;margin:0 auto 80px;padding-bottom:5px;} .battle-log .inner {padding:4px 8px 0px 8px;} .battle-log .inner-preempt {padding:0 8px 4px 8px;} .battle-log .inner-after {margin-top:0.5em;} .battle-log h2 {margin:0.5em -8px;padding:4px 8px;border:1px solid #AAAAAA;background:#E0E7EA;border-left:0;border-right:0;font-family:Verdana, sans-serif;font-size:13pt;} .battle-log .chat {vertical-align:middle;padding:3px 0 3px 0;font-size:8pt;} .battle-log .chat strong {color:#40576A;} .battle-log .chat em {padding:1px 4px 1px 3px;color:#000000;font-style:normal;} .chat.mine {background:rgba(0,0,0,0.05);margin-left:-8px;margin-right:-8px;padding-left:8px;padding-right:8px;} .spoiler {color:#BBBBBB;background:#BBBBBB;padding:0px 3px;} .spoiler:hover, .spoiler:active, .spoiler-shown {color:#000000;background:#E2E2E2;padding:0px 3px;} .spoiler a {color:#BBBBBB;} .spoiler:hover a, .spoiler:active a, .spoiler-shown a {color:#2288CC;} .chat code, .chat .spoiler:hover code, .chat .spoiler:active code, .chat .spoiler-shown code {border:1px solid #C0C0C0;background:#EEEEEE;color:black;padding:0 2px;} .chat .spoiler code {border:1px solid #CCCCCC;background:#CCCCCC;color:#CCCCCC;} .battle-log .rated {padding:3px 4px;} .battle-log .rated strong {color:white;background:#89A;padding:1px 4px;border-radius:4px;} .spacer {margin-top:0.5em;} .message-announce {background:#6688AA;color:white;padding:1px 4px 2px;} .message-announce a, .broadcast-green a, .broadcast-blue a, .broadcast-red a {color:#DDEEFF;} .broadcast-green {background-color:#559955;color:white;padding:2px 4px;} .broadcast-blue {background-color:#6688AA;color:white;padding:2px 4px;} .infobox {border:1px solid #6688AA;padding:2px 4px;} .infobox-limited {max-height:200px;overflow:auto;overflow-x:hidden;} .broadcast-red {background-color:#AA5544;color:white;padding:2px 4px;} .message-learn-canlearn {font-weight:bold;color:#228822;text-decoration:underline;} .message-learn-cannotlearn {font-weight:bold;color:#CC2222;text-decoration:underline;} .message-effect-weak {font-weight:bold;color:#CC2222;} .message-effect-resist {font-weight:bold;color:#6688AA;} .message-effect-immune {font-weight:bold;color:#666666;} .message-learn-list {margin-top:0;margin-bottom:0;} .message-throttle-notice, .message-error {color:#992222;} .message-overflow, .chat small.message-overflow {font-size:0pt;} .message-overflow::before {font-size:9pt;content:'...';} .subtle {color:#3A4A66;}
</style>
<div class="wrapper replay-wrapper" style="max-width:1180px;margin:0 auto">
<input type="hidden" name="replayid" value="lc-506637634" />
<div class="battle"></div><div class="battle-log"></div><div class="replay-controls"></div><div class="replay-controls-2"></div>
<h1 style="font-weight:normal;text-align:center"><strong>LC</strong><br /><a href="http://pokemonshowdown.com/users/spikepio" class="subtle" target="_blank">spikepio</a> vs. <a href="http://pokemonshowdown.com/users/crein" class="subtle" target="_blank">Crein</a></h1>
<script type="text/plain" class="battle-log-data">|j|spikepio
|j|Crein
|player|p1|spikepio|92
|player|p2|Crein|238
|gametype|singles
|gen|6
|tier|LC
|rated
|seed|11406,2792,11228,16800
|clearpoke
|poke|p1|Foongus, L5, F|item
|poke|p1|Staryu, L5|item
|poke|p1|Chinchou, L5, F|item
|poke|p1|Ferroseed, L5, M|item
|poke|p1|Spritzee, L5, M|item
|poke|p1|Ponyta, L5, F|item
|poke|p2|Mienfoo, L5, M|item
|poke|p2|Munchlax, L5, M|item
|poke|p2|Magnemite, L5|item
|poke|p2|Cubone, L5, M|item
|poke|p2|Ferroseed, L5, M|item
|poke|p2|Gastly, L5, F|item
|rule|Sleep Clause Mod: Limit one foe put to sleep
|rule|Species Clause: Limit one of each Pokémon
|rule|OHKO Clause: OHKO moves are banned
|rule|Moody Clause: Moody is banned
|rule|Evasion Moves Clause: Evasion moves are banned
|rule|Endless Battle Clause: Forcing endless battles is banned
|rule|HP Percentage Mod: HP is shown in percentages
|teampreview
|choice|team 4, team 2, team 3, team 1, team 5, team 6|team 4, team 2, team 3, team 1, team 5, team 6
|
|start
|switch|p1a: Ferroseed|Ferroseed, L5, M|22\/22
|switch|p2a: Cubone|Cubone, L5, M|22\/22
|turn|1
|choice|move stealthrock|move earthquake
|
|move|p2a: Cubone|Earthquake|p1a: Ferroseed
|-damage|p1a: Ferroseed|9\/22
|move|p1a: Ferroseed|Stealth Rock|p2a: Cubone
|-sidestart|p2: Crein|move: Stealth Rock
|
|upkeep
|turn|2
|choice|move bulletseed|move earthquake
|
|move|p2a: Cubone|Earthquake|p1a: Ferroseed
|-damage|p1a: Ferroseed|0 fnt
|faint|p1a: Ferroseed
|
|upkeep
|choice|switch 2|
|
|switch|p1a: Staryu|Staryu, L5|21\/21
|turn|3
|choice|move scald|switch 5
|
|switch|p2a: Ferroseed|Ferroseed, L5, M|24\/24
|-damage|p2a: Ferroseed|23\/24|[from] Stealth Rock
|move|p1a: Staryu|Scald|p2a: Ferroseed
|-resisted|p2a: Ferroseed
|-damage|p2a: Ferroseed|20\/24
|-status|p2a: Ferroseed|brn
|
|-damage|p2a: Ferroseed|17\/24 brn|[from] brn
|upkeep
|turn|4
|j|vick1010
|c| vick1010|lol
|choice|switch 6|move stealthrock
|
|switch|p1a: Ponyta|Ponyta, L5, F|21\/21
|move|p2a: Ferroseed|Stealth Rock|p1a: Ponyta
|-sidestart|p1: spikepio|move: Stealth Rock
|
|-damage|p2a: Ferroseed|14\/24 brn|[from] brn
|upkeep
|turn|5
|c|★Crein|Poor Ferro lol
|choice|move flareblitz|move seedbomb
|
|move|p1a: Ponyta|Flare Blitz|p2a: Ferroseed
|-supereffective|p2a: Ferroseed
|-damage|p2a: Ferroseed|0 fnt
|-damage|p1a: Ponyta|19\/21|[from] ability: Iron Barbs|[of] p2a: Ferroseed
|-damage|p1a: Ponyta|14\/21|[from] recoil|[of] p2a: Ferroseed
|faint|p2a: Ferroseed
|
|upkeep
|c| vick1010|yes poor ferro
|choice||switch 2
|
|switch|p2a: Munchlax|Munchlax, L5, M|33\/33
|-damage|p2a: Munchlax|29\/33|[from] Stealth Rock
|turn|6
|choice|move toxic|move curse
|
|move|p1a: Ponyta|Toxic|p2a: Munchlax|[miss]
|-miss|p1a: Ponyta|p2a: Munchlax
|move|p2a: Munchlax|Curse|p2a: Munchlax
|-unboost|p2a: Munchlax|spe|1
|-boost|p2a: Munchlax|atk|1
|-boost|p2a: Munchlax|def|1
|
|upkeep
|turn|7
|choice|move toxic|move amnesia
|
|move|p1a: Ponyta|Toxic|p2a: Munchlax
|-status|p2a: Munchlax|tox
|move|p2a: Munchlax|Amnesia|p2a: Munchlax
|-boost|p2a: Munchlax|spd|2
|
|-damage|p2a: Munchlax|27\/33 tox|[from] psn
|upkeep
|turn|8
|choice|move flareblitz|move curse
|
|move|p1a: Ponyta|Flare Blitz|p2a: Munchlax
|-damage|p2a: Munchlax|23\/33 tox
|-damage|p1a: Ponyta|13\/21|[from] recoil|[of] p2a: Munchlax
|move|p2a: Munchlax|Curse|p2a: Munchlax
|-unboost|p2a: Munchlax|spe|1
|-boost|p2a: Munchlax|atk|1
|-boost|p2a: Munchlax|def|1
|
|-damage|p2a: Munchlax|19\/33 tox|[from] psn
|upkeep
|turn|9
|c| vick1010|gg easy
|choice|move morningsun|move curse
|
|move|p1a: Ponyta|Morning Sun|p1a: Ponyta
|-heal|p1a: Ponyta|21\/21
|move|p2a: Munchlax|Curse|p2a: Munchlax
|-unboost|p2a: Munchlax|spe|1
|-boost|p2a: Munchlax|atk|1
|-boost|p2a: Munchlax|def|1
|
|-damage|p2a: Munchlax|13\/33 tox|[from] psn
|upkeep
|turn|10
|c|★Crein|Lol possibly
|choice|switch 5|move rest
|
|switch|p1a: Spritzee|Spritzee, L5, M|27\/27
|-damage|p1a: Spritzee|24\/27|[from] Stealth Rock
|move|p2a: Munchlax|Rest|p2a: Munchlax
|-status|p2a: Munchlax|slp
|-heal|p2a: Munchlax|33\/33 slp|[silent]
|-status|p2a: Munchlax|slp|[from] move: Rest
|
|upkeep
|turn|11
|c|★Crein|48 special defense already. Just damn Munchlax
|choice|switch 5|move amnesia
|
|switch|p1a: Ponyta|Ponyta, L5, F|21\/21
|-damage|p1a: Ponyta|16\/21|[from] Stealth Rock
|cant|p2a: Munchlax|slp
|
|upkeep
|turn|12
|c| vick1010|jajajaja wow 48
|choice|move flareblitz|move return
|
|move|p1a: Ponyta|Flare Blitz|p2a: Munchlax
|-damage|p2a: Munchlax|30\/33 slp
|-damage|p1a: Ponyta|15\/21|[from] recoil|[of] p2a: Munchlax
|cant|p2a: Munchlax|slp
|
|upkeep
|turn|13
|c|★Crein|Defense is 45 lol
|choice|move flareblitz|move return
|
|move|p1a: Ponyta|Flare Blitz|p2a: Munchlax
|-damage|p2a: Munchlax|27\/33 slp
|-damage|p1a: Ponyta|14\/21|[from] recoil|[of] p2a: Munchlax
|-curestatus|p2a: Munchlax|slp|[msg]
|move|p2a: Munchlax|Return|p1a: Ponyta
|-damage|p1a: Ponyta|0 fnt
|faint|p1a: Ponyta
|
|upkeep
|choice|switch 4|
|
|switch|p1a: Foongus|Foongus, L5, F|25\/25
|-damage|p1a: Foongus|22\/25|[from] Stealth Rock
|turn|14
|l|vick1010
|choice|move spore|move return
|
|move|p1a: Foongus|Spore|p2a: Munchlax
|-status|p2a: Munchlax|slp
|cant|p2a: Munchlax|slp
|
|upkeep
|turn|15
|choice|move sludgebomb|move return
|
|move|p1a: Foongus|Sludge Bomb|p2a: Munchlax
|-damage|p2a: Munchlax|24\/33 slp
|-curestatus|p2a: Munchlax|slp|[msg]
|move|p2a: Munchlax|Return|p1a: Foongus
|-damage|p1a: Foongus|0 fnt
|faint|p1a: Foongus
|
|upkeep
|c|★Crein|Lol wow
|choice|switch 6|
|
|switch|p1a: Staryu|Staryu, L5|21\/21
|-damage|p1a: Staryu|19\/21|[from] Stealth Rock
|turn|16
|choice|move scald|move return
|
|move|p1a: Staryu|Scald|p2a: Munchlax
|-damage|p2a: Munchlax|21\/33
|move|p2a: Munchlax|Return|p1a: Staryu
|-damage|p1a: Staryu|0 fnt
|faint|p1a: Staryu
|
|upkeep
|c|★Crein|Gg
|c|★spikepio|gg
|choice|switch 5|
|
|switch|p1a: Spritzee|Spritzee, L5, M|24\/27
|-damage|p1a: Spritzee|21\/27|[from] Stealth Rock
|turn|17
|choice|move moonblast|move return
|
|move|p1a: Spritzee|Moonblast|p2a: Munchlax
|-damage|p2a: Munchlax|17\/33
|move|p2a: Munchlax|Return|p1a: Spritzee
|-damage|p1a: Spritzee|3\/27
|
|upkeep
|turn|18
|choice|move moonblast|move return
|
|move|p1a: Spritzee|Moonblast|p2a: Munchlax
|-damage|p2a: Munchlax|13\/33
|-unboost|p2a: Munchlax|spa|1
|move|p2a: Munchlax|Return|p1a: Spritzee
|-damage|p1a: Spritzee|0 fnt
|faint|p1a: Spritzee
|
|upkeep
|choice|switch 3|
|
|switch|p1a: Chinchou|Chinchou, L5, F|25\/25
|-damage|p1a: Chinchou|22\/25|[from] Stealth Rock
|turn|19
|choice|move scald|move return
|
|move|p1a: Chinchou|Scald|p2a: Munchlax
|-damage|p2a: Munchlax|10\/33
|move|p2a: Munchlax|Return|p1a: Chinchou
|-damage|p1a: Chinchou|0 fnt
|faint|p1a: Chinchou
|
|win|Crein
|player|p1
|player|p2</script>
</div>
<div class="battle-log battle-log-inline"><div class="inner"><div class="battle-options"></div><div class="inner"><div class="chat"><small>spikepio joined.</small></div><div class="chat"><small>Crein joined.</small></div><div class=""><small>Format:</small> <br><strong>LC</strong></div><div class="rated"><strong>Rated battle</strong></div><div class=""><small><em>Sleep Clause Mod:</em> Limit one foe put to sleep</small></div><div class=""><small><em>Species Clause:</em> Limit one of each Pokémon</small></div><div class=""><small><em>OHKO Clause:</em> OHKO moves are banned</small></div><div class=""><small><em>Moody Clause:</em> Moody is banned</small></div><div class=""><small><em>Evasion Moves Clause:</em> Evasion moves are banned</small></div><div class=""><small><em>Endless Battle Clause:</em> Forcing endless battles is banned</small></div><div class=""><small><em>HP Percentage Mod:</em> HP is shown in percentages</small></div><div class="chat battle-history"><strong>spikepio's team:</strong> <em style="color:#445566;display:block;">Foongus / Staryu / Chinchou / Ferroseed / Spritzee / Ponyta</em></div><div class="chat battle-history"><strong>Crein's team:</strong> <em style="color:#445566;display:block;">Mienfoo / Munchlax / Magnemite / Cubone / Ferroseed / Gastly</em></div><div class="spacer battle-history"><br></div><div class="battle-history">Battle started between spikepio and Crein!<br></div><div class="spacer battle-history"><br></div><div class="battle-history">Go! <strong>Ferroseed</strong>!<br></div><div class="spacer battle-history"><br></div><div class="battle-history">Crein sent out <strong>Cubone</strong>!<br></div><div class="spacer battle-history"><br></div><h2 class="battle-history">Turn 1</h2><div class="spacer battle-history"><br></div><div class="battle-history">The opposing Cubone used <strong>Earthquake</strong>!<br></div><div class="battle-history"><small>(Ferroseed lost <abbr title="−13/22">59.1%</abbr> of its health!)</small><br></div><div class="spacer battle-history"><br></div><div class="battle-history">Ferroseed used <strong>Stealth Rock</strong>!<br></div><div class="battle-history"><small>Pointed stones float in the air around the opposing team!</small><br></div><div class="spacer battle-history"><br></div><h2 class="battle-history">Turn 2</h2><div class="spacer battle-history"><br></div><div class="battle-history">The opposing Cubone used <strong>Earthquake</strong>!<br></div><div class="battle-history"><small>(Ferroseed lost <abbr title="−9/22">40.9%</abbr> of its health!)</small><br></div><div class="spacer battle-history"><br></div><div class="battle-history">Ferroseed fainted!<br></div><div class="spacer battle-history"><br></div><div class="battle-history">Go! <strong>Staryu</strong>!<br></div><div class="spacer battle-history"><br></div><h2 class="battle-history">Turn 3</h2><div class="spacer battle-history"><br></div><div class="battle-history">Crein withdrew Cubone!<br></div><div class="battle-history">Crein sent out <strong>Ferroseed</strong>!<br></div><div class="battle-history"><small>Pointed stones dug into the opposing Ferroseed!</small><br></div><div class="spacer battle-history"><br></div><div class="battle-history">Staryu used <strong>Scald</strong>!<br></div><div class="battle-history"><small>It's not very effective...</small><br></div><div class="battle-history"><small>(The opposing Ferroseed lost <abbr title="−3/24">12.5%</abbr> of its health!)</small><br></div><div class="battle-history"><small>The opposing Ferroseed was burned!</small><br></div><div class="spacer battle-history"><br></div><div class="battle-history"><small>The opposing Ferroseed was hurt by its burn!</small><br></div><div class="spacer battle-history"><br></div><h2 class="battle-history">Turn 4</h2><div class="chat"><small>vick1010 joined.</small></div><div class="chat chatmessage-vick1010"><strong style="color:hsl(326,50%,49%)"><small> </small><span class="username" data-name="vick1010">vick1010</span>:</strong> <em>lol</em></div><div class="spacer battle-history"><br></div><div class="battle-history">Staryu, come back!<br></div><div class="battle-history">Go! <strong>Ponyta</strong>!<br></div><div class="spacer battle-history"><br></div><div class="battle-history">The opposing Ferroseed used <strong>Stealth Rock</strong>!<br></div><div class="battle-history"><small>Pointed stones float in the air around your team!</small><br></div><div class="spacer battle-history"><br></div><div class="battle-history"><small>The opposing Ferroseed was hurt by its burn!</small><br></div><div class="spacer battle-history"><br></div><h2 class="battle-history">Turn 5</h2><div class="chat chatmessage-crein"><strong style="color:hsl(161,63%,37%)"><small>★</small><span class="username" data-name="Crein">Crein</span>:</strong> <em>Poor Ferro lol</em></div><div class="spacer battle-history"><br></div><div class="battle-history">Ponyta used <strong>Flare Blitz</strong>!<br></div><div class="battle-history"><small>It's super effective!</small><br></div><div class="battle-history"><small>(The opposing Ferroseed lost <abbr title="−14/24">58.3%</abbr> of its health!)</small><br></div><div class="battle-history"><small>[The opposing Ferroseed's Iron Barbs]</small><br><small>Ponyta was hurt!</small><br></div><div class="battle-history"><small>Ponyta is damaged by the recoil!</small><br></div><div class="spacer battle-history"><br></div><div class="battle-history">The opposing Ferroseed fainted!<br></div><div class="chat chatmessage-vick1010"><strong style="color:hsl(326,50%,49%)"><small> </small><span class="username" data-name="vick1010">vick1010</span>:</strong> <em>yes poor ferro</em></div><div class="spacer battle-history"><br></div><div class="battle-history">Crein sent out <strong>Munchlax</strong>!<br></div><div class="battle-history"><small>Pointed stones dug into the opposing Munchlax!</small><br></div><div class="spacer battle-history"><br></div><h2 class="battle-history">Turn 6</h2><div class="spacer battle-history"><br></div><div class="battle-history">Ponyta used <strong>Toxic</strong>!<br></div><div class="battle-history"><small>The opposing Munchlax avoided the attack!</small><br></div><div class="spacer battle-history"><br></div><div class="battle-history">The opposing Munchlax used <strong>Curse</strong>!<br></div><div class="battle-history"><small>The opposing Munchlax's Speed fell!</small><br></div><div class="battle-history"><small>The opposing Munchlax's Attack rose!</small><br></div><div class="battle-history"><small>The opposing Munchlax's Defense rose!</small><br></div><div class="spacer battle-history"><br></div><h2 class="battle-history">Turn 7</h2><div class="spacer battle-history"><br></div><div class="battle-history">Ponyta used <strong>Toxic</strong>!<br></div><div class="battle-history"><small>The opposing Munchlax was badly poisoned!</small><br></div><div class="spacer battle-history"><br></div><div class="battle-history">The opposing Munchlax used <strong>Amnesia</strong>!<br></div><div class="battle-history"><small>The opposing Munchlax's Special Defense rose sharply!</small><br></div><div class="spacer battle-history"><br></div><div class="battle-history"><small>The opposing Munchlax was hurt by poison!</small><br></div><div class="spacer battle-history"><br></div><h2 class="battle-history">Turn 8</h2><div class="spacer battle-history"><br></div><div class="battle-history">Ponyta used <strong>Flare Blitz</strong>!<br></div><div class="battle-history"><small>(The opposing Munchlax lost <abbr title="−4/33">12.1%</abbr> of its health!)</small><br></div><div class="battle-history"><small>Ponyta is damaged by the recoil!</small><br></div><div class="spacer battle-history"><br></div><div class="battle-history">The opposing Munchlax used <strong>Curse</strong>!<br></div><div class="battle-history"><small>The opposing Munchlax's Speed fell!</small><br></div><div class="battle-history"><small>The opposing Munchlax's Attack rose!</small><br></div><div class="battle-history"><small>The opposing Munchlax's Defense rose!</small><br></div><div class="spacer battle-history"><br></div><div class="battle-history"><small>The opposing Munchlax was hurt by poison!</small><br></div><div class="spacer battle-history"><br></div><h2 class="battle-history">Turn 9</h2><div class="chat chatmessage-vick1010"><strong style="color:hsl(326,50%,49%)"><small> </small><span class="username" data-name="vick1010">vick1010</span>:</strong> <em>gg easy</em></div><div class="spacer battle-history"><br></div><div class="battle-history">Ponyta used <strong>Morning Sun</strong>!<br></div><div class="battle-history"><small>Ponyta restored its HP.</small><br></div><div class="spacer battle-history"><br></div><div class="battle-history">The opposing Munchlax used <strong>Curse</strong>!<br></div><div class="battle-history"><small>The opposing Munchlax's Speed fell!</small><br></div><div class="battle-history"><small>The opposing Munchlax's Attack rose!</small><br></div><div class="battle-history"><small>The opposing Munchlax's Defense rose!</small><br></div><div class="spacer battle-history"><br></div><div class="battle-history"><small>The opposing Munchlax was hurt by poison!</small><br></div><div class="spacer battle-history"><br></div><h2 class="battle-history">Turn 10</h2><div class="chat chatmessage-crein"><strong style="color:hsl(161,63%,37%)"><small>★</small><span class="username" data-name="Crein">Crein</span>:</strong> <em>Lol possibly</em></div><div class="spacer battle-history"><br></div><div class="battle-history">Ponyta, come back!<br></div><div class="battle-history">Go! <strong>Spritzee</strong>!<br></div><div class="battle-history"><small>Pointed stones dug into Spritzee!</small><br></div><div class="spacer battle-history"><br></div><div class="battle-history">The opposing Munchlax used <strong>Rest</strong>!<br></div><div class="battle-history"><small>The opposing Munchlax fell asleep!</small><br></div><div class="battle-history"><small>The opposing Munchlax slept and became healthy!</small><br></div><div class="spacer battle-history"><br></div><h2 class="battle-history">Turn 11</h2><div class="chat chatmessage-crein"><strong style="color:hsl(161,63%,37%)"><small>★</small><span class="username" data-name="Crein">Crein</span>:</strong> <em>48 special defense already. Just damn Munchlax</em></div><div class="spacer battle-history"><br></div><div class="battle-history">Spritzee, come back!<br></div><div class="battle-history">Go! <strong>Ponyta</strong>!<br></div><div class="battle-history"><small>Pointed stones dug into Ponyta!</small><br></div><div class="spacer battle-history"><br></div><div class="battle-history">The opposing Munchlax is fast asleep.<br></div><div class="spacer battle-history"><br></div><h2 class="battle-history">Turn 12</h2><div class="chat chatmessage-vick1010"><strong style="color:hsl(326,50%,49%)"><small> </small><span class="username" data-name="vick1010">vick1010</span>:</strong> <em>jajajaja wow 48</em></div><div class="spacer battle-history"><br></div><div class="battle-history">Ponyta used <strong>Flare Blitz</strong>!<br></div><div class="battle-history"><small>(The opposing Munchlax lost <abbr title="−3/33">9.1%</abbr> of its health!)</small><br></div><div class="battle-history"><small>Ponyta is damaged by the recoil!</small><br></div><div class="spacer battle-history"><br></div><div class="battle-history">The opposing Munchlax is fast asleep.<br></div><div class="spacer battle-history"><br></div><h2 class="battle-history">Turn 13</h2><div class="chat chatmessage-crein"><strong style="color:hsl(161,63%,37%)"><small>★</small><span class="username" data-name="Crein">Crein</span>:</strong> <em>Defense is 45 lol</em></div><div class="spacer battle-history"><br></div><div class="battle-history">Ponyta used <strong>Flare Blitz</strong>!<br></div><div class="battle-history"><small>(The opposing Munchlax lost <abbr title="−3/33">9.1%</abbr> of its health!)</small><br></div><div class="battle-history"><small>Ponyta is damaged by the recoil!</small><br></div><div class="battle-history"><small>The opposing Munchlax woke up!</small><br></div><div class="spacer battle-history"><br></div><div class="battle-history">The opposing Munchlax used <strong>Return</strong>!<br></div><div class="battle-history"><small>(Ponyta lost <abbr title="−14/21">66.7%</abbr> of its health!)</small><br></div><div class="spacer battle-history"><br></div><div class="battle-history">Ponyta fainted!<br></div><div class="spacer battle-history"><br></div><div class="battle-history">Go! <strong>Foongus</strong>!<br></div><div class="battle-history"><small>Pointed stones dug into Foongus!</small><br></div><div class="spacer battle-history"><br></div><h2 class="battle-history">Turn 14</h2><div class="chat"><small>vick1010 left.</small></div><div class="spacer battle-history"><br></div><div class="battle-history">Foongus used <strong>Spore</strong>!<br></div><div class="battle-history"><small>The opposing Munchlax fell asleep!</small><br></div><div class="spacer battle-history"><br></div><div class="battle-history">The opposing Munchlax is fast asleep.<br></div><div class="spacer battle-history"><br></div><h2 class="battle-history">Turn 15</h2><div class="spacer battle-history"><br></div><div class="battle-history">Foongus used <strong>Sludge Bomb</strong>!<br></div><div class="battle-history"><small>(The opposing Munchlax lost <abbr title="−3/33">9.1%</abbr> of its health!)</small><br></div><div class="battle-history"><small>The opposing Munchlax woke up!</small><br></div><div class="spacer battle-history"><br></div><div class="battle-history">The opposing Munchlax used <strong>Return</strong>!<br></div><div class="battle-history"><small>(Foongus lost <abbr title="−22/25">88%</abbr> of its health!)</small><br></div><div class="spacer battle-history"><br></div><div class="battle-history">Foongus fainted!<br></div><div class="chat chatmessage-crein"><strong style="color:hsl(161,63%,37%)"><small>★</small><span class="username" data-name="Crein">Crein</span>:</strong> <em>Lol wow</em></div><div class="spacer battle-history"><br></div><div class="battle-history">Go! <strong>Staryu</strong>!<br></div><div class="battle-history"><small>Pointed stones dug into Staryu!</small><br></div><div class="spacer battle-history"><br></div><h2 class="battle-history">Turn 16</h2><div class="spacer battle-history"><br></div><div class="battle-history">Staryu used <strong>Scald</strong>!<br></div><div class="battle-history"><small>(The opposing Munchlax lost <abbr title="−3/33">9.1%</abbr> of its health!)</small><br></div><div class="spacer battle-history"><br></div><div class="battle-history">The opposing Munchlax used <strong>Return</strong>!<br></div><div class="battle-history"><small>(Staryu lost <abbr title="−19/21">90.5%</abbr> of its health!)</small><br></div><div class="spacer battle-history"><br></div><div class="battle-history">Staryu fainted!<br></div><div class="chat chatmessage-crein"><strong style="color:hsl(161,63%,37%)"><small>★</small><span class="username" data-name="Crein">Crein</span>:</strong> <em>Gg</em></div><div class="chat chatmessage-spikepio"><strong style="color:hsl(121,59%,36%)"><small>★</small><span class="username" data-name="spikepio">spikepio</span>:</strong> <em>gg</em></div><div class="spacer battle-history"><br></div><div class="battle-history">Go! <strong>Spritzee</strong>!<br></div><div class="battle-history"><small>Pointed stones dug into Spritzee!</small><br></div><div class="spacer battle-history"><br></div><h2 class="battle-history">Turn 17</h2><div class="spacer battle-history"><br></div><div class="battle-history">Spritzee used <strong>Moonblast</strong>!<br></div><div class="battle-history"><small>(The opposing Munchlax lost <abbr title="−4/33">12.1%</abbr> of its health!)</small><br></div><div class="spacer battle-history"><br></div><div class="battle-history">The opposing Munchlax used <strong>Return</strong>!<br></div><div class="battle-history"><small>(Spritzee lost <abbr title="−18/27">66.7%</abbr> of its health!)</small><br></div><div class="spacer battle-history"><br></div><h2 class="battle-history">Turn 18</h2><div class="spacer battle-history"><br></div><div class="battle-history">Spritzee used <strong>Moonblast</strong>!<br></div><div class="battle-history"><small>(The opposing Munchlax lost <abbr title="−4/33">12.1%</abbr> of its health!)</small><br></div><div class="battle-history"><small>The opposing Munchlax's Special Attack fell!</small><br></div><div class="spacer battle-history"><br></div><div class="battle-history">The opposing Munchlax used <strong>Return</strong>!<br></div><div class="battle-history"><small>(Spritzee lost <abbr title="−3/27">11.1%</abbr> of its health!)</small><br></div><div class="spacer battle-history"><br></div><div class="battle-history">Spritzee fainted!<br></div><div class="spacer battle-history"><br></div><div class="battle-history">Go! <strong>Chinchou</strong>!<br></div><div class="battle-history"><small>Pointed stones dug into Chinchou!</small><br></div><div class="spacer battle-history"><br></div><h2 class="battle-history">Turn 19</h2><div class="spacer battle-history"><br></div><div class="battle-history">Chinchou used <strong>Scald</strong>!<br></div><div class="battle-history"><small>(The opposing Munchlax lost <abbr title="−3/33">9.1%</abbr> of its health!)</small><br></div><div class="spacer battle-history"><br></div><div class="battle-history">The opposing Munchlax used <strong>Return</strong>!<br></div><div class="battle-history"><small>(Chinchou lost <abbr title="−22/25">88%</abbr> of its health!)</small><br></div><div class="spacer battle-history"><br></div><div class="battle-history">Chinchou fainted!<br></div><div class="spacer battle-history"><br></div><div class="battle-history"><strong>Crein</strong> won the battle!<br></div></div><div class="inner-preempt"></div></div></div>
</div>
<script>
let daily = Math.floor(Date.now()/1000/60/60/24);document.write('<script src="https://play.pokemonshowdown.com/js/replay-embed.js?version'+daily+'"></'+'script>');
</script>
