<!DOCTYPE html>
<meta charset="utf-8" />
<!-- version 1 -->
<title>LC replay: dannytf vs. Chesvy</title>
<style>
html,body {font-family:Verdana, sans-serif;font-size:10pt;margin:0;padding:0;}body{padding:12px 0;} .battle-log {font-family:Verdana, sans-serif;font-size:10pt;} .battle-log-inline {border:1px solid #AAAAAA;background:#EEF2F5;color:black;max-width:640px;margin:0 auto 80px;padding-bottom:5px;} .battle-log .inner {padding:4px 8px 0px 8px;} .battle-log .inner-preempt {padding:0 8px 4px 8px;} .battle-log .inner-after {margin-top:0.5em;} .battle-log h2 {margin:0.5em -8px;padding:4px 8px;border:1px solid #AAAAAA;background:#E0E7EA;border-left:0;border-right:0;font-family:Verdana, sans-serif;font-size:13pt;} .battle-log .chat {vertical-align:middle;padding:3px 0 3px 0;font-size:8pt;} .battle-log .chat strong {color:#40576A;} .battle-log .chat em {padding:1px 4px 1px 3px;color:#000000;font-style:normal;} .chat.mine {background:rgba(0,0,0,0.05);margin-left:-8px;margin-right:-8px;padding-left:8px;padding-right:8px;} .spoiler {color:#BBBBBB;background:#BBBBBB;padding:0px 3px;} .spoiler:hover, .spoiler:active, .spoiler-shown {color:#000000;background:#E2E2E2;padding:0px 3px;} .spoiler a {color:#BBBBBB;} .spoiler:hover a, .spoiler:active a, .spoiler-shown a {color:#2288CC;} .chat code, .chat .spoiler:hover code, .chat .spoiler:active code, .chat .spoiler-shown code {border:1px solid #C0C0C0;background:#EEEEEE;color:black;padding:0 2px;} .chat .spoiler code {border:1px solid #CCCCCC;background:#CCCCCC;color:#CCCCCC;} .battle-log .rated {padding:3px 4px;} .battle-log .rated strong {color:white;background:#89A;padding:1px 4px;border-radius:4px;} .spacer {margin-top:0.5em;} .message-announce {background:#6688AA;color:white;padding:1px 4px 2px;} .message-announce a, .broadcast-green a, .broadcast-blue a, .broadcast-red a {color:#DDEEFF;} .broadcast-green {background-color:#559955;color:white;padding:2px 4px;} .broadcast-blue {background-color:#6688AA;color:white;padding:2px 4px;} .infobox {border:1px solid #6688AA;padding:2px 4px;} .infobox-limited {max-height:200px;overflow:auto;overflow-x:hidden;} .broadcast-red {background-color:#AA5544;color:white;padding:2px 4px;} .message-learn-canlearn {font-weight:bold;color:#228822;text-decoration:underline;} .message-learn-cannotlearn {font-weight:bold;color:#CC2222;text-decoration:underline;} .message-effect-weak {font-weight:bold;color:#CC2222;} .message-effect-resist {font-weight:bold;color:#6688AA;} .message-effect-immune {font-weight:bold;color:#666666;} .message-learn-list {margin-top:0;margin-bottom:0;} .message-throttle-notice, .message-error {color:#992222;} .message-overflow, .chat small.message-overflow {font-size:0pt;} .message-overflow::before {font-size:9pt;content:'...';} .subtle {color:#3A4A66;}
</style>
<div class="wrapper replay-wrapper" style="max-width:1180px;margin:0 auto">
<input type="hidden" name="replayid" value="lc-483855527" />
<div class="battle"></div><div class="battle-log"></div><div class="replay-controls"></div><div class="replay-controls-2"></div>
<h1 style="font-weight:normal;text-align:center"><strong>LC</strong><br /><a href="http://pokemonshowdown.com/users/dannytf" class="subtle" target="_blank">dannytf</a> vs. <a href="http://pokemonshowdown.com/users/chesvy" class="subtle" target="_blank">Chesvy</a></h1>
<script type="text/plain" class="battle-log-data">|j|dannytf
|j|Chesvy
|player|p1|dannytf|147
|player|p2|Chesvy|274
|gametype|singles
|gen|6
|tier|LC
|seed|41886,54335,61361,21429
|clearpoke
|poke|p1|Pawniard, L5, F|item
|poke|p1|Budew, L5, M|item
|poke|p1|Goldeen, L5, M|item
|poke|p1|Gothita, L5, M|item
|poke|p1|Corphish, L5, F|item
|poke|p1|Yamask, L5, F|item
|poke|p2|Machop, L5, F, shiny|item
|poke|p2|Darumaka, L5, F|item
|poke|p2|Pancham, L5, F|item
|poke|p2|Anorith, L5, M|item
|poke|p2|Bagon, L5, F|item
|poke|p2|Binacle, L5, F|item
|rule|Sleep Clause Mod: Limit one foe put to sleep
|rule|Species Clause: Limit one of each Pokémon
|rule|OHKO Clause: OHKO moves are banned
|rule|Moody Clause: Moody is banned
|rule|Evasion Moves Clause: Evasion moves are banned
|rule|Endless Battle Clause: Forcing endless battles is banned
|rule|HP Percentage Mod: HP is shown in percentages
|teampreview
|choice|team 3, team 2, team 1, team 4, team 5, team 6|team 6, team 2, team 3, team 4, team 5, team 1
|
|start
|switch|p1a: Goldeen|Goldeen, L5, M|21\/21
|switch|p2a: Wait what?|Binacle, L5, F|20\/20
|turn|1
|choice|switch 2|switch 2
|
|switch|p1a: Budew|Budew, L5, M|21\/21
|switch|p2a: Hakuna MaYOLO|Darumaka, L5, F|23\/23
|
|turn|2
|choice|switch 5|move uturn
|
|switch|p1a: Corphish|Corphish, L5, F|20\/20
|move|p2a: Hakuna MaYOLO|U-turn|p1a: Corphish
|-damage|p1a: Corphish|12\/20
|choice||switch 6
|
|switch|p2a: Captain|Machop, L5, F, shiny|23\/23
|
|turn|3
|choice|switch 6|move knockoff
|
|switch|p1a: Yamask|Yamask, L5, F|21\/21
|move|p2a: Captain|Knock Off|p1a: Yamask
|-supereffective|p1a: Yamask
|-damage|p1a: Yamask|11\/21
|-activate|p1a: Yamask|ability: Mummy|No Guard|[of] p2a: Captain
|-enditem|p1a: Yamask|Eviolite|[from] move: Knock Off|[of] p2a: Captain
|
|turn|4
|choice|move knockoff|move knockoff
|
|move|p2a: Captain|Knock Off|p1a: Yamask
|-supereffective|p1a: Yamask
|-damage|p1a: Yamask|1\/21
|move|p1a: Yamask|Knock Off|p2a: Captain
|-resisted|p2a: Captain
|-damage|p2a: Captain|20\/23
|-enditem|p2a: Captain|Choice Scarf|[from] move: Knock Off|[of] p1a: Yamask
|
|turn|5
|choice|move toxicspikes|move knockoff
|
|move|p2a: Captain|Knock Off|p1a: Yamask
|-supereffective|p1a: Yamask
|-damage|p1a: Yamask|0 fnt
|faint|p1a: Yamask
|
|choice|switch 4|
|
|switch|p1a: Gothita|Gothita, L5, M|21\/21
|turn|6
|choice|move psychic|move knockoff
|
|move|p1a: Gothita|Psychic|p2a: Captain
|-supereffective|p2a: Captain
|-damage|p2a: Captain|0 fnt
|faint|p2a: Captain
|
|choice||switch 3
|
|switch|p2a: Pancham|Pancham, L5, F|23\/23
|-ability|p2a: Pancham|Mold Breaker
|turn|7
|choice|switch 5|move knockoff
|
|switch|p1a: Budew|Budew, L5, M|21\/21
|move|p2a: Pancham|Knock Off|p1a: Budew
|-damage|p1a: Budew|14\/21
|-enditem|p1a: Budew|Eviolite|[from] move: Knock Off|[of] p2a: Pancham
|
|turn|8
|choice|move raindance|switch 5
|
|switch|p2a: Ba wha?|Bagon, L5, F|21\/21
|move|p1a: Budew|Rain Dance|p1a: Budew
|-weather|RainDance
|
|-weather|RainDance|[upkeep]
|turn|9
|choice|move spikes|move dragondance
|
|move|p2a: Ba wha?|Dragon Dance|p2a: Ba wha?
|-boost|p2a: Ba wha?|atk|1
|-boost|p2a: Ba wha?|spe|1
|move|p1a: Budew|Spikes|p2a: Ba wha?
|-sidestart|p2: Chesvy|Spikes
|
|-weather|RainDance|[upkeep]
|turn|10
|choice|move extrasensory|move dragondance
|
|move|p2a: Ba wha?|Dragon Dance|p2a: Ba wha?
|-boost|p2a: Ba wha?|atk|1
|-boost|p2a: Ba wha?|spe|1
|move|p1a: Budew|Extrasensory|p2a: Ba wha?
|-damage|p2a: Ba wha?|15\/21
|
|-weather|RainDance|[upkeep]
|turn|11
|choice|move extrasensory|move dragondance
|
|move|p2a: Ba wha?|Dragon Dance|p2a: Ba wha?
|-boost|p2a: Ba wha?|atk|1
|-boost|p2a: Ba wha?|spe|1
|move|p1a: Budew|Extrasensory|p2a: Ba wha?
|-crit|p2a: Ba wha?
|-damage|p2a: Ba wha?|7\/21
|
|-weather|RainDance|[upkeep]
|turn|12
|c|★Chesvy|that crit hurts me feelings
|choice|move synthesis|move outrage
|
|move|p2a: Ba wha?|Outrage|p1a: Budew
|-damage|p1a: Budew|0 fnt
|faint|p1a: Budew
|
|-weather|none
|choice|switch 3|
|
|switch|p1a: Pawniard|Pawniard, L5, F|21\/21
|turn|13
|choice|move suckerpunch|move outrage
|
|move|p1a: Pawniard|Sucker Punch|p2a: Ba wha?
|-crit|p2a: Ba wha?
|-damage|p2a: Ba wha?|0 fnt
|faint|p2a: Ba wha?
|
|c|★Chesvy|wow
|c|★Chesvy|just wow
|choice||switch 6
|
|switch|p2a: Hakuna MaYOLO|Darumaka, L5, F|23\/23
|-damage|p2a: Hakuna MaYOLO|21\/23|[from] Spikes
|turn|14
|choice|switch 2|move hammerarm
|
|switch|p1a: Goldeen|Goldeen, L5, M|21\/21
|move|p2a: Hakuna MaYOLO|Hammer Arm|p1a: Goldeen
|-damage|p1a: Goldeen|5\/21
|-unboost|p2a: Hakuna MaYOLO|spe|1
|
|turn|15
|choice|move waterfall|switch 5
|
|switch|p2a: Pancham|Pancham, L5, F|23\/23
|-damage|p2a: Pancham|21\/23|[from] Spikes
|-ability|p2a: Pancham|Mold Breaker
|move|p1a: Goldeen|Waterfall|p2a: Pancham
|-damage|p2a: Pancham|8\/23
|
|turn|16
|choice|move waterfall|move drainpunch
|
|move|p1a: Goldeen|Waterfall|p2a: Pancham
|-damage|p2a: Pancham|0 fnt
|faint|p2a: Pancham
|
|choice||switch 2
|
|switch|p2a: Wait what?|Binacle, L5, F|20\/20
|-damage|p2a: Wait what?|18\/20|[from] Spikes
|turn|17
|choice|switch 5|move nightslash
|
|switch|p1a: Gothita|Gothita, L5, M|21\/21
|move|p2a: Wait what?|Night Slash|p1a: Gothita
|-supereffective|p1a: Gothita
|-damage|p1a: Gothita|3\/21
|
|turn|18
|c|★Chesvy|ive been predicting you all game its a shame i lost to crits
|choice|move energyball|move nightslash
|
|move|p1a: Gothita|Energy Ball|p2a: Wait what?
|-supereffective|p2a: Wait what?
|-damage|p2a: Wait what?|0 fnt
|faint|p2a: Wait what?
|
|choice||switch 5
|
|switch|p2a: Hakuna MaYOLO|Darumaka, L5, F|21\/23
|-damage|p2a: Hakuna MaYOLO|19\/23|[from] Spikes
|turn|19
|j|Illinoisduckletts
|c|★Chesvy|howdy sam
|c| Illinoisduckletts|hola
|c|★Chesvy|Crit loss
|c| Illinoisduckletts|that's nice
|c|★Chesvy|he got 2 crits ina  row on my x2.5 bagon
|c| Illinoisduckletts|rip the dream clutch it out
|choice|move energyball|move uturn
|
|move|p2a: Hakuna MaYOLO|U-turn|p1a: Gothita
|-supereffective|p1a: Gothita
|-damage|p1a: Gothita|0 fnt
|faint|p1a: Gothita
|c|★Chesvy|nah
|c|★Chesvy|scarf goldeen just wins
|choice||switch 4
|
|switch|p2a: Probably gonna be|Anorith, L5, M|21\/21
|-damage|p2a: Probably gonna be|19\/21|[from] Spikes
|
|c| Illinoisduckletts|Ima getting tape rn
|c|★Chesvy|tape?
|c| Illinoisduckletts|ima battle danny in finals
|c|★dannytf|156 Atk Pawniard Sucker Punch vs. 0 HP \/ 76 Def Bagon: 10-13 (47.6 - 61.9%) -- 93.8% chance to 2HKO
|c|★dannytf|Crits didnt matter
|c|★Chesvy|without the first crit on budew
|c|★Chesvy|i wouldve been on 49
|c|★Chesvy|i think
|choice|switch 2|
|
|switch|p1a: Pawniard|Pawniard, L5, F|21\/21
|turn|20
|c| Illinoisduckletts|I believe in the 6.2% of living
|choice|move ironhead|move xscissor
|
|move|p1a: Pawniard|Iron Head|p2a: Probably gonna be
|-supereffective|p2a: Probably gonna be
|-damage|p2a: Probably gonna be|0 fnt
|faint|p2a: Probably gonna be
|
|c|★Chesvy|gg tho
|c|★Chesvy|sorry im salty
|choice||switch 4
|
|switch|p2a: Hakuna MaYOLO|Darumaka, L5, F|19\/23
|-damage|p2a: Hakuna MaYOLO|17\/23|[from] Spikes
|turn|21
|choice|move suckerpunch|move flareblitz
|
|move|p1a: Pawniard|Sucker Punch|p2a: Hakuna MaYOLO
|-damage|p2a: Hakuna MaYOLO|2\/23
|move|p2a: Hakuna MaYOLO|Flare Blitz|p1a: Pawniard
|-supereffective|p1a: Pawniard
|-damage|p1a: Pawniard|0 fnt
|-damage|p2a: Hakuna MaYOLO|0 fnt|[from] recoil|[of] p1a: Pawniard
|faint|p1a: Pawniard
|faint|p2a: Hakuna MaYOLO
|
|win|dannytf
|player|p1
|player|p2
|l|Chesvy
|l|dannytf</script>
</div>
<div class="battle-log battle-log-inline"><div class="inner"><div class="battle-options"></div><div class="inner"><div class="chat"><small>dannytf joined.</small></div><div class="chat"><small>Chesvy joined.</small></div><div class=""><small>Format:</small> <br><strong>LC</strong></div><div class=""><small><em>Sleep Clause Mod:</em> Limit one foe put to sleep</small></div><div class=""><small><em>Species Clause:</em> Limit one of each Pokémon</small></div><div class=""><small><em>OHKO Clause:</em> OHKO moves are banned</small></div><div class=""><small><em>Moody Clause:</em> Moody is banned</small></div><div class=""><small><em>Evasion Moves Clause:</em> Evasion moves are banned</small></div><div class=""><small><em>Endless Battle Clause:</em> Forcing endless battles is banned</small></div><div class=""><small><em>HP Percentage Mod:</em> HP is shown in percentages</small></div><div class="chat battle-history"><strong>dannytf's team:</strong> <em style="color:#445566;display:block;">Pawniard / Budew / Goldeen / Gothita / Corphish / Yamask</em></div><div class="chat battle-history"><strong>Chesvy's team:</strong> <em style="color:#445566;display:block;">Machop / Darumaka / Pancham / Anorith / Bagon / Binacle</em></div><div class="spacer battle-history"><br></div><div class="battle-history">Battle started between dannytf and Chesvy!<br></div><div class="spacer battle-history"><br></div><div class="battle-history">Go! <strong>Goldeen</strong>!<br></div><div class="spacer battle-history"><br></div><div class="battle-history">Chesvy sent out Wait what? (<strong>Binacle</strong>)!<br></div><div class="spacer battle-history"><br></div><h2 class="battle-history">Turn 1</h2><div class="spacer battle-history"><br></div><div class="battle-history">Goldeen, come back!<br></div><div class="battle-history">Go! <strong>Budew</strong>!<br></div><div class="spacer battle-history"><br></div><div class="battle-history">Chesvy withdrew Wait what?!<br></div><div class="battle-history">Chesvy sent out Hakuna MaYOLO (<strong>Darumaka</strong>)!<br></div><div class="spacer battle-history"><br></div><h2 class="battle-history">Turn 2</h2><div class="spacer battle-history"><br></div><div class="battle-history">Budew, come back!<br></div><div class="battle-history">Go! <strong>Corphish</strong>!<br></div><div class="spacer battle-history"><br></div><div class="battle-history">The opposing Hakuna MaYOLO used <strong>U-turn</strong>!<br></div><div class="battle-history"><small>(Corphish lost <abbr title="−8/20">40%</abbr> of its health!)</small><br></div><div class="spacer battle-history"><br></div><div class="battle-history">The opposing Hakuna MaYOLO went back to Chesvy!<br></div><div class="battle-history">Chesvy sent out Captain (<strong>Machop</strong>)!<br></div><div class="spacer battle-history"><br></div><h2 class="battle-history">Turn 3</h2><div class="spacer battle-history"><br></div><div class="battle-history">Corphish, come back!<br></div><div class="battle-history">Go! <strong>Yamask</strong>!<br></div><div class="spacer battle-history"><br></div><div class="battle-history">The opposing Captain used <strong>Knock Off</strong>!<br></div><div class="battle-history"><small>It's super effective!</small><br></div><div class="battle-history"><small>(Yamask lost <abbr title="−10/21">47.6%</abbr> of its health!)</small><br></div><div class="battle-history"><small>[Yamask's Mummy]</small><br><small>[The opposing Captain's No Guard]</small><br><small>[The opposing Captain's Mummy]</small><br><small>The opposing Captain's Ability became Mummy!</small><br></div><div class="battle-history"><small>The opposing Captain knocked off Yamask's Eviolite!</small><br></div><div class="spacer battle-history"><br></div><h2 class="battle-history">Turn 4</h2><div class="spacer battle-history"><br></div><div class="battle-history">The opposing Captain used <strong>Knock Off</strong>!<br></div><div class="battle-history"><small>It's super effective!</small><br></div><div class="battle-history"><small>(Yamask lost <abbr title="−10/21">47.6%</abbr> of its health!)</small><br></div><div class="spacer battle-history"><br></div><div class="battle-history">Yamask used <strong>Knock Off</strong>!<br></div><div class="battle-history"><small>It's not very effective...</small><br></div><div class="battle-history"><small>(The opposing Captain lost <abbr title="−3/23">13.0%</abbr> of its health!)</small><br></div><div class="battle-history"><small>Yamask knocked off the opposing Captain's Choice Scarf!</small><br></div><div class="spacer battle-history"><br></div><h2 class="battle-history">Turn 5</h2><div class="spacer battle-history"><br></div><div class="battle-history">The opposing Captain used <strong>Knock Off</strong>!<br></div><div class="battle-history"><small>It's super effective!</small><br></div><div class="battle-history"><small>(Yamask lost <abbr title="−1/21">4.8%</abbr> of its health!)</small><br></div><div class="spacer battle-history"><br></div><div class="battle-history">Yamask fainted!<br></div><div class="spacer battle-history"><br></div><div class="battle-history">Go! <strong>Gothita</strong>!<br></div><div class="spacer battle-history"><br></div><h2 class="battle-history">Turn 6</h2><div class="spacer battle-history"><br></div><div class="battle-history">Gothita used <strong>Psychic</strong>!<br></div><div class="battle-history"><small>It's super effective!</small><br></div><div class="battle-history"><small>(The opposing Captain lost <abbr title="−20/23">87.0%</abbr> of its health!)</small><br></div><div class="spacer battle-history"><br></div><div class="battle-history">The opposing Captain fainted!<br></div><div class="spacer battle-history"><br></div><div class="battle-history">Chesvy sent out <strong>Pancham</strong>!<br></div><div class="battle-history"><small>[The opposing Pancham's Mold Breaker]</small><br><small>The opposing Pancham breaks the mold!</small><br></div><div class="spacer battle-history"><br></div><h2 class="battle-history">Turn 7</h2><div class="spacer battle-history"><br></div><div class="battle-history">Gothita, come back!<br></div><div class="battle-history">Go! <strong>Budew</strong>!<br></div><div class="spacer battle-history"><br></div><div class="battle-history">The opposing Pancham used <strong>Knock Off</strong>!<br></div><div class="battle-history"><small>(Budew lost <abbr title="−7/21">33.3%</abbr> of its health!)</small><br></div><div class="battle-history"><small>The opposing Pancham knocked off Budew's Eviolite!</small><br></div><div class="spacer battle-history"><br></div><h2 class="battle-history">Turn 8</h2><div class="spacer battle-history"><br></div><div class="battle-history">Chesvy withdrew Pancham!<br></div><div class="battle-history">Chesvy sent out Ba wha? (<strong>Bagon</strong>)!<br></div><div class="spacer battle-history"><br></div><div class="battle-history">Budew used <strong>Rain Dance</strong>!<br></div><div class="battle-history"><small>It started to rain!</small><br></div><div class="spacer battle-history"><br></div><div class="battle-history"><small>(Rain continues to fall!)</small><br></div><div class="spacer battle-history"><br></div><h2 class="battle-history">Turn 9</h2><div class="spacer battle-history"><br></div><div class="battle-history">The opposing Ba wha? used <strong>Dragon Dance</strong>!<br></div><div class="battle-history"><small>The opposing Ba wha?'s Attack rose!</small><br></div><div class="battle-history"><small>The opposing Ba wha?'s Speed rose!</small><br></div><div class="spacer battle-history"><br></div><div class="battle-history">Budew used <strong>Spikes</strong>!<br></div><div class="battle-history"><small>Spikes were scattered on the ground all around the opposing team!</small><br></div><div class="spacer battle-history"><br></div><div class="battle-history"><small>(Rain continues to fall!)</small><br></div><div class="spacer battle-history"><br></div><h2 class="battle-history">Turn 10</h2><div class="spacer battle-history"><br></div><div class="battle-history">The opposing Ba wha? used <strong>Dragon Dance</strong>!<br></div><div class="battle-history"><small>The opposing Ba wha?'s Attack rose!</small><br></div><div class="battle-history"><small>The opposing Ba wha?'s Speed rose!</small><br></div><div class="spacer battle-history"><br></div><div class="battle-history">Budew used <strong>Extrasensory</strong>!<br></div><div class="battle-history"><small>(The opposing Ba wha? lost <abbr title="−6/21">28.6%</abbr> of its health!)</small><br></div><div class="spacer battle-history"><br></div><div class="battle-history"><small>(Rain continues to fall!)</small><br></div><div class="spacer battle-history"><br></div><h2 class="battle-history">Turn 11</h2><div class="spacer battle-history"><br></div><div class="battle-history">The opposing Ba wha? used <strong>Dragon Dance</strong>!<br></div><div class="battle-history"><small>The opposing Ba wha?'s Attack rose!</small><br></div><div class="battle-history"><small>The opposing Ba wha?'s Speed rose!</small><br></div><div class="spacer battle-history"><br></div><div class="battle-history">Budew used <strong>Extrasensory</strong>!<br></div><div class="battle-history"><small>A critical hit!</small><br></div><div class="battle-history"><small>(The opposing Ba wha? lost <abbr title="−8/21">38.1%</abbr> of its health!)</small><br></div><div class="spacer battle-history"><br></div><div class="battle-history"><small>(Rain continues to fall!)</small><br></div><div class="spacer battle-history"><br></div><h2 class="battle-history">Turn 12</h2><div class="chat chatmessage-chesvy"><strong style="color:hsl(188,54%,46.333333333333336%)"><small>★</small><span class="username" data-name="Chesvy">Chesvy</span>:</strong> <em>that crit hurts me feelings</em></div><div class="spacer battle-history"><br></div><div class="battle-history">The opposing Ba wha? used <strong>Outrage</strong>!<br></div><div class="battle-history"><small>(Budew lost <abbr title="−14/21">66.7%</abbr> of its health!)</small><br></div><div class="spacer battle-history"><br></div><div class="battle-history">Budew fainted!<br></div><div class="spacer battle-history"><br></div><div class="battle-history"><small>The rain stopped.</small><br></div><div class="spacer battle-history"><br></div><div class="battle-history">Go! <strong>Pawniard</strong>!<br></div><div class="spacer battle-history"><br></div><h2 class="battle-history">Turn 13</h2><div class="spacer battle-history"><br></div><div class="battle-history">Pawniard used <strong>Sucker Punch</strong>!<br></div><div class="battle-history"><small>A critical hit!</small><br></div><div class="battle-history"><small>(The opposing Ba wha? lost <abbr title="−7/21">33.3%</abbr> of its health!)</small><br></div><div class="spacer battle-history"><br></div><div class="battle-history">The opposing Ba wha? fainted!<br></div><div class="chat chatmessage-chesvy"><strong style="color:hsl(188,54%,46.333333333333336%)"><small>★</small><span class="username" data-name="Chesvy">Chesvy</span>:</strong> <em>wow</em></div><div class="chat chatmessage-chesvy"><strong style="color:hsl(188,54%,46.333333333333336%)"><small>★</small><span class="username" data-name="Chesvy">Chesvy</span>:</strong> <em>just wow</em></div><div class="spacer battle-history"><br></div><div class="battle-history">Chesvy sent out Hakuna MaYOLO (<strong>Darumaka</strong>)!<br></div><div class="battle-history"><small>The opposing Hakuna MaYOLO is hurt by the spikes!</small><br></div><div class="spacer battle-history"><br></div><h2 class="battle-history">Turn 14</h2><div class="spacer battle-history"><br></div><div class="battle-history">Pawniard, come back!<br></div><div class="battle-history">Go! <strong>Goldeen</strong>!<br></div><div class="spacer battle-history"><br></div><div class="battle-history">The opposing Hakuna MaYOLO used <strong>Hammer Arm</strong>!<br></div><div class="battle-history"><small>(Goldeen lost <abbr title="−16/21">76.2%</abbr> of its health!)</small><br></div><div class="battle-history"><small>The opposing Hakuna MaYOLO's Speed fell!</small><br></div><div class="spacer battle-history"><br></div><h2 class="battle-history">Turn 15</h2><div class="spacer battle-history"><br></div><div class="battle-history">Chesvy withdrew Hakuna MaYOLO!<br></div><div class="battle-history">Chesvy sent out <strong>Pancham</strong>!<br></div><div class="battle-history"><small>The opposing Pancham is hurt by the spikes!</small><br></div><div class="battle-history"><small>[The opposing Pancham's Mold Breaker]</small><br><small>The opposing Pancham breaks the mold!</small><br></div><div class="spacer battle-history"><br></div><div class="battle-history">Goldeen used <strong>Waterfall</strong>!<br></div><div class="battle-history"><small>(The opposing Pancham lost <abbr title="−13/23">56.5%</abbr> of its health!)</small><br></div><div class="spacer battle-history"><br></div><h2 class="battle-history">Turn 16</h2><div class="spacer battle-history"><br></div><div class="battle-history">Goldeen used <strong>Waterfall</strong>!<br></div><div class="battle-history"><small>(The opposing Pancham lost <abbr title="−8/23">34.8%</abbr> of its health!)</small><br></div><div class="spacer battle-history"><br></div><div class="battle-history">The opposing Pancham fainted!<br></div><div class="spacer battle-history"><br></div><div class="battle-history">Chesvy sent out Wait what? (<strong>Binacle</strong>)!<br></div><div class="battle-history"><small>The opposing Wait what? is hurt by the spikes!</small><br></div><div class="spacer battle-history"><br></div><h2 class="battle-history">Turn 17</h2><div class="spacer battle-history"><br></div><div class="battle-history">Goldeen, come back!<br></div><div class="battle-history">Go! <strong>Gothita</strong>!<br></div><div class="spacer battle-history"><br></div><div class="battle-history">The opposing Wait what? used <strong>Night Slash</strong>!<br></div><div class="battle-history"><small>It's super effective!</small><br></div><div class="battle-history"><small>(Gothita lost <abbr title="−18/21">85.7%</abbr> of its health!)</small><br></div><div class="spacer battle-history"><br></div><h2 class="battle-history">Turn 18</h2><div class="chat chatmessage-chesvy"><strong style="color:hsl(188,54%,46.333333333333336%)"><small>★</small><span class="username" data-name="Chesvy">Chesvy</span>:</strong> <em>ive been predicting you all game its a shame i lost to crits</em></div><div class="spacer battle-history"><br></div><div class="battle-history">Gothita used <strong>Energy Ball</strong>!<br></div><div class="battle-history"><small>It's super effective!</small><br></div><div class="battle-history"><small>(The opposing Wait what? lost <abbr title="−18/20">90%</abbr> of its health!)</small><br></div><div class="spacer battle-history"><br></div><div class="battle-history">The opposing Wait what? fainted!<br></div><div class="spacer battle-history"><br></div><div class="battle-history">Chesvy sent out Hakuna MaYOLO (<strong>Darumaka</strong>)!<br></div><div class="battle-history"><small>The opposing Hakuna MaYOLO is hurt by the spikes!</small><br></div><div class="spacer battle-history"><br></div><h2 class="battle-history">Turn 19</h2><div class="chat"><small>Illinoisduckletts joined.</small></div><div class="chat chatmessage-chesvy"><strong style="color:hsl(188,54%,46.333333333333336%)"><small>★</small><span class="username" data-name="Chesvy">Chesvy</span>:</strong> <em>howdy sam</em></div><div class="chat chatmessage-illinoisduckletts"><strong style="color:hsl(172,52%,35.333333333333336%)"><small> </small><span class="username" data-name="Illinoisduckletts">Illinoisduckletts</span>:</strong> <em>hola</em></div><div class="chat chatmessage-chesvy"><strong style="color:hsl(188,54%,46.333333333333336%)"><small>★</small><span class="username" data-name="Chesvy">Chesvy</span>:</strong> <em>Crit loss</em></div><div class="chat chatmessage-illinoisduckletts"><strong style="color:hsl(172,52%,35.333333333333336%)"><small> </small><span class="username" data-name="Illinoisduckletts">Illinoisduckletts</span>:</strong> <em>that's nice</em></div><div class="chat chatmessage-chesvy"><strong style="color:hsl(188,54%,46.333333333333336%)"><small>★</small><span class="username" data-name="Chesvy">Chesvy</span>:</strong> <em>he got 2 crits ina  row on my x2.5 bagon</em></div><div class="chat chatmessage-illinoisduckletts"><strong style="color:hsl(172,52%,35.333333333333336%)"><small> </small><span class="username" data-name="Illinoisduckletts">Illinoisduckletts</span>:</strong> <em>rip the dream clutch it out</em></div><div class="spacer battle-history"><br></div><div class="battle-history">The opposing Hakuna MaYOLO used <strong>U-turn</strong>!<br></div><div class="battle-history"><small>It's super effective!</small><br></div><div class="battle-history"><small>(Gothita lost <abbr title="−3/21">14.3%</abbr> of its health!)</small><br></div><div class="spacer battle-history"><br></div><div class="battle-history">Gothita fainted!<br></div><div class="chat chatmessage-chesvy"><strong style="color:hsl(188,54%,46.333333333333336%)"><small>★</small><span class="username" data-name="Chesvy">Chesvy</span>:</strong> <em>nah</em></div><div class="chat chatmessage-chesvy"><strong style="color:hsl(188,54%,46.333333333333336%)"><small>★</small><span class="username" data-name="Chesvy">Chesvy</span>:</strong> <em>scarf goldeen just wins</em></div><div class="spacer battle-history"><br></div><div class="battle-history">The opposing Hakuna MaYOLO went back to Chesvy!<br></div><div class="battle-history">Chesvy sent out Probably gonna be (<strong>Anorith</strong>)!<br></div><div class="battle-history"><small>The opposing Probably gonna be is hurt by the spikes!</small><br></div><div class="chat chatmessage-illinoisduckletts"><strong style="color:hsl(172,52%,35.333333333333336%)"><small> </small><span class="username" data-name="Illinoisduckletts">Illinoisduckletts</span>:</strong> <em>Ima getting tape rn</em></div><div class="chat chatmessage-chesvy"><strong style="color:hsl(188,54%,46.333333333333336%)"><small>★</small><span class="username" data-name="Chesvy">Chesvy</span>:</strong> <em>tape?</em></div><div class="chat chatmessage-illinoisduckletts"><strong style="color:hsl(172,52%,35.333333333333336%)"><small> </small><span class="username" data-name="Illinoisduckletts">Illinoisduckletts</span>:</strong> <em>ima battle danny in finals</em></div><div class="chat chatmessage-dannytf"><strong style="color:hsl(1,49%,51.726563338090216%)"><small>★</small><span class="username" data-name="dannytf">dannytf</span>:</strong> <em>156 Atk Pawniard Sucker Punch vs. 0 HP / 76 Def Bagon: 10-13 (47.6 - 61.9%) -- 93.8% chance to 2HKO</em></div><div class="chat chatmessage-dannytf"><strong style="color:hsl(1,49%,51.726563338090216%)"><small>★</small><span class="username" data-name="dannytf">dannytf</span>:</strong> <em>Crits didnt matter</em></div><div class="chat chatmessage-chesvy"><strong style="color:hsl(188,54%,46.333333333333336%)"><small>★</small><span class="username" data-name="Chesvy">Chesvy</span>:</strong> <em>without the first crit on budew</em></div><div class="chat chatmessage-chesvy"><strong style="color:hsl(188,54%,46.333333333333336%)"><small>★</small><span class="username" data-name="Chesvy">Chesvy</span>:</strong> <em>i wouldve been on 49</em></div><div class="chat chatmessage-chesvy"><strong style="color:hsl(188,54%,46.333333333333336%)"><small>★</small><span class="username" data-name="Chesvy">Chesvy</span>:</strong> <em>i think</em></div><div class="spacer battle-history"><br></div><div class="battle-history">Go! <strong>Pawniard</strong>!<br></div><div class="spacer battle-history"><br></div><h2 class="battle-history">Turn 20</h2><div class="chat chatmessage-illinoisduckletts"><strong style="color:hsl(172,52%,35.333333333333336%)"><small> </small><span class="username" data-name="Illinoisduckletts">Illinoisduckletts</span>:</strong> <em>I believe in the 6.2% of living</em></div><div class="spacer battle-history"><br></div><div class="battle-history">Pawniard used <strong>Iron Head</strong>!<br></div><div class="battle-history"><small>It's super effective!</small><br></div><div class="battle-history"><small>(The opposing Probably gonna be lost <abbr title="−19/21">90.5%</abbr> of its health!)</small><br></div><div class="spacer battle-history"><br></div><div class="battle-history">The opposing Probably gonna be fainted!<br></div><div class="chat chatmessage-chesvy"><strong style="color:hsl(188,54%,46.333333333333336%)"><small>★</small><span class="username" data-name="Chesvy">Chesvy</span>:</strong> <em>gg tho</em></div><div class="chat chatmessage-chesvy"><strong style="color:hsl(188,54%,46.333333333333336%)"><small>★</small><span class="username" data-name="Chesvy">Chesvy</span>:</strong> <em>sorry im salty</em></div><div class="spacer battle-history"><br></div><div class="battle-history">Chesvy sent out Hakuna MaYOLO (<strong>Darumaka</strong>)!<br></div><div class="battle-history"><small>The opposing Hakuna MaYOLO is hurt by the spikes!</small><br></div><div class="spacer battle-history"><br></div><h2 class="battle-history">Turn 21</h2><div class="spacer battle-history"><br></div><div class="battle-history">Pawniard used <strong>Sucker Punch</strong>!<br></div><div class="battle-history"><small>(The opposing Hakuna MaYOLO lost <abbr title="−15/23">65.2%</abbr> of its health!)</small><br></div><div class="spacer battle-history"><br></div><div class="battle-history">The opposing Hakuna MaYOLO used <strong>Flare Blitz</strong>!<br></div><div class="battle-history"><small>It's super effective!</small><br></div><div class="battle-history"><small>(Pawniard lost <abbr title="−21/21">100%</abbr> of its health!)</small><br></div><div class="battle-history"><small>The opposing Hakuna MaYOLO is damaged by the recoil!</small><br></div><div class="spacer battle-history"><br></div><div class="battle-history">Pawniard fainted!<br></div><div class="battle-history">The opposing Hakuna MaYOLO fainted!<br></div><div class="spacer battle-history"><br></div><div class="battle-history"><strong>dannytf</strong> won the battle!<br></div><div class="chat"><small>Chesvy left.</small></div><div class="chat"><small>dannytf left.</small></div></div><div class="inner-preempt"></div></div></div>
</div>
<script>
let daily = Math.floor(Date.now()/1000/60/60/24);document.write('<script src="https://play.pokemonshowdown.com/js/replay-embed.js?version'+daily+'"></'+'script>');
</script>
