<!DOCTYPE html>
<meta charset="utf-8" />
<!-- version 1 -->
<title>LC replay: Dado123 vs. 355rghrt</title>
<style>
html,body {font-family:Verdana, sans-serif;font-size:10pt;margin:0;padding:0;}body{padding:12px 0;} .battle-log {font-family:Verdana, sans-serif;font-size:10pt;} .battle-log-inline {border:1px solid #AAAAAA;background:#EEF2F5;color:black;max-width:640px;margin:0 auto 80px;padding-bottom:5px;} .battle-log .inner {padding:4px 8px 0px 8px;} .battle-log .inner-preempt {padding:0 8px 4px 8px;} .battle-log .inner-after {margin-top:0.5em;} .battle-log h2 {margin:0.5em -8px;padding:4px 8px;border:1px solid #AAAAAA;background:#E0E7EA;border-left:0;border-right:0;font-family:Verdana, sans-serif;font-size:13pt;} .battle-log .chat {vertical-align:middle;padding:3px 0 3px 0;font-size:8pt;} .battle-log .chat strong {color:#40576A;} .battle-log .chat em {padding:1px 4px 1px 3px;color:#000000;font-style:normal;} .chat.mine {background:rgba(0,0,0,0.05);margin-left:-8px;margin-right:-8px;padding-left:8px;padding-right:8px;} .spoiler {color:#BBBBBB;background:#BBBBBB;padding:0px 3px;} .spoiler:hover, .spoiler:active, .spoiler-shown {color:#000000;background:#E2E2E2;padding:0px 3px;} .spoiler a {color:#BBBBBB;} .spoiler:hover a, .spoiler:active a, .spoiler-shown a {color:#2288CC;} .chat code, .chat .spoiler:hover code, .chat .spoiler:active code, .chat .spoiler-shown code {border:1px solid #C0C0C0;background:#EEEEEE;color:black;padding:0 2px;} .chat .spoiler code {border:1px solid #CCCCCC;background:#CCCCCC;color:#CCCCCC;} .battle-log .rated {padding:3px 4px;} .battle-log .rated strong {color:white;background:#89A;padding:1px 4px;border-radius:4px;} .spacer {margin-top:0.5em;} .message-announce {background:#6688AA;color:white;padding:1px 4px 2px;} .message-announce a, .broadcast-green a, .broadcast-blue a, .broadcast-red a {color:#DDEEFF;} .broadcast-green {background-color:#559955;color:white;padding:2px 4px;} .broadcast-blue {background-color:#6688AA;color:white;padding:2px 4px;} .infobox {border:1px solid #6688AA;padding:2px 4px;} .infobox-limited {max-height:200px;overflow:auto;overflow-x:hidden;} .broadcast-red {background-color:#AA5544;color:white;padding:2px 4px;} .message-learn-canlearn {font-weight:bold;color:#228822;text-decoration:underline;} .message-learn-cannotlearn {font-weight:bold;color:#CC2222;text-decoration:underline;} .message-effect-weak {font-weight:bold;color:#CC2222;} .message-effect-resist {font-weight:bold;color:#6688AA;} .message-effect-immune {font-weight:bold;color:#666666;} .message-learn-list {margin-top:0;margin-bottom:0;} .message-throttle-notice, .message-error {color:#992222;} .message-overflow, .chat small.message-overflow {font-size:0pt;} .message-overflow::before {font-size:9pt;content:'...';} .subtle {color:#3A4A66;}
</style>
<div class="wrapper replay-wrapper" style="max-width:1180px;margin:0 auto">
<input type="hidden" name="replayid" value="lc-512806888" />
<div class="battle"></div><div class="battle-log"></div><div class="replay-controls"></div><div class="replay-controls-2"></div>
<h1 style="font-weight:normal;text-align:center"><strong>LC</strong><br /><a href="http://pokemonshowdown.com/users/dado123" class="subtle" target="_blank">Dado123</a> vs. <a href="http://pokemonshowdown.com/users/355rghrt" class="subtle" target="_blank">355rghrt</a></h1>
<script type="text/plain" class="battle-log-data">|j|Dado123
|j|355rghrt
|player|p1|Dado123|275
|player|p2|355rghrt|12
|gametype|singles
|gen|6
|tier|LC
|rated
|seed|18411,12015,59246,14053
|clearpoke
|poke|p1|Nosepass, L5, M, shiny|item
|poke|p1|Munchlax, L5, F, shiny|item
|poke|p1|Duskull, L5, M, shiny|item
|poke|p1|Bronzor, L5, shiny|item
|poke|p1|Mantyke, L5, M|item
|poke|p1|Ferroseed, L5, M, shiny|item
|poke|p2|Surskit, L5, F|item
|poke|p2|Timburr, L5, M|item
|poke|p2|Snivy, L5, F|item
|poke|p2|Rufflet, L5, M|item
|poke|p2|Onix, L5, M|item
|poke|p2|Staryu, L5|item
|rule|Sleep Clause Mod: Limit one foe put to sleep
|rule|Species Clause: Limit one of each Pokémon
|rule|OHKO Clause: OHKO moves are banned
|rule|Moody Clause: Moody is banned
|rule|Evasion Moves Clause: Evasion moves are banned
|rule|Endless Battle Clause: Forcing endless battles is banned
|rule|HP Percentage Mod: HP is shown in percentages
|teampreview
|choice|team 5, team 2, team 3, team 4, team 1, team 6|team 1, team 2, team 3, team 4, team 5, team 6
|
|start
|switch|p1a: Gills|Mantyke, L5, M|21\/21
|switch|p2a: Surskit|Surskit, L5, F|20\/20
|turn|1
|choice|move airslash|move stickyweb
|
|move|p2a: Surskit|Sticky Web|p1a: Gills
|-sidestart|p1: Dado123|move: Sticky Web
|move|p1a: Gills|Air Slash|p2a: Surskit
|-supereffective|p2a: Surskit
|-enditem|p2a: Surskit|Focus Sash
|-damage|p2a: Surskit|1\/20
|
|upkeep
|turn|2
|choice|move airslash|move thief
|
|move|p2a: Surskit|Thief|p1a: Gills
|-damage|p1a: Gills|19\/21
|-item|p2a: Surskit|Eviolite|[from] move: Thief|[of] p1a: Gills
|move|p1a: Gills|Air Slash|p2a: Surskit
|-supereffective|p2a: Surskit
|-damage|p2a: Surskit|0 fnt
|faint|p2a: Surskit
|
|upkeep
|choice||switch 5
|
|switch|p2a: Onix|Onix, L5, M|21\/21
|turn|3
|choice|move scald|move stealthrock
|
|move|p2a: Onix|Stealth Rock|p1a: Gills
|-sidestart|p1: Dado123|move: Stealth Rock
|move|p1a: Gills|Scald|p2a: Onix
|-supereffective|p2a: Onix
|-ability|p2a: Onix|Sturdy
|-damage|p2a: Onix|1\/21
|-enditem|p2a: Onix|Berry Juice
|-heal|p2a: Onix|21\/21|[from] item: Berry Juice
|
|upkeep
|turn|4
|choice|move tailwind|move rockblast
|
|move|p2a: Onix|Rock Blast|p1a: Gills
|-supereffective|p1a: Gills
|-damage|p1a: Gills|11\/21
|-supereffective|p1a: Gills
|-damage|p1a: Gills|3\/21
|-supereffective|p1a: Gills
|-damage|p1a: Gills|0 fnt
|-hitcount|p1a: Gills|3
|faint|p1a: Gills
|
|upkeep
|choice|switch 5|
|
|switch|p1a: Gold Red Nose|Nosepass, L5, M, shiny|19\/19
|-damage|p1a: Gold Red Nose|17\/19|[from] Stealth Rock
|-activate|p1a: Gold Red Nose|move: Sticky Web
|-unboost|p1a: Gold Red Nose|spe|1
|turn|5
|choice|move earthpower|move earthquake
|
|move|p2a: Onix|Earthquake|p1a: Gold Red Nose
|-supereffective|p1a: Gold Red Nose
|-damage|p1a: Gold Red Nose|5\/19
|move|p1a: Gold Red Nose|Earth Power|p2a: Onix
|-supereffective|p2a: Onix
|-damage|p2a: Onix|5\/21
|
|upkeep
|turn|6
|choice|move earthpower|move earthquake
|
|move|p2a: Onix|Earthquake|p1a: Gold Red Nose
|-supereffective|p1a: Gold Red Nose
|-damage|p1a: Gold Red Nose|0 fnt
|faint|p1a: Gold Red Nose
|
|upkeep
|choice|switch 3|
|
|switch|p1a: Redhead Fred|Duskull, L5, M, shiny|18\/18
|-damage|p1a: Redhead Fred|16\/18|[from] Stealth Rock
|turn|7
|choice|move shadowsneak|move earthquake
|
|move|p1a: Redhead Fred|Shadow Sneak|p2a: Onix
|-damage|p2a: Onix|1\/21
|move|p2a: Onix|Earthquake|p1a: Redhead Fred
|-immune|p1a: Redhead Fred|[msg]|[from] ability: Levitate
|
|upkeep
|turn|8
|choice|move return|move rockblast
|
|move|p2a: Onix|Rock Blast|p1a: Redhead Fred
|-damage|p1a: Redhead Fred|13\/18
|-damage|p1a: Redhead Fred|10\/18
|-hitcount|p1a: Redhead Fred|2
|move|p1a: Redhead Fred|Return|p2a: Onix
|-resisted|p2a: Onix
|-damage|p2a: Onix|0 fnt
|faint|p2a: Onix
|
|upkeep
|choice||switch 3
|
|switch|p2a: Snivy|Snivy, L5, F|23\/23
|turn|9
|choice|move toxic|move leafstorm
|
|move|p2a: Snivy|Leaf Storm|p1a: Redhead Fred
|-damage|p1a: Redhead Fred|3\/18
|-boost|p2a: Snivy|spa|2
|move|p1a: Redhead Fred|Toxic|p2a: Snivy
|-status|p2a: Snivy|tox
|
|-damage|p2a: Snivy|22\/23 tox|[from] psn
|upkeep
|turn|10
|choice|move shadowsneak|move leafstorm
|
|move|p1a: Redhead Fred|Shadow Sneak|p2a: Snivy
|-damage|p2a: Snivy|18\/23 tox
|move|p2a: Snivy|Leaf Storm|p1a: Redhead Fred
|-damage|p1a: Redhead Fred|0 fnt
|-boost|p2a: Snivy|spa|2
|faint|p1a: Redhead Fred
|
|-damage|p2a: Snivy|16\/23 tox|[from] psn
|upkeep
|-message|Dado123 forfeited.
|
|win|355rghrt
|player|p1
|player|p2
|l|Dado123</script>
</div>
<div class="battle-log battle-log-inline"><div class="inner"><div class="battle-options"></div><div class="inner"><div class="chat"><small>Dado123 joined.</small></div><div class="chat"><small>355rghrt joined.</small></div><div class=""><small>Format:</small> <br><strong>LC</strong></div><div class="rated"><strong>Rated battle</strong></div><div class=""><small><em>Sleep Clause Mod:</em> Limit one foe put to sleep</small></div><div class=""><small><em>Species Clause:</em> Limit one of each Pokémon</small></div><div class=""><small><em>OHKO Clause:</em> OHKO moves are banned</small></div><div class=""><small><em>Moody Clause:</em> Moody is banned</small></div><div class=""><small><em>Evasion Moves Clause:</em> Evasion moves are banned</small></div><div class=""><small><em>Endless Battle Clause:</em> Forcing endless battles is banned</small></div><div class=""><small><em>HP Percentage Mod:</em> HP is shown in percentages</small></div><div class="chat battle-history"><strong>Dado123's team:</strong> <em style="color:#445566;display:block;">Nosepass / Munchlax / Duskull / Bronzor / Mantyke / Ferroseed</em></div><div class="chat battle-history"><strong>355rghrt's team:</strong> <em style="color:#445566;display:block;">Surskit / Timburr / Snivy / Rufflet / Onix / Staryu</em></div><div class="spacer battle-history"><br></div><div class="battle-history">Battle started between Dado123 and 355rghrt!<br></div><div class="spacer battle-history"><br></div><div class="battle-history">Go! Gills (<strong>Mantyke</strong>)!<br></div><div class="spacer battle-history"><br></div><div class="battle-history">355rghrt sent out <strong>Surskit</strong>!<br></div><div class="spacer battle-history"><br></div><h2 class="battle-history">Turn 1</h2><div class="spacer battle-history"><br></div><div class="battle-history">The opposing Surskit used <strong>Sticky Web</strong>!<br></div><div class="battle-history"><small>A sticky web spreads out on the ground around your team!</small><br></div><div class="spacer battle-history"><br></div><div class="battle-history">Gills used <strong>Air Slash</strong>!<br></div><div class="battle-history"><small>It's super effective!</small><br></div><div class="battle-history"><small>The opposing Surskit hung on using its Focus Sash!</small><br></div><div class="battle-history"><small>(The opposing Surskit lost <abbr title="−19/20">95%</abbr> of its health!)</small><br></div><div class="spacer battle-history"><br></div><h2 class="battle-history">Turn 2</h2><div class="spacer battle-history"><br></div><div class="battle-history">The opposing Surskit used <strong>Thief</strong>!<br></div><div class="battle-history"><small>(Gills lost <abbr title="−2/21">9.5%</abbr> of its health!)</small><br></div><div class="battle-history"><small>The opposing Surskit stole Gills's Eviolite!</small><br></div><div class="spacer battle-history"><br></div><div class="battle-history">Gills used <strong>Air Slash</strong>!<br></div><div class="battle-history"><small>It's super effective!</small><br></div><div class="battle-history"><small>(The opposing Surskit lost <abbr title="−1/20">5%</abbr> of its health!)</small><br></div><div class="spacer battle-history"><br></div><div class="battle-history">The opposing Surskit fainted!<br></div><div class="spacer battle-history"><br></div><div class="battle-history">355rghrt sent out <strong>Onix</strong>!<br></div><div class="spacer battle-history"><br></div><h2 class="battle-history">Turn 3</h2><div class="spacer battle-history"><br></div><div class="battle-history">The opposing Onix used <strong>Stealth Rock</strong>!<br></div><div class="battle-history"><small>Pointed stones float in the air around your team!</small><br></div><div class="spacer battle-history"><br></div><div class="battle-history">Gills used <strong>Scald</strong>!<br></div><div class="battle-history"><small>It's super effective!</small><br></div><div class="battle-history"><small>[The opposing Onix's Sturdy]</small><br><small>The opposing Onix endured the hit!</small><br></div><div class="battle-history"><small>(The opposing Onix lost <abbr title="−20/21">95.2%</abbr> of its health!)</small><br></div><div class="battle-history"><small>(The opposing Onix used its Berry Juice!)</small><br></div><div class="battle-history"><small>The opposing Onix restored HP using its Berry Juice!</small><br></div><div class="spacer battle-history"><br></div><h2 class="battle-history">Turn 4</h2><div class="spacer battle-history"><br></div><div class="battle-history">The opposing Onix used <strong>Rock Blast</strong>!<br></div><div class="battle-history"><small>It's super effective!</small><br></div><div class="battle-history"><small>(Gills lost <abbr title="−8/21">38.1%</abbr> of its health!)</small><br></div><div class="battle-history"><small>It's super effective!</small><br></div><div class="battle-history"><small>(Gills lost <abbr title="−8/21">38.1%</abbr> of its health!)</small><br></div><div class="battle-history"><small>It's super effective!</small><br></div><div class="battle-history"><small>(Gills lost <abbr title="−3/21">14.3%</abbr> of its health!)</small><br></div><div class="battle-history"><small>Hit 3 times!</small><br></div><div class="spacer battle-history"><br></div><div class="battle-history">Gills fainted!<br></div><div class="spacer battle-history"><br></div><div class="battle-history">Go! Gold Red Nose (<strong>Nosepass</strong>)!<br></div><div class="battle-history"><small>Pointed stones dug into Gold Red Nose!</small><br></div><div class="battle-history"><small>Gold Red Nose was caught in a sticky web!</small><br></div><div class="battle-history"><small>Gold Red Nose's Speed fell!</small><br></div><div class="spacer battle-history"><br></div><h2 class="battle-history">Turn 5</h2><div class="spacer battle-history"><br></div><div class="battle-history">The opposing Onix used <strong>Earthquake</strong>!<br></div><div class="battle-history"><small>It's super effective!</small><br></div><div class="battle-history"><small>(Gold Red Nose lost <abbr title="−12/19">63.2%</abbr> of its health!)</small><br></div><div class="spacer battle-history"><br></div><div class="battle-history">Gold Red Nose used <strong>Earth Power</strong>!<br></div><div class="battle-history"><small>It's super effective!</small><br></div><div class="battle-history"><small>(The opposing Onix lost <abbr title="−16/21">76.2%</abbr> of its health!)</small><br></div><div class="spacer battle-history"><br></div><h2 class="battle-history">Turn 6</h2><div class="spacer battle-history"><br></div><div class="battle-history">The opposing Onix used <strong>Earthquake</strong>!<br></div><div class="battle-history"><small>It's super effective!</small><br></div><div class="battle-history"><small>(Gold Red Nose lost <abbr title="−5/19">26.3%</abbr> of its health!)</small><br></div><div class="spacer battle-history"><br></div><div class="battle-history">Gold Red Nose fainted!<br></div><div class="spacer battle-history"><br></div><div class="battle-history">Go! Redhead Fred (<strong>Duskull</strong>)!<br></div><div class="battle-history"><small>Pointed stones dug into Redhead Fred!</small><br></div><div class="spacer battle-history"><br></div><h2 class="battle-history">Turn 7</h2><div class="spacer battle-history"><br></div><div class="battle-history">Redhead Fred used <strong>Shadow Sneak</strong>!<br></div><div class="battle-history"><small>(The opposing Onix lost <abbr title="−4/21">19.0%</abbr> of its health!)</small><br></div><div class="spacer battle-history"><br></div><div class="battle-history">The opposing Onix used <strong>Earthquake</strong>!<br></div><div class="battle-history"><small>[Redhead Fred's Levitate]</small><br><small>It doesn't affect Redhead Fred...</small><br></div><div class="spacer battle-history"><br></div><h2 class="battle-history">Turn 8</h2><div class="spacer battle-history"><br></div><div class="battle-history">The opposing Onix used <strong>Rock Blast</strong>!<br></div><div class="battle-history"><small>(Redhead Fred lost <abbr title="−3/18">16.7%</abbr> of its health!)</small><br></div><div class="battle-history"><small>(Redhead Fred lost <abbr title="−3/18">16.7%</abbr> of its health!)</small><br></div><div class="battle-history"><small>Hit 2 times!</small><br></div><div class="spacer battle-history"><br></div><div class="battle-history">Redhead Fred used <strong>Return</strong>!<br></div><div class="battle-history"><small>It's not very effective...</small><br></div><div class="battle-history"><small>(The opposing Onix lost <abbr title="−1/21">4.8%</abbr> of its health!)</small><br></div><div class="spacer battle-history"><br></div><div class="battle-history">The opposing Onix fainted!<br></div><div class="spacer battle-history"><br></div><div class="battle-history">355rghrt sent out <strong>Snivy</strong>!<br></div><div class="spacer battle-history"><br></div><h2 class="battle-history">Turn 9</h2><div class="spacer battle-history"><br></div><div class="battle-history">The opposing Snivy used <strong>Leaf Storm</strong>!<br></div><div class="battle-history"><small>(Redhead Fred lost <abbr title="−7/18">38.9%</abbr> of its health!)</small><br></div><div class="battle-history"><small>The opposing Snivy's Special Attack rose sharply!</small><br></div><div class="spacer battle-history"><br></div><div class="battle-history">Redhead Fred used <strong>Toxic</strong>!<br></div><div class="battle-history"><small>The opposing Snivy was badly poisoned!</small><br></div><div class="spacer battle-history"><br></div><div class="battle-history"><small>The opposing Snivy was hurt by poison!</small><br></div><div class="spacer battle-history"><br></div><h2 class="battle-history">Turn 10</h2><div class="spacer battle-history"><br></div><div class="battle-history">Redhead Fred used <strong>Shadow Sneak</strong>!<br></div><div class="battle-history"><small>(The opposing Snivy lost <abbr title="−4/23">17.4%</abbr> of its health!)</small><br></div><div class="spacer battle-history"><br></div><div class="battle-history">The opposing Snivy used <strong>Leaf Storm</strong>!<br></div><div class="battle-history"><small>(Redhead Fred lost <abbr title="−3/18">16.7%</abbr> of its health!)</small><br></div><div class="battle-history"><small>The opposing Snivy's Special Attack rose sharply!</small><br></div><div class="spacer battle-history"><br></div><div class="battle-history">Redhead Fred fainted!<br></div><div class="spacer battle-history"><br></div><div class="battle-history"><small>The opposing Snivy was hurt by poison!</small><br></div><div class="spacer battle-history"><br></div><div class="battle-history"><small>Dado123 forfeited.</small><br></div><div class="spacer battle-history"><br></div><div class="battle-history"><strong>355rghrt</strong> won the battle!<br></div><div class="chat"><small>Dado123 left.</small></div></div><div class="inner-preempt"></div></div></div>
</div>
<script>
let daily = Math.floor(Date.now()/1000/60/60/24);document.write('<script src="https://play.pokemonshowdown.com/js/replay-embed.js?version'+daily+'"></'+'script>');
</script>
