<!DOCTYPE html>
<meta charset="utf-8" />
<!-- version 1 -->
<title>LC replay: panther2 vs. H is here</title>
<style>
html,body {font-family:Verdana, sans-serif;font-size:10pt;margin:0;padding:0;}body{padding:12px 0;} .battle-log {font-family:Verdana, sans-serif;font-size:10pt;} .battle-log-inline {border:1px solid #AAAAAA;background:#EEF2F5;color:black;max-width:640px;margin:0 auto 80px;padding-bottom:5px;} .battle-log .inner {padding:4px 8px 0px 8px;} .battle-log .inner-preempt {padding:0 8px 4px 8px;} .battle-log .inner-after {margin-top:0.5em;} .battle-log h2 {margin:0.5em -8px;padding:4px 8px;border:1px solid #AAAAAA;background:#E0E7EA;border-left:0;border-right:0;font-family:Verdana, sans-serif;font-size:13pt;} .battle-log .chat {vertical-align:middle;padding:3px 0 3px 0;font-size:8pt;} .battle-log .chat strong {color:#40576A;} .battle-log .chat em {padding:1px 4px 1px 3px;color:#000000;font-style:normal;} .chat.mine {background:rgba(0,0,0,0.05);margin-left:-8px;margin-right:-8px;padding-left:8px;padding-right:8px;} .spoiler {color:#BBBBBB;background:#BBBBBB;padding:0px 3px;} .spoiler:hover, .spoiler:active, .spoiler-shown {color:#000000;background:#E2E2E2;padding:0px 3px;} .spoiler a {color:#BBBBBB;} .spoiler:hover a, .spoiler:active a, .spoiler-shown a {color:#2288CC;} .chat code, .chat .spoiler:hover code, .chat .spoiler:active code, .chat .spoiler-shown code {border:1px solid #C0C0C0;background:#EEEEEE;color:black;padding:0 2px;} .chat .spoiler code {border:1px solid #CCCCCC;background:#CCCCCC;color:#CCCCCC;} .battle-log .rated {padding:3px 4px;} .battle-log .rated strong {color:white;background:#89A;padding:1px 4px;border-radius:4px;} .spacer {margin-top:0.5em;} .message-announce {background:#6688AA;color:white;padding:1px 4px 2px;} .message-announce a, .broadcast-green a, .broadcast-blue a, .broadcast-red a {color:#DDEEFF;} .broadcast-green {background-color:#559955;color:white;padding:2px 4px;} .broadcast-blue {background-color:#6688AA;color:white;padding:2px 4px;} .infobox {border:1px solid #6688AA;padding:2px 4px;} .infobox-limited {max-height:200px;overflow:auto;overflow-x:hidden;} .broadcast-red {background-color:#AA5544;color:white;padding:2px 4px;} .message-learn-canlearn {font-weight:bold;color:#228822;text-decoration:underline;} .message-learn-cannotlearn {font-weight:bold;color:#CC2222;text-decoration:underline;} .message-effect-weak {font-weight:bold;color:#CC2222;} .message-effect-resist {font-weight:bold;color:#6688AA;} .message-effect-immune {font-weight:bold;color:#666666;} .message-learn-list {margin-top:0;margin-bottom:0;} .message-throttle-notice, .message-error {color:#992222;} .message-overflow, .chat small.message-overflow {font-size:0pt;} .message-overflow::before {font-size:9pt;content:'...';} .subtle {color:#3A4A66;}
</style>
<div class="wrapper replay-wrapper" style="max-width:1180px;margin:0 auto">
<input type="hidden" name="replayid" value="lc-485374209" />
<div class="battle"></div><div class="battle-log"></div><div class="replay-controls"></div><div class="replay-controls-2"></div>
<h1 style="font-weight:normal;text-align:center"><strong>LC</strong><br /><a href="http://pokemonshowdown.com/users/panther2" class="subtle" target="_blank">panther2</a> vs. <a href="http://pokemonshowdown.com/users/hishere" class="subtle" target="_blank">H is here</a></h1>
<script type="text/plain" class="battle-log-data">|j|panther2
|j|H is here
|player|p1|panther2|101
|player|p2|H is here|209
|gametype|singles
|gen|6
|tier|LC
|seed|56388,24746,46339,5575
|clearpoke
|poke|p1|Buizel, L5, M|item
|poke|p1|Growlithe, L5, M|item
|poke|p1|Ferroseed, L5, M|item
|poke|p1|Mienfoo, L5, F|item
|poke|p1|Munchlax, L5, M|item
|poke|p1|Rufflet, L5, M|item
|poke|p2|Mienfoo, L5, M|item
|poke|p2|Sandshrew, L5, F|item
|poke|p2|Growlithe, L5, F|item
|poke|p2|Chinchou, L5, M|item
|poke|p2|Flabebe, L5, F|item
|poke|p2|Munchlax, L5, F|item
|rule|Sleep Clause Mod: Limit one foe put to sleep
|rule|Species Clause: Limit one of each Pokémon
|rule|OHKO Clause: OHKO moves are banned
|rule|Moody Clause: Moody is banned
|rule|Evasion Moves Clause: Evasion moves are banned
|rule|Endless Battle Clause: Forcing endless battles is banned
|rule|HP Percentage Mod: HP is shown in percentages
|teampreview
|c|★panther2|sorry it took so long my team wouldnt validate but i got it fixed
|c|★H is here|all good
|c|★H is here|glhf
|c|★panther2|you too man
|choice|team 3, team 2, team 1, team 4, team 5, team 6|team 2, team 1, team 3, team 4, team 5, team 6
|
|start
|switch|p1a: Ferroseed|Ferroseed, L5, M|22\/22
|switch|p2a: Sandshrew|Sandshrew, L5, F|24\/24
|turn|1
|choice|move bulletseed|switch 3
|
|switch|p2a: Growlithe|Growlithe, L5, F|25\/25
|-ability|p2a: Growlithe|Intimidate|boost
|-unboost|p1a: Ferroseed|atk|1
|move|p1a: Ferroseed|Bullet Seed|p2a: Growlithe
|-resisted|p2a: Growlithe
|-damage|p2a: Growlithe|24\/25
|-resisted|p2a: Growlithe
|-damage|p2a: Growlithe|23\/25
|-resisted|p2a: Growlithe
|-damage|p2a: Growlithe|22\/25
|-hitcount|p2a: Growlithe|3
|
|turn|2
|choice|switch 2|switch 2
|
|switch|p2a: Mienfoo|Mienfoo, L5, M|23\/23
|switch|p1a: Growlithe|Growlithe, L5, M|25\/25
|-ability|p1a: Growlithe|Intimidate|boost
|-unboost|p2a: Mienfoo|atk|1
|
|turn|3
|choice|move toxic|switch 2
|
|switch|p2a: Growlithe|Growlithe, L5, F|22\/25
|-ability|p2a: Growlithe|Intimidate|boost
|-unboost|p1a: Growlithe|atk|1
|move|p1a: Growlithe|Toxic|p2a: Growlithe|[miss]
|-miss|p1a: Growlithe|p2a: Growlithe
|
|turn|4
|choice|move toxic|switch 4
|
|switch|p2a: Chinchou|Chinchou, L5, M|27\/27
|move|p1a: Growlithe|Toxic|p2a: Chinchou
|-status|p2a: Chinchou|tox
|
|-damage|p2a: Chinchou|26\/27 tox|[from] psn
|turn|5
|choice|switch 2|move voltswitch
|
|switch|p1a: Ferroseed|Ferroseed, L5, M|22\/22
|move|p2a: Chinchou|Volt Switch|p1a: Ferroseed
|-resisted|p1a: Ferroseed
|-damage|p1a: Ferroseed|20\/22
|choice||switch 4
|
|switch|p2a: Growlithe|Growlithe, L5, F|22\/25
|-ability|p2a: Growlithe|Intimidate|boost
|-unboost|p1a: Ferroseed|atk|1
|
|turn|6
|choice|switch 2|move flareblitz
|
|switch|p1a: Growlithe|Growlithe, L5, M|25\/25
|-ability|p1a: Growlithe|Intimidate|boost
|-unboost|p2a: Growlithe|atk|1
|move|p2a: Growlithe|Flare Blitz|p1a: Growlithe
|-resisted|p1a: Growlithe
|-damage|p1a: Growlithe|22\/25
|-damage|p2a: Growlithe|21\/25|[from] recoil|[of] p1a: Growlithe
|
|turn|7
|choice|move closecombat|move roar
|
|move|p1a: Growlithe|Close Combat|p2a: Growlithe
|-damage|p2a: Growlithe|14\/25
|-unboost|p1a: Growlithe|def|1
|-unboost|p1a: Growlithe|spd|1
|move|p2a: Growlithe|Roar|p1a: Growlithe
|drag|p1a: Munchlax|Munchlax, L5, M|30\/30
|
|turn|8
|choice|move bodyslam|move morningsun
|
|move|p2a: Growlithe|Morning Sun|p2a: Growlithe
|-heal|p2a: Growlithe|25\/25
|move|p1a: Munchlax|Body Slam|p2a: Growlithe
|-damage|p2a: Growlithe|13\/25
|
|turn|9
|choice|move bodyslam|switch 3
|
|switch|p2a: Sandshrew|Sandshrew, L5, F|24\/24
|move|p1a: Munchlax|Body Slam|p2a: Sandshrew
|-damage|p2a: Sandshrew|17\/24
|
|turn|10
|choice|switch 2|move stealthrock
|
|switch|p1a: Ferroseed|Ferroseed, L5, M|20\/22
|move|p2a: Sandshrew|Stealth Rock|p1a: Ferroseed
|-sidestart|p1: panther2|move: Stealth Rock
|
|turn|11
|choice|move stealthrock|switch 3
|
|switch|p2a: Growlithe|Growlithe, L5, F|13\/25
|-ability|p2a: Growlithe|Intimidate|boost
|-unboost|p1a: Ferroseed|atk|1
|move|p1a: Ferroseed|Stealth Rock|p2a: Growlithe
|-sidestart|p2: H is here|move: Stealth Rock
|
|turn|12
|choice|switch 5|move morningsun
|
|switch|p1a: Growlithe|Growlithe, L5, M|22\/25
|-damage|p1a: Growlithe|16\/25|[from] Stealth Rock
|-ability|p1a: Growlithe|Intimidate|boost
|-unboost|p2a: Growlithe|atk|1
|move|p2a: Growlithe|Morning Sun|p2a: Growlithe
|-heal|p2a: Growlithe|25\/25
|
|turn|13
|choice|switch 5|switch 3
|
|switch|p2a: Sandshrew|Sandshrew, L5, F|17\/24
|-damage|p2a: Sandshrew|16\/24|[from] Stealth Rock
|switch|p1a: Ferroseed|Ferroseed, L5, M|20\/22
|-damage|p1a: Ferroseed|19\/22|[from] Stealth Rock
|
|turn|14
|choice|move knockoff|move rapidspin
|
|move|p2a: Sandshrew|Rapid Spin|p1a: Ferroseed
|-resisted|p1a: Ferroseed
|-damage|p1a: Ferroseed|18\/22
|-damage|p2a: Sandshrew|13\/24|[from] ability: Iron Barbs|[of] p1a: Ferroseed
|-sideend|p2: H is here|Stealth Rock|[from] move: Rapid Spin|[of] p2a: Sandshrew
|move|p1a: Ferroseed|Knock Off|p2a: Sandshrew
|-damage|p2a: Sandshrew|9\/24
|-enditem|p2a: Sandshrew|Eviolite|[from] move: Knock Off|[of] p1a: Ferroseed
|
|turn|15
|choice|move bulletseed|move knockoff
|
|move|p2a: Sandshrew|Knock Off|p1a: Ferroseed
|-damage|p1a: Ferroseed|13\/22
|-damage|p2a: Sandshrew|6\/24|[from] ability: Iron Barbs|[of] p1a: Ferroseed
|-enditem|p1a: Ferroseed|Eviolite|[from] move: Knock Off|[of] p2a: Sandshrew
|move|p1a: Ferroseed|Bullet Seed|p2a: Sandshrew
|-supereffective|p2a: Sandshrew
|-damage|p2a: Sandshrew|0 fnt
|-hitcount|p2a: Sandshrew|1
|faint|p2a: Sandshrew
|
|choice||switch 3
|
|switch|p2a: Growlithe|Growlithe, L5, F|25\/25
|-ability|p2a: Growlithe|Intimidate|boost
|-unboost|p1a: Ferroseed|atk|1
|turn|16
|choice|move protect|switch 4
|
|switch|p2a: Chinchou|Chinchou, L5, M|26\/27 tox
|move|p1a: Ferroseed|Protect|p1a: Ferroseed
|-fail|p1a: Ferroseed
|
|-damage|p2a: Chinchou|25\/27 tox|[from] psn
|turn|17
|choice|move stealthrock|move voltswitch
|
|move|p2a: Chinchou|Volt Switch|p1a: Ferroseed
|-resisted|p1a: Ferroseed
|-damage|p1a: Ferroseed|10\/22
|choice||switch 2
|
|switch|p2a: Mienfoo|Mienfoo, L5, M|23\/23
|move|p1a: Ferroseed|Stealth Rock|p2a: Mienfoo
|-sidestart|p2: H is here|move: Stealth Rock
|
|turn|18
|choice|move protect|move bulkup
|
|move|p1a: Ferroseed|Protect|p1a: Ferroseed
|-singleturn|p1a: Ferroseed|Protect
|move|p2a: Mienfoo|Bulk Up|p2a: Mienfoo
|-boost|p2a: Mienfoo|atk|1
|-boost|p2a: Mienfoo|def|1
|
|turn|19
|choice|switch 5|move substitute
|
|switch|p1a: Growlithe|Growlithe, L5, M|16\/25
|-damage|p1a: Growlithe|10\/25|[from] Stealth Rock
|-ability|p1a: Growlithe|Intimidate|boost
|-unboost|p2a: Mienfoo|atk|1
|move|p2a: Mienfoo|Substitute|p2a: Mienfoo
|-start|p2a: Mienfoo|Substitute
|-damage|p2a: Mienfoo|18\/23
|
|turn|20
|choice|move flareblitz|move drainpunch
|
|move|p2a: Mienfoo|Drain Punch|p1a: Growlithe
|-damage|p1a: Growlithe|3\/25
|-heal|p2a: Mienfoo|22\/23|[from] drain|[of] p1a: Growlithe
|move|p1a: Growlithe|Flare Blitz|p2a: Mienfoo
|-end|p2a: Mienfoo|Substitute
|-damage|p1a: Growlithe|1\/25|[from] recoil|[of] p2a: Mienfoo
|
|turn|21
|choice|move flareblitz|move substitute
|
|move|p2a: Mienfoo|Substitute|p2a: Mienfoo
|-start|p2a: Mienfoo|Substitute
|-damage|p2a: Mienfoo|17\/23
|move|p1a: Growlithe|Flare Blitz|p2a: Mienfoo
|-crit|p2a: Mienfoo
|-end|p2a: Mienfoo|Substitute
|-damage|p1a: Growlithe|0 fnt|[from] recoil|[of] p2a: Mienfoo
|faint|p1a: Growlithe
|
|choice|switch 6|
|
|switch|p1a: Rufflet|Rufflet, L5, M|25\/25
|-damage|p1a: Rufflet|19\/25|[from] Stealth Rock
|turn|22
|choice|move aerialace|move drainpunch
|
|move|p1a: Rufflet|Aerial Ace|p2a: Mienfoo
|-supereffective|p2a: Mienfoo
|-damage|p2a: Mienfoo|3\/23
|move|p2a: Mienfoo|Drain Punch|p1a: Rufflet
|-damage|p1a: Rufflet|7\/25
|-heal|p2a: Mienfoo|9\/23|[from] drain|[of] p1a: Rufflet
|
|turn|23
|choice|move aerialace|switch 2
|
|switch|p2a: Chinchou|Chinchou, L5, M|25\/27 tox
|-damage|p2a: Chinchou|22\/27 tox|[from] Stealth Rock
|move|p1a: Rufflet|Aerial Ace|p2a: Chinchou
|-resisted|p2a: Chinchou
|-damage|p2a: Chinchou|16\/27 tox
|
|-damage|p2a: Chinchou|15\/27 tox|[from] psn
|turn|24
|choice|switch 5|move rest
|
|switch|p1a: Ferroseed|Ferroseed, L5, M|10\/22
|-damage|p1a: Ferroseed|9\/22|[from] Stealth Rock
|move|p2a: Chinchou|Rest|p2a: Chinchou
|-status|p2a: Chinchou|slp
|-heal|p2a: Chinchou|27\/27 slp|[silent]
|-status|p2a: Chinchou|slp|[from] move: Rest
|
|turn|25
|choice|move knockoff|switch 4
|
|switch|p2a: Growlithe|Growlithe, L5, F|25\/25
|-damage|p2a: Growlithe|19\/25|[from] Stealth Rock
|-ability|p2a: Growlithe|Intimidate|boost
|-unboost|p1a: Ferroseed|atk|1
|move|p1a: Ferroseed|Knock Off|p2a: Growlithe
|-damage|p2a: Growlithe|14\/25
|-enditem|p2a: Growlithe|Eviolite|[from] move: Knock Off|[of] p1a: Ferroseed
|
|turn|26
|choice|switch 3|switch 2
|
|switch|p2a: Mienfoo|Mienfoo, L5, M|16\/23
|-damage|p2a: Mienfoo|15\/23|[from] Stealth Rock
|switch|p1a: Buizel|Buizel, L5, M|22\/22
|-damage|p1a: Buizel|20\/22|[from] Stealth Rock
|
|turn|27
|choice|move waterfall|switch 4
|
|switch|p2a: Chinchou|Chinchou, L5, M|27\/27 slp
|-damage|p2a: Chinchou|24\/27 slp|[from] Stealth Rock
|move|p1a: Buizel|Waterfall|p2a: Chinchou
|-heal|p2a: Chinchou|27\/27 slp|[from] ability: Water Absorb|[of] p1a: Buizel
|
|turn|28
|choice|move dig|move sleeptalk
|
|move|p1a: Buizel|Dig|p2a: Chinchou|[still]
|-prepare|p1a: Buizel|Dig|p2a: Chinchou
|cant|p2a: Chinchou|slp
|move|p2a: Chinchou|Sleep Talk|p2a: Chinchou
|move|p2a: Chinchou|Rest|p2a: Chinchou|[from]Sleep Talk
|-fail|p2a: Chinchou
|
|turn|29
|choice|move dig 1|switch 4
|
|switch|p2a: Mienfoo|Mienfoo, L5, M|22\/23
|-damage|p2a: Mienfoo|21\/23|[from] Stealth Rock
|move|p1a: Buizel|Dig|p2a: Mienfoo|[from]lockedmove
|-damage|p2a: Mienfoo|13\/23
|-damage|p1a: Buizel|18\/22|[from] item: Life Orb
|
|turn|30
|choice|move waterfall|switch 4
|
|switch|p2a: Chinchou|Chinchou, L5, M|27\/27 slp
|-damage|p2a: Chinchou|24\/27 slp|[from] Stealth Rock
|move|p1a: Buizel|Waterfall|p2a: Chinchou
|-heal|p2a: Chinchou|27\/27 slp|[from] ability: Water Absorb|[of] p1a: Buizel
|
|turn|31
|choice|move batonpass|move sleeptalk
|
|move|p1a: Buizel|Baton Pass|p1a: Buizel
|choice|switch 2|
|
|switch|p1a: Munchlax|Munchlax, L5, M|30\/30
|-damage|p1a: Munchlax|27\/30|[from] Stealth Rock
|cant|p2a: Chinchou|slp
|move|p2a: Chinchou|Sleep Talk|p2a: Chinchou
|move|p2a: Chinchou|Scald|p1a: Munchlax|[from]Sleep Talk
|-damage|p1a: Munchlax|23\/30
|-status|p1a: Munchlax|brn
|
|-damage|p1a: Munchlax|20\/30 brn|[from] brn
|turn|32
|choice|move bodyslam|move voltswitch
|
|-curestatus|p2a: Chinchou|slp|[msg]
|move|p2a: Chinchou|Volt Switch|p1a: Munchlax
|-damage|p1a: Munchlax|16\/30 brn
|choice||switch 4
|
|switch|p2a: Mienfoo|Mienfoo, L5, M|20\/23
|-damage|p2a: Mienfoo|19\/23|[from] Stealth Rock
|move|p1a: Munchlax|Body Slam|p2a: Mienfoo
|-damage|p2a: Mienfoo|13\/23
|-status|p2a: Mienfoo|par
|
|-damage|p1a: Munchlax|13\/30 brn|[from] brn
|turn|33
|choice|switch 4|switch 5
|
|switch|p1a: Mienfoo|Mienfoo, L5, F|21\/21
|-damage|p1a: Mienfoo|20\/21|[from] Stealth Rock
|switch|p2a: Flabebe|Flabebe, L5, F|23\/23
|-damage|p2a: Flabebe|21\/23|[from] Stealth Rock
|
|turn|34
|choice|move taunt|move wish
|
|move|p1a: Mienfoo|Taunt|p2a: Flabebe
|-start|p2a: Flabebe|move: Taunt
|cant|p2a: Flabebe|move: Taunt|Wish
|
|turn|35
|choice|move knockoff|move moonblast
|
|move|p1a: Mienfoo|Knock Off|p2a: Flabebe
|-resisted|p2a: Flabebe
|-damage|p2a: Flabebe|18\/23
|-enditem|p2a: Flabebe|Eviolite|[from] move: Knock Off|[of] p1a: Mienfoo
|move|p2a: Flabebe|Moonblast|p1a: Mienfoo
|-supereffective|p1a: Mienfoo
|-damage|p1a: Mienfoo|2\/21
|
|turn|36
|choice|move uturn|move moonblast
|
|move|p1a: Mienfoo|U-turn|p2a: Flabebe
|-resisted|p2a: Flabebe
|-damage|p2a: Flabebe|15\/23
|choice|switch 3|
|
|switch|p1a: Ferroseed|Ferroseed, L5, M|9\/22
|-damage|p1a: Ferroseed|8\/22|[from] Stealth Rock
|move|p2a: Flabebe|Moonblast|p1a: Ferroseed
|-resisted|p1a: Ferroseed
|-damage|p1a: Ferroseed|4\/22
|-unboost|p1a: Ferroseed|spa|1
|
|-end|p2a: Flabebe|move: Taunt
|turn|37
|choice|move bulletseed|move healbell
|
|move|p2a: Flabebe|Heal Bell|p2a: Flabebe
|-activate|p2a: Flabebe|move: Heal Bell
|-curestatus|p2: Mienfoo|par|[msg]
|move|p1a: Ferroseed|Bullet Seed|p2a: Flabebe
|-crit|p2a: Flabebe
|-damage|p2a: Flabebe|11\/23
|-damage|p2a: Flabebe|8\/23
|-damage|p2a: Flabebe|5\/23
|-damage|p2a: Flabebe|2\/23
|-hitcount|p2a: Flabebe|4
|
|turn|38
|choice|move bulletseed|move wish
|
|move|p2a: Flabebe|Wish|p2a: Flabebe
|move|p1a: Ferroseed|Bullet Seed|p2a: Flabebe
|-damage|p2a: Flabebe|0 fnt
|-hitcount|p2a: Flabebe|1
|faint|p2a: Flabebe
|
|choice||switch 2
|
|switch|p2a: Growlithe|Growlithe, L5, F|14\/25
|-damage|p2a: Growlithe|8\/25|[from] Stealth Rock
|-ability|p2a: Growlithe|Intimidate|boost
|-unboost|p1a: Ferroseed|atk|1
|turn|39
|choice|move bulletseed|move roar
|
|move|p1a: Ferroseed|Bullet Seed|p2a: Growlithe
|-resisted|p2a: Growlithe
|-damage|p2a: Growlithe|7\/25
|-resisted|p2a: Growlithe
|-damage|p2a: Growlithe|6\/25
|-resisted|p2a: Growlithe
|-damage|p2a: Growlithe|5\/25
|-hitcount|p2a: Growlithe|3
|move|p2a: Growlithe|Roar|p1a: Ferroseed
|drag|p1a: Rufflet|Rufflet, L5, M|7\/25
|-damage|p1a: Rufflet|1\/25|[from] Stealth Rock
|
|-heal|p2a: Growlithe|16\/25|[from] move: Wish|[wisher] Flabebe
|turn|40
|choice|move return|move roar
|
|move|p1a: Rufflet|Return|p2a: Growlithe|[miss]
|-miss|p1a: Rufflet|p2a: Growlithe
|move|p2a: Growlithe|Roar|p1a: Rufflet
|drag|p1a: Buizel|Buizel, L5, M|18\/22
|-damage|p1a: Buizel|16\/22|[from] Stealth Rock
|
|turn|41
|c|★H is here|damn that sucks
|choice|move dig|switch 4
|
|switch|p2a: Chinchou|Chinchou, L5, M|27\/27
|-damage|p2a: Chinchou|24\/27|[from] Stealth Rock
|move|p1a: Buizel|Dig|p2a: Chinchou|[still]
|-prepare|p1a: Buizel|Dig|p2a: Chinchou
|
|turn|42
|c|★panther2|Yeah lol Still wouldnt have killed it though
|choice|move dig 1|switch 5
|
|switch|p2a: Mienfoo|Mienfoo, L5, M|20\/23
|-damage|p2a: Mienfoo|19\/23|[from] Stealth Rock
|move|p1a: Buizel|Dig|p2a: Mienfoo|[from]lockedmove
|-damage|p2a: Mienfoo|10\/23
|-damage|p1a: Buizel|14\/22|[from] item: Life Orb
|
|turn|43
|c|★H is here|pretty sure it would've
|choice|move waterfall|switch 4
|
|switch|p2a: Growlithe|Growlithe, L5, F|16\/25
|-damage|p2a: Growlithe|10\/25|[from] Stealth Rock
|-ability|p2a: Growlithe|Intimidate|boost
|-unboost|p1a: Buizel|atk|1
|move|p1a: Buizel|Waterfall|p2a: Growlithe
|-supereffective|p2a: Growlithe
|-damage|p2a: Growlithe|0 fnt
|-damage|p1a: Buizel|12\/22|[from] item: Life Orb
|faint|p2a: Growlithe
|
|c|★panther2|did he still have his eviolite?
|c|★H is here|nop
|c|★panther2|okay then it would have lol I would have went aeriel ae if I would have remembered that
|choice||switch 5
|
|switch|p2a: Chinchou|Chinchou, L5, M|24\/27
|-damage|p2a: Chinchou|21\/27|[from] Stealth Rock
|turn|44
|choice|move dig|move voltswitch
|
|move|p1a: Buizel|Dig|p2a: Chinchou|[still]
|-prepare|p1a: Buizel|Dig|p2a: Chinchou
|move|p2a: Chinchou|Volt Switch|p1a: Buizel|[miss]
|-miss|p2a: Chinchou|p1a: Buizel
|
|turn|45
|choice|move dig 1|move voltswitch
|
|move|p1a: Buizel|Dig|p2a: Chinchou|[from]lockedmove
|-supereffective|p2a: Chinchou
|-damage|p2a: Chinchou|11\/27
|-damage|p1a: Buizel|10\/22|[from] item: Life Orb
|move|p2a: Chinchou|Volt Switch|p1a: Buizel
|-supereffective|p1a: Buizel
|-damage|p1a: Buizel|0 fnt
|faint|p1a: Buizel
|choice||switch 6
|
|switch|p2a: Munchlax|Munchlax, L5, F|33\/33
|-damage|p2a: Munchlax|29\/33|[from] Stealth Rock
|
|c|★panther2|shit i calced with berrry juice
|choice|switch 3|
|
|switch|p1a: Mienfoo|Mienfoo, L5, F|9\/21
|-damage|p1a: Mienfoo|8\/21|[from] Stealth Rock
|turn|46
|choice|move drainpunch|move bodyslam
|
|move|p1a: Mienfoo|Drain Punch|p2a: Munchlax
|-supereffective|p2a: Munchlax
|-enditem|p2a: Munchlax|Chople Berry|[eat]
|-enditem|p2a: Munchlax|Chople Berry|[weaken]
|-damage|p2a: Munchlax|20\/33
|-heal|p1a: Mienfoo|13\/21|[from] drain|[of] p2a: Munchlax
|move|p2a: Munchlax|Body Slam|p1a: Mienfoo
|-damage|p1a: Mienfoo|4\/21
|
|turn|47
|choice|move drainpunch|move bodyslam
|
|move|p1a: Mienfoo|Drain Punch|p2a: Munchlax
|-supereffective|p2a: Munchlax
|-damage|p2a: Munchlax|2\/33
|-heal|p1a: Mienfoo|13\/21|[from] drain|[of] p2a: Munchlax
|move|p2a: Munchlax|Body Slam|p1a: Mienfoo
|-damage|p1a: Mienfoo|6\/21
|
|turn|48
|choice|move drainpunch|move bodyslam
|
|move|p1a: Mienfoo|Drain Punch|p2a: Munchlax
|-supereffective|p2a: Munchlax
|-damage|p2a: Munchlax|0 fnt
|-heal|p1a: Mienfoo|7\/21|[from] drain|[of] p2a: Munchlax
|faint|p2a: Munchlax
|
|choice||switch 4
|
|switch|p2a: Mienfoo|Mienfoo, L5, M|17\/23
|-damage|p2a: Mienfoo|16\/23|[from] Stealth Rock
|turn|49
|choice|switch 2|move drainpunch
|
|switch|p1a: Rufflet|Rufflet, L5, M|1\/25
|-damage|p1a: Rufflet|0 fnt|[from] Stealth Rock
|faint|p1a: Rufflet
|move|p2a: Mienfoo|Drain Punch|p1: Rufflet|[notarget]
|-notarget
|
|choice|switch 2|
|
|switch|p1a: Mienfoo|Mienfoo, L5, F|14\/21
|-damage|p1a: Mienfoo|13\/21|[from] Stealth Rock
|turn|50
|choice|move knockoff|move drainpunch
|
|move|p1a: Mienfoo|Knock Off|p2a: Mienfoo
|-resisted|p2a: Mienfoo
|-damage|p2a: Mienfoo|13\/23
|-enditem|p2a: Mienfoo|Eviolite|[from] move: Knock Off|[of] p1a: Mienfoo
|move|p2a: Mienfoo|Drain Punch|p1a: Mienfoo
|-damage|p1a: Mienfoo|6\/21
|-heal|p2a: Mienfoo|17\/23|[from] drain|[of] p1a: Mienfoo
|
|turn|51
|c|★panther2|welp gg either way right here
|choice|move drainpunch|move substitute
|
|move|p1a: Mienfoo|Drain Punch|p2a: Mienfoo
|-damage|p2a: Mienfoo|7\/23
|-heal|p1a: Mienfoo|11\/21|[from] drain|[of] p2a: Mienfoo
|move|p2a: Mienfoo|Substitute|p2a: Mienfoo
|-start|p2a: Mienfoo|Substitute
|-damage|p2a: Mienfoo|2\/23
|
|turn|52
|choice|move drainpunch|move drainpunch
|
|move|p1a: Mienfoo|Drain Punch|p2a: Mienfoo
|-end|p2a: Mienfoo|Substitute
|-heal|p1a: Mienfoo|14\/21|[from] drain|[of] p2a: Mienfoo
|move|p2a: Mienfoo|Drain Punch|p1a: Mienfoo
|-damage|p1a: Mienfoo|7\/21
|-heal|p2a: Mienfoo|6\/23|[from] drain|[of] p1a: Mienfoo
|
|turn|53
|choice|move drainpunch|switch 6
|
|switch|p2a: Chinchou|Chinchou, L5, M|11\/27
|-damage|p2a: Chinchou|8\/27|[from] Stealth Rock
|move|p1a: Mienfoo|Drain Punch|p2a: Chinchou
|-damage|p2a: Chinchou|0 fnt
|-heal|p1a: Mienfoo|11\/21|[from] drain|[of] p2a: Chinchou
|faint|p2a: Chinchou
|
|choice||switch 6
|
|switch|p2a: Mienfoo|Mienfoo, L5, M|13\/23
|-damage|p2a: Mienfoo|12\/23|[from] Stealth Rock
|turn|54
|choice|move drainpunch|move drainpunch
|
|move|p1a: Mienfoo|Drain Punch|p2a: Mienfoo
|-damage|p2a: Mienfoo|3\/23
|-heal|p1a: Mienfoo|16\/21|[from] drain|[of] p2a: Mienfoo
|move|p2a: Mienfoo|Drain Punch|p1a: Mienfoo
|-damage|p1a: Mienfoo|9\/21
|-heal|p2a: Mienfoo|7\/23|[from] drain|[of] p1a: Mienfoo
|
|turn|55
|c|★panther2|no speed?
|choice|move drainpunch|move drainpunch
|
|move|p1a: Mienfoo|Drain Punch|p2a: Mienfoo
|-damage|p2a: Mienfoo|0 fnt
|-heal|p1a: Mienfoo|13\/21|[from] drain|[of] p2a: Mienfoo
|faint|p2a: Mienfoo
|
|win|panther2
|player|p1
|player|p2
|c|★H is here|nop
|c|★panther2|gg man
|c|★H is here|gg
|c|★panther2|thought it was gonna come down to the ties</script>
</div>
<div class="battle-log battle-log-inline"><div class="inner"><div class="battle-options"></div><div class="inner"><div class="chat"><small>panther2 joined.</small></div><div class="chat"><small>H is here joined.</small></div><div class=""><small>Format:</small> <br><strong>LC</strong></div><div class=""><small><em>Sleep Clause Mod:</em> Limit one foe put to sleep</small></div><div class=""><small><em>Species Clause:</em> Limit one of each Pokémon</small></div><div class=""><small><em>OHKO Clause:</em> OHKO moves are banned</small></div><div class=""><small><em>Moody Clause:</em> Moody is banned</small></div><div class=""><small><em>Evasion Moves Clause:</em> Evasion moves are banned</small></div><div class=""><small><em>Endless Battle Clause:</em> Forcing endless battles is banned</small></div><div class=""><small><em>HP Percentage Mod:</em> HP is shown in percentages</small></div><div class="chat battle-history"><strong>panther2's team:</strong> <em style="color:#445566;display:block;">Buizel / Growlithe / Ferroseed / Mienfoo / Munchlax / Rufflet</em></div><div class="chat battle-history"><strong>H is here's team:</strong> <em style="color:#445566;display:block;">Mienfoo / Sandshrew / Growlithe / Chinchou / Flabebe / Munchlax</em></div><div class="chat chatmessage-panther2"><strong style="color:hsl(186,73%,43.283386504251%)"><small>★</small><span class="username" data-name="panther2">panther2</span>:</strong> <em>sorry it took so long my team wouldnt validate but i got it fixed</em></div><div class="chat chatmessage-hishere"><strong style="color:hsl(75,70%,37.075831279999996%)"><small>★</small><span class="username" data-name="H is here">H is here</span>:</strong> <em>all good</em></div><div class="chat chatmessage-hishere"><strong style="color:hsl(75,70%,37.075831279999996%)"><small>★</small><span class="username" data-name="H is here">H is here</span>:</strong> <em>glhf</em></div><div class="chat chatmessage-panther2"><strong style="color:hsl(186,73%,43.283386504251%)"><small>★</small><span class="username" data-name="panther2">panther2</span>:</strong> <em>you too man</em></div><div class="spacer battle-history"><br></div><div class="battle-history">Battle started between panther2 and H is here!<br></div><div class="spacer battle-history"><br></div><div class="battle-history">Go! <strong>Ferroseed</strong>!<br></div><div class="spacer battle-history"><br></div><div class="battle-history">H is here sent out <strong>Sandshrew</strong>!<br></div><div class="spacer battle-history"><br></div><h2 class="battle-history">Turn 1</h2><div class="spacer battle-history"><br></div><div class="battle-history">H is here withdrew Sandshrew!<br></div><div class="battle-history">H is here sent out <strong>Growlithe</strong>!<br></div><div class="battle-history"><small>[The opposing Growlithe's Intimidate]</small><br></div><div class="battle-history"><small>Ferroseed's Attack fell!</small><br></div><div class="spacer battle-history"><br></div><div class="battle-history">Ferroseed used <strong>Bullet Seed</strong>!<br></div><div class="battle-history"><small>It's not very effective...</small><br></div><div class="battle-history"><small>(The opposing Growlithe lost <abbr title="−1/25">4%</abbr> of its health!)</small><br></div><div class="battle-history"><small>It's not very effective...</small><br></div><div class="battle-history"><small>(The opposing Growlithe lost <abbr title="−1/25">4%</abbr> of its health!)</small><br></div><div class="battle-history"><small>It's not very effective...</small><br></div><div class="battle-history"><small>(The opposing Growlithe lost <abbr title="−1/25">4%</abbr> of its health!)</small><br></div><div class="battle-history"><small>Hit 3 times!</small><br></div><div class="spacer battle-history"><br></div><h2 class="battle-history">Turn 2</h2><div class="spacer battle-history"><br></div><div class="battle-history">H is here withdrew Growlithe!<br></div><div class="battle-history">H is here sent out <strong>Mienfoo</strong>!<br></div><div class="spacer battle-history"><br></div><div class="battle-history">Ferroseed, come back!<br></div><div class="battle-history">Go! <strong>Growlithe</strong>!<br></div><div class="battle-history"><small>[Growlithe's Intimidate]</small><br></div><div class="battle-history"><small>The opposing Mienfoo's Attack fell!</small><br></div><div class="spacer battle-history"><br></div><h2 class="battle-history">Turn 3</h2><div class="spacer battle-history"><br></div><div class="battle-history">H is here withdrew Mienfoo!<br></div><div class="battle-history">H is here sent out <strong>Growlithe</strong>!<br></div><div class="battle-history"><small>[The opposing Growlithe's Intimidate]</small><br></div><div class="battle-history"><small>Growlithe's Attack fell!</small><br></div><div class="spacer battle-history"><br></div><div class="battle-history">Growlithe used <strong>Toxic</strong>!<br></div><div class="battle-history"><small>The opposing Growlithe avoided the attack!</small><br></div><div class="spacer battle-history"><br></div><h2 class="battle-history">Turn 4</h2><div class="spacer battle-history"><br></div><div class="battle-history">H is here withdrew Growlithe!<br></div><div class="battle-history">H is here sent out <strong>Chinchou</strong>!<br></div><div class="spacer battle-history"><br></div><div class="battle-history">Growlithe used <strong>Toxic</strong>!<br></div><div class="battle-history"><small>The opposing Chinchou was badly poisoned!</small><br></div><div class="spacer battle-history"><br></div><div class="battle-history"><small>The opposing Chinchou was hurt by poison!</small><br></div><div class="spacer battle-history"><br></div><h2 class="battle-history">Turn 5</h2><div class="spacer battle-history"><br></div><div class="battle-history">Growlithe, come back!<br></div><div class="battle-history">Go! <strong>Ferroseed</strong>!<br></div><div class="spacer battle-history"><br></div><div class="battle-history">The opposing Chinchou used <strong>Volt Switch</strong>!<br></div><div class="battle-history"><small>It's not very effective...</small><br></div><div class="battle-history"><small>(Ferroseed lost <abbr title="−2/22">9.1%</abbr> of its health!)</small><br></div><div class="spacer battle-history"><br></div><div class="battle-history">The opposing Chinchou went back to H is here!<br></div><div class="battle-history">H is here sent out <strong>Growlithe</strong>!<br></div><div class="battle-history"><small>[The opposing Growlithe's Intimidate]</small><br></div><div class="battle-history"><small>Ferroseed's Attack fell!</small><br></div><div class="spacer battle-history"><br></div><h2 class="battle-history">Turn 6</h2><div class="spacer battle-history"><br></div><div class="battle-history">Ferroseed, come back!<br></div><div class="battle-history">Go! <strong>Growlithe</strong>!<br></div><div class="battle-history"><small>[Growlithe's Intimidate]</small><br></div><div class="battle-history"><small>The opposing Growlithe's Attack fell!</small><br></div><div class="spacer battle-history"><br></div><div class="battle-history">The opposing Growlithe used <strong>Flare Blitz</strong>!<br></div><div class="battle-history"><small>It's not very effective...</small><br></div><div class="battle-history"><small>(Growlithe lost <abbr title="−3/25">12%</abbr> of its health!)</small><br></div><div class="battle-history"><small>The opposing Growlithe is damaged by the recoil!</small><br></div><div class="spacer battle-history"><br></div><h2 class="battle-history">Turn 7</h2><div class="spacer battle-history"><br></div><div class="battle-history">Growlithe used <strong>Close Combat</strong>!<br></div><div class="battle-history"><small>(The opposing Growlithe lost <abbr title="−7/25">28.0%</abbr> of its health!)</small><br></div><div class="battle-history"><small>Growlithe's Defense fell!</small><br></div><div class="battle-history"><small>Growlithe's Special Defense fell!</small><br></div><div class="spacer battle-history"><br></div><div class="battle-history">The opposing Growlithe used <strong>Roar</strong>!<br></div><div class="spacer battle-history"><br></div><div class="battle-history"><strong>Munchlax</strong> was dragged out!<br></div><div class="spacer battle-history"><br></div><h2 class="battle-history">Turn 8</h2><div class="spacer battle-history"><br></div><div class="battle-history">The opposing Growlithe used <strong>Morning Sun</strong>!<br></div><div class="battle-history"><small>The opposing Growlithe restored its HP.</small><br></div><div class="spacer battle-history"><br></div><div class="battle-history">Munchlax used <strong>Body Slam</strong>!<br></div><div class="battle-history"><small>(The opposing Growlithe lost <abbr title="−12/25">48%</abbr> of its health!)</small><br></div><div class="spacer battle-history"><br></div><h2 class="battle-history">Turn 9</h2><div class="spacer battle-history"><br></div><div class="battle-history">H is here withdrew Growlithe!<br></div><div class="battle-history">H is here sent out <strong>Sandshrew</strong>!<br></div><div class="spacer battle-history"><br></div><div class="battle-history">Munchlax used <strong>Body Slam</strong>!<br></div><div class="battle-history"><small>(The opposing Sandshrew lost <abbr title="−7/24">29.2%</abbr> of its health!)</small><br></div><div class="spacer battle-history"><br></div><h2 class="battle-history">Turn 10</h2><div class="spacer battle-history"><br></div><div class="battle-history">Munchlax, come back!<br></div><div class="battle-history">Go! <strong>Ferroseed</strong>!<br></div><div class="spacer battle-history"><br></div><div class="battle-history">The opposing Sandshrew used <strong>Stealth Rock</strong>!<br></div><div class="battle-history"><small>Pointed stones float in the air around your team!</small><br></div><div class="spacer battle-history"><br></div><h2 class="battle-history">Turn 11</h2><div class="spacer battle-history"><br></div><div class="battle-history">H is here withdrew Sandshrew!<br></div><div class="battle-history">H is here sent out <strong>Growlithe</strong>!<br></div><div class="battle-history"><small>[The opposing Growlithe's Intimidate]</small><br></div><div class="battle-history"><small>Ferroseed's Attack fell!</small><br></div><div class="spacer battle-history"><br></div><div class="battle-history">Ferroseed used <strong>Stealth Rock</strong>!<br></div><div class="battle-history"><small>Pointed stones float in the air around the opposing team!</small><br></div><div class="spacer battle-history"><br></div><h2 class="battle-history">Turn 12</h2><div class="spacer battle-history"><br></div><div class="battle-history">Ferroseed, come back!<br></div><div class="battle-history">Go! <strong>Growlithe</strong>!<br></div><div class="battle-history"><small>Pointed stones dug into Growlithe!</small><br></div><div class="battle-history"><small>[Growlithe's Intimidate]</small><br></div><div class="battle-history"><small>The opposing Growlithe's Attack fell!</small><br></div><div class="spacer battle-history"><br></div><div class="battle-history">The opposing Growlithe used <strong>Morning Sun</strong>!<br></div><div class="battle-history"><small>The opposing Growlithe restored its HP.</small><br></div><div class="spacer battle-history"><br></div><h2 class="battle-history">Turn 13</h2><div class="spacer battle-history"><br></div><div class="battle-history">H is here withdrew Growlithe!<br></div><div class="battle-history">H is here sent out <strong>Sandshrew</strong>!<br></div><div class="battle-history"><small>Pointed stones dug into the opposing Sandshrew!</small><br></div><div class="spacer battle-history"><br></div><div class="battle-history">Growlithe, come back!<br></div><div class="battle-history">Go! <strong>Ferroseed</strong>!<br></div><div class="battle-history"><small>Pointed stones dug into Ferroseed!</small><br></div><div class="spacer battle-history"><br></div><h2 class="battle-history">Turn 14</h2><div class="spacer battle-history"><br></div><div class="battle-history">The opposing Sandshrew used <strong>Rapid Spin</strong>!<br></div><div class="battle-history"><small>It's not very effective...</small><br></div><div class="battle-history"><small>(Ferroseed lost <abbr title="−1/22">4.5%</abbr> of its health!)</small><br></div><div class="battle-history"><small>[Ferroseed's Iron Barbs]</small><br><small>The opposing Sandshrew was hurt!</small><br></div><div class="battle-history"><small>The pointed stones disappeared from around the opposing team!</small><br></div><div class="spacer battle-history"><br></div><div class="battle-history">Ferroseed used <strong>Knock Off</strong>!<br></div><div class="battle-history"><small>(The opposing Sandshrew lost <abbr title="−4/24">16.7%</abbr> of its health!)</small><br></div><div class="battle-history"><small>Ferroseed knocked off the opposing Sandshrew's Eviolite!</small><br></div><div class="spacer battle-history"><br></div><h2 class="battle-history">Turn 15</h2><div class="spacer battle-history"><br></div><div class="battle-history">The opposing Sandshrew used <strong>Knock Off</strong>!<br></div><div class="battle-history"><small>(Ferroseed lost <abbr title="−5/22">22.7%</abbr> of its health!)</small><br></div><div class="battle-history"><small>[Ferroseed's Iron Barbs]</small><br><small>The opposing Sandshrew was hurt!</small><br></div><div class="battle-history"><small>The opposing Sandshrew knocked off Ferroseed's Eviolite!</small><br></div><div class="spacer battle-history"><br></div><div class="battle-history">Ferroseed used <strong>Bullet Seed</strong>!<br></div><div class="battle-history"><small>It's super effective!</small><br></div><div class="battle-history"><small>(The opposing Sandshrew lost <abbr title="−6/24">25%</abbr> of its health!)</small><br></div><div class="battle-history"><small>Hit 1 time!</small><br></div><div class="spacer battle-history"><br></div><div class="battle-history">The opposing Sandshrew fainted!<br></div><div class="spacer battle-history"><br></div><div class="battle-history">H is here sent out <strong>Growlithe</strong>!<br></div><div class="battle-history"><small>[The opposing Growlithe's Intimidate]</small><br></div><div class="battle-history"><small>Ferroseed's Attack fell!</small><br></div><div class="spacer battle-history"><br></div><h2 class="battle-history">Turn 16</h2><div class="spacer battle-history"><br></div><div class="battle-history">H is here withdrew Growlithe!<br></div><div class="battle-history">H is here sent out <strong>Chinchou</strong>!<br></div><div class="spacer battle-history"><br></div><div class="battle-history">Ferroseed used <strong>Protect</strong>!<br></div><div class="battle-history"><small>But it failed!</small><br></div><div class="spacer battle-history"><br></div><div class="battle-history"><small>The opposing Chinchou was hurt by poison!</small><br></div><div class="spacer battle-history"><br></div><h2 class="battle-history">Turn 17</h2><div class="spacer battle-history"><br></div><div class="battle-history">The opposing Chinchou used <strong>Volt Switch</strong>!<br></div><div class="battle-history"><small>It's not very effective...</small><br></div><div class="battle-history"><small>(Ferroseed lost <abbr title="−3/22">13.6%</abbr> of its health!)</small><br></div><div class="spacer battle-history"><br></div><div class="battle-history">The opposing Chinchou went back to H is here!<br></div><div class="battle-history">H is here sent out <strong>Mienfoo</strong>!<br></div><div class="spacer battle-history"><br></div><div class="battle-history">Ferroseed used <strong>Stealth Rock</strong>!<br></div><div class="battle-history"><small>Pointed stones float in the air around the opposing team!</small><br></div><div class="spacer battle-history"><br></div><h2 class="battle-history">Turn 18</h2><div class="spacer battle-history"><br></div><div class="battle-history">Ferroseed used <strong>Protect</strong>!<br></div><div class="battle-history"><small>Ferroseed protected itself!</small><br></div><div class="spacer battle-history"><br></div><div class="battle-history">The opposing Mienfoo used <strong>Bulk Up</strong>!<br></div><div class="battle-history"><small>The opposing Mienfoo's Attack rose!</small><br></div><div class="battle-history"><small>The opposing Mienfoo's Defense rose!</small><br></div><div class="spacer battle-history"><br></div><h2 class="battle-history">Turn 19</h2><div class="spacer battle-history"><br></div><div class="battle-history">Ferroseed, come back!<br></div><div class="battle-history">Go! <strong>Growlithe</strong>!<br></div><div class="battle-history"><small>Pointed stones dug into Growlithe!</small><br></div><div class="battle-history"><small>[Growlithe's Intimidate]</small><br></div><div class="battle-history"><small>The opposing Mienfoo's Attack fell!</small><br></div><div class="spacer battle-history"><br></div><div class="battle-history">The opposing Mienfoo used <strong>Substitute</strong>!<br></div><div class="battle-history"><small>The opposing Mienfoo put in a substitute!</small><br></div><div class="battle-history"><small>(The opposing Mienfoo lost <abbr title="−5/23">21.7%</abbr> of its health!)</small><br></div><div class="spacer battle-history"><br></div><h2 class="battle-history">Turn 20</h2><div class="spacer battle-history"><br></div><div class="battle-history">The opposing Mienfoo used <strong>Drain Punch</strong>!<br></div><div class="battle-history"><small>(Growlithe lost <abbr title="−7/25">28.0%</abbr> of its health!)</small><br></div><div class="battle-history"><small>Growlithe had its energy drained!</small><br></div><div class="spacer battle-history"><br></div><div class="battle-history">Growlithe used <strong>Flare Blitz</strong>!<br></div><div class="battle-history"><small>The opposing Mienfoo's substitute faded!</small><br></div><div class="battle-history"><small>Growlithe is damaged by the recoil!</small><br></div><div class="spacer battle-history"><br></div><h2 class="battle-history">Turn 21</h2><div class="spacer battle-history"><br></div><div class="battle-history">The opposing Mienfoo used <strong>Substitute</strong>!<br></div><div class="battle-history"><small>The opposing Mienfoo put in a substitute!</small><br></div><div class="battle-history"><small>(The opposing Mienfoo lost <abbr title="−5/23">21.7%</abbr> of its health!)</small><br></div><div class="spacer battle-history"><br></div><div class="battle-history">Growlithe used <strong>Flare Blitz</strong>!<br></div><div class="battle-history"><small>A critical hit!</small><br></div><div class="battle-history"><small>The opposing Mienfoo's substitute faded!</small><br></div><div class="battle-history"><small>Growlithe is damaged by the recoil!</small><br></div><div class="spacer battle-history"><br></div><div class="battle-history">Growlithe fainted!<br></div><div class="spacer battle-history"><br></div><div class="battle-history">Go! <strong>Rufflet</strong>!<br></div><div class="battle-history"><small>Pointed stones dug into Rufflet!</small><br></div><div class="spacer battle-history"><br></div><h2 class="battle-history">Turn 22</h2><div class="spacer battle-history"><br></div><div class="battle-history">Rufflet used <strong>Aerial Ace</strong>!<br></div><div class="battle-history"><small>It's super effective!</small><br></div><div class="battle-history"><small>(The opposing Mienfoo lost <abbr title="−14/23">60.9%</abbr> of its health!)</small><br></div><div class="spacer battle-history"><br></div><div class="battle-history">The opposing Mienfoo used <strong>Drain Punch</strong>!<br></div><div class="battle-history"><small>(Rufflet lost <abbr title="−12/25">48%</abbr> of its health!)</small><br></div><div class="battle-history"><small>Rufflet had its energy drained!</small><br></div><div class="spacer battle-history"><br></div><h2 class="battle-history">Turn 23</h2><div class="spacer battle-history"><br></div><div class="battle-history">H is here withdrew Mienfoo!<br></div><div class="battle-history">H is here sent out <strong>Chinchou</strong>!<br></div><div class="battle-history"><small>Pointed stones dug into the opposing Chinchou!</small><br></div><div class="spacer battle-history"><br></div><div class="battle-history">Rufflet used <strong>Aerial Ace</strong>!<br></div><div class="battle-history"><small>It's not very effective...</small><br></div><div class="battle-history"><small>(The opposing Chinchou lost <abbr title="−6/27">22.2%</abbr> of its health!)</small><br></div><div class="spacer battle-history"><br></div><div class="battle-history"><small>The opposing Chinchou was hurt by poison!</small><br></div><div class="spacer battle-history"><br></div><h2 class="battle-history">Turn 24</h2><div class="spacer battle-history"><br></div><div class="battle-history">Rufflet, come back!<br></div><div class="battle-history">Go! <strong>Ferroseed</strong>!<br></div><div class="battle-history"><small>Pointed stones dug into Ferroseed!</small><br></div><div class="spacer battle-history"><br></div><div class="battle-history">The opposing Chinchou used <strong>Rest</strong>!<br></div><div class="battle-history"><small>The opposing Chinchou fell asleep!</small><br></div><div class="battle-history"><small>The opposing Chinchou slept and became healthy!</small><br></div><div class="spacer battle-history"><br></div><h2 class="battle-history">Turn 25</h2><div class="spacer battle-history"><br></div><div class="battle-history">H is here withdrew Chinchou!<br></div><div class="battle-history">H is here sent out <strong>Growlithe</strong>!<br></div><div class="battle-history"><small>Pointed stones dug into the opposing Growlithe!</small><br></div><div class="battle-history"><small>[The opposing Growlithe's Intimidate]</small><br></div><div class="battle-history"><small>Ferroseed's Attack fell!</small><br></div><div class="spacer battle-history"><br></div><div class="battle-history">Ferroseed used <strong>Knock Off</strong>!<br></div><div class="battle-history"><small>(The opposing Growlithe lost <abbr title="−5/25">20%</abbr> of its health!)</small><br></div><div class="battle-history"><small>Ferroseed knocked off the opposing Growlithe's Eviolite!</small><br></div><div class="spacer battle-history"><br></div><h2 class="battle-history">Turn 26</h2><div class="spacer battle-history"><br></div><div class="battle-history">H is here withdrew Growlithe!<br></div><div class="battle-history">H is here sent out <strong>Mienfoo</strong>!<br></div><div class="battle-history"><small>Pointed stones dug into the opposing Mienfoo!</small><br></div><div class="spacer battle-history"><br></div><div class="battle-history">Ferroseed, come back!<br></div><div class="battle-history">Go! <strong>Buizel</strong>!<br></div><div class="battle-history"><small>Pointed stones dug into Buizel!</small><br></div><div class="spacer battle-history"><br></div><h2 class="battle-history">Turn 27</h2><div class="spacer battle-history"><br></div><div class="battle-history">H is here withdrew Mienfoo!<br></div><div class="battle-history">H is here sent out <strong>Chinchou</strong>!<br></div><div class="battle-history"><small>Pointed stones dug into the opposing Chinchou!</small><br></div><div class="spacer battle-history"><br></div><div class="battle-history">Buizel used <strong>Waterfall</strong>!<br></div><div class="battle-history"><small>[The opposing Chinchou's Water Absorb]</small><br><small>The opposing Chinchou restored its HP.</small><br></div><div class="spacer battle-history"><br></div><h2 class="battle-history">Turn 28</h2><div class="spacer battle-history"><br></div><div class="battle-history">Buizel used <strong>Dig</strong>!<br></div><div class="battle-history">Buizel burrowed its way under the ground!<br></div><div class="spacer battle-history"><br></div><div class="battle-history">The opposing Chinchou is fast asleep.<br></div><div class="spacer battle-history"><br></div><div class="battle-history">The opposing Chinchou used <strong>Sleep Talk</strong>!<br></div><div class="spacer battle-history"><br></div><div class="battle-history">The opposing Chinchou used <strong>Rest</strong>!<br></div><div class="battle-history"><small>But it failed!</small><br></div><div class="spacer battle-history"><br></div><h2 class="battle-history">Turn 29</h2><div class="spacer battle-history"><br></div><div class="battle-history">H is here withdrew Chinchou!<br></div><div class="battle-history">H is here sent out <strong>Mienfoo</strong>!<br></div><div class="battle-history"><small>Pointed stones dug into the opposing Mienfoo!</small><br></div><div class="spacer battle-history"><br></div><div class="battle-history">Buizel used <strong>Dig</strong>!<br></div><div class="battle-history"><small>(The opposing Mienfoo lost <abbr title="−8/23">34.8%</abbr> of its health!)</small><br></div><div class="battle-history"><small>Buizel lost some of its HP!</small><br></div><div class="spacer battle-history"><br></div><h2 class="battle-history">Turn 30</h2><div class="spacer battle-history"><br></div><div class="battle-history">H is here withdrew Mienfoo!<br></div><div class="battle-history">H is here sent out <strong>Chinchou</strong>!<br></div><div class="battle-history"><small>Pointed stones dug into the opposing Chinchou!</small><br></div><div class="spacer battle-history"><br></div><div class="battle-history">Buizel used <strong>Waterfall</strong>!<br></div><div class="battle-history"><small>[The opposing Chinchou's Water Absorb]</small><br><small>The opposing Chinchou restored its HP.</small><br></div><div class="spacer battle-history"><br></div><h2 class="battle-history">Turn 31</h2><div class="spacer battle-history"><br></div><div class="battle-history">Buizel used <strong>Baton Pass</strong>!<br></div><div class="spacer battle-history"><br></div><div class="battle-history">Go! <strong>Munchlax</strong>!<br></div><div class="battle-history"><small>Pointed stones dug into Munchlax!</small><br></div><div class="spacer battle-history"><br></div><div class="battle-history">The opposing Chinchou is fast asleep.<br></div><div class="spacer battle-history"><br></div><div class="battle-history">The opposing Chinchou used <strong>Sleep Talk</strong>!<br></div><div class="spacer battle-history"><br></div><div class="battle-history">The opposing Chinchou used <strong>Scald</strong>!<br></div><div class="battle-history"><small>(Munchlax lost <abbr title="−4/30">13.3%</abbr> of its health!)</small><br></div><div class="battle-history"><small>Munchlax was burned!</small><br></div><div class="spacer battle-history"><br></div><div class="battle-history"><small>Munchlax was hurt by its burn!</small><br></div><div class="spacer battle-history"><br></div><h2 class="battle-history">Turn 32</h2><div class="spacer battle-history"><br></div><div class="battle-history"><small>The opposing Chinchou woke up!</small><br></div><div class="spacer battle-history"><br></div><div class="battle-history">The opposing Chinchou used <strong>Volt Switch</strong>!<br></div><div class="battle-history"><small>(Munchlax lost <abbr title="−4/30">13.3%</abbr> of its health!)</small><br></div><div class="spacer battle-history"><br></div><div class="battle-history">The opposing Chinchou went back to H is here!<br></div><div class="battle-history">H is here sent out <strong>Mienfoo</strong>!<br></div><div class="battle-history"><small>Pointed stones dug into the opposing Mienfoo!</small><br></div><div class="spacer battle-history"><br></div><div class="battle-history">Munchlax used <strong>Body Slam</strong>!<br></div><div class="battle-history"><small>(The opposing Mienfoo lost <abbr title="−6/23">26.1%</abbr> of its health!)</small><br></div><div class="battle-history"><small>The opposing Mienfoo is paralyzed! It may be unable to move!</small><br></div><div class="spacer battle-history"><br></div><div class="battle-history"><small>Munchlax was hurt by its burn!</small><br></div><div class="spacer battle-history"><br></div><h2 class="battle-history">Turn 33</h2><div class="spacer battle-history"><br></div><div class="battle-history">Munchlax, come back!<br></div><div class="battle-history">Go! <strong>Mienfoo</strong>!<br></div><div class="battle-history"><small>Pointed stones dug into Mienfoo!</small><br></div><div class="spacer battle-history"><br></div><div class="battle-history">H is here withdrew Mienfoo!<br></div><div class="battle-history">H is here sent out <strong>Flabebe</strong>!<br></div><div class="battle-history"><small>Pointed stones dug into the opposing Flabebe!</small><br></div><div class="spacer battle-history"><br></div><h2 class="battle-history">Turn 34</h2><div class="spacer battle-history"><br></div><div class="battle-history">Mienfoo used <strong>Taunt</strong>!<br></div><div class="battle-history"><small>The opposing Flabebe fell for the taunt!</small><br></div><div class="spacer battle-history"><br></div><div class="battle-history">The opposing Flabebe can't use Wish after the taunt!<br></div><div class="spacer battle-history"><br></div><h2 class="battle-history">Turn 35</h2><div class="spacer battle-history"><br></div><div class="battle-history">Mienfoo used <strong>Knock Off</strong>!<br></div><div class="battle-history"><small>It's not very effective...</small><br></div><div class="battle-history"><small>(The opposing Flabebe lost <abbr title="−3/23">13.0%</abbr> of its health!)</small><br></div><div class="battle-history"><small>Mienfoo knocked off the opposing Flabebe's Eviolite!</small><br></div><div class="spacer battle-history"><br></div><div class="battle-history">The opposing Flabebe used <strong>Moonblast</strong>!<br></div><div class="battle-history"><small>It's super effective!</small><br></div><div class="battle-history"><small>(Mienfoo lost <abbr title="−18/21">85.7%</abbr> of its health!)</small><br></div><div class="spacer battle-history"><br></div><h2 class="battle-history">Turn 36</h2><div class="spacer battle-history"><br></div><div class="battle-history">Mienfoo used <strong>U-turn</strong>!<br></div><div class="battle-history"><small>It's not very effective...</small><br></div><div class="battle-history"><small>(The opposing Flabebe lost <abbr title="−3/23">13.0%</abbr> of its health!)</small><br></div><div class="spacer battle-history"><br></div><div class="battle-history">Mienfoo went back to panther2!<br></div><div class="battle-history">Go! <strong>Ferroseed</strong>!<br></div><div class="battle-history"><small>Pointed stones dug into Ferroseed!</small><br></div><div class="spacer battle-history"><br></div><div class="battle-history">The opposing Flabebe used <strong>Moonblast</strong>!<br></div><div class="battle-history"><small>It's not very effective...</small><br></div><div class="battle-history"><small>(Ferroseed lost <abbr title="−4/22">18.2%</abbr> of its health!)</small><br></div><div class="battle-history"><small>Ferroseed's Special Attack fell!</small><br></div><div class="spacer battle-history"><br></div><div class="battle-history"><small>The opposing Flabebe's taunt wore off!</small><br></div><div class="spacer battle-history"><br></div><h2 class="battle-history">Turn 37</h2><div class="spacer battle-history"><br></div><div class="battle-history">The opposing Flabebe used <strong>Heal Bell</strong>!<br></div><div class="battle-history"><small>A bell chimed!</small><br></div><div class="battle-history"><small>The opposing Mienfoo was cured of paralysis.</small><br></div><div class="spacer battle-history"><br></div><div class="battle-history">Ferroseed used <strong>Bullet Seed</strong>!<br></div><div class="battle-history"><small>A critical hit!</small><br></div><div class="battle-history"><small>(The opposing Flabebe lost <abbr title="−4/23">17.4%</abbr> of its health!)</small><br></div><div class="battle-history"><small>(The opposing Flabebe lost <abbr title="−3/23">13.0%</abbr> of its health!)</small><br></div><div class="battle-history"><small>(The opposing Flabebe lost <abbr title="−3/23">13.0%</abbr> of its health!)</small><br></div><div class="battle-history"><small>(The opposing Flabebe lost <abbr title="−3/23">13.0%</abbr> of its health!)</small><br></div><div class="battle-history"><small>Hit 4 times!</small><br></div><div class="spacer battle-history"><br></div><h2 class="battle-history">Turn 38</h2><div class="spacer battle-history"><br></div><div class="battle-history">The opposing Flabebe used <strong>Wish</strong>!<br></div><div class="spacer battle-history"><br></div><div class="battle-history">Ferroseed used <strong>Bullet Seed</strong>!<br></div><div class="battle-history"><small>(The opposing Flabebe lost <abbr title="−2/23">8.7%</abbr> of its health!)</small><br></div><div class="battle-history"><small>Hit 1 time!</small><br></div><div class="spacer battle-history"><br></div><div class="battle-history">The opposing Flabebe fainted!<br></div><div class="spacer battle-history"><br></div><div class="battle-history">H is here sent out <strong>Growlithe</strong>!<br></div><div class="battle-history"><small>Pointed stones dug into the opposing Growlithe!</small><br></div><div class="battle-history"><small>[The opposing Growlithe's Intimidate]</small><br></div><div class="battle-history"><small>Ferroseed's Attack fell!</small><br></div><div class="spacer battle-history"><br></div><h2 class="battle-history">Turn 39</h2><div class="spacer battle-history"><br></div><div class="battle-history">Ferroseed used <strong>Bullet Seed</strong>!<br></div><div class="battle-history"><small>It's not very effective...</small><br></div><div class="battle-history"><small>(The opposing Growlithe lost <abbr title="−1/25">4%</abbr> of its health!)</small><br></div><div class="battle-history"><small>It's not very effective...</small><br></div><div class="battle-history"><small>(The opposing Growlithe lost <abbr title="−1/25">4%</abbr> of its health!)</small><br></div><div class="battle-history"><small>It's not very effective...</small><br></div><div class="battle-history"><small>(The opposing Growlithe lost <abbr title="−1/25">4%</abbr> of its health!)</small><br></div><div class="battle-history"><small>Hit 3 times!</small><br></div><div class="spacer battle-history"><br></div><div class="battle-history">The opposing Growlithe used <strong>Roar</strong>!<br></div><div class="spacer battle-history"><br></div><div class="battle-history"><strong>Rufflet</strong> was dragged out!<br></div><div class="battle-history"><small>Pointed stones dug into Rufflet!</small><br></div><div class="spacer battle-history"><br></div><div class="battle-history"><small>Flabebe's wish came true!</small><br></div><div class="spacer battle-history"><br></div><h2 class="battle-history">Turn 40</h2><div class="spacer battle-history"><br></div><div class="battle-history">Rufflet used <strong>Return</strong>!<br></div><div class="battle-history"><small>The opposing Growlithe avoided the attack!</small><br></div><div class="spacer battle-history"><br></div><div class="battle-history">The opposing Growlithe used <strong>Roar</strong>!<br></div><div class="spacer battle-history"><br></div><div class="battle-history"><strong>Buizel</strong> was dragged out!<br></div><div class="battle-history"><small>Pointed stones dug into Buizel!</small><br></div><div class="spacer battle-history"><br></div><h2 class="battle-history">Turn 41</h2><div class="chat chatmessage-hishere"><strong style="color:hsl(75,70%,37.075831279999996%)"><small>★</small><span class="username" data-name="H is here">H is here</span>:</strong> <em>damn that sucks</em></div><div class="spacer battle-history"><br></div><div class="battle-history">H is here withdrew Growlithe!<br></div><div class="battle-history">H is here sent out <strong>Chinchou</strong>!<br></div><div class="battle-history"><small>Pointed stones dug into the opposing Chinchou!</small><br></div><div class="spacer battle-history"><br></div><div class="battle-history">Buizel used <strong>Dig</strong>!<br></div><div class="battle-history">Buizel burrowed its way under the ground!<br></div><div class="spacer battle-history"><br></div><h2 class="battle-history">Turn 42</h2><div class="chat chatmessage-panther2"><strong style="color:hsl(186,73%,43.283386504251%)"><small>★</small><span class="username" data-name="panther2">panther2</span>:</strong> <em>Yeah lol Still wouldnt have killed it though</em></div><div class="spacer battle-history"><br></div><div class="battle-history">H is here withdrew Chinchou!<br></div><div class="battle-history">H is here sent out <strong>Mienfoo</strong>!<br></div><div class="battle-history"><small>Pointed stones dug into the opposing Mienfoo!</small><br></div><div class="spacer battle-history"><br></div><div class="battle-history">Buizel used <strong>Dig</strong>!<br></div><div class="battle-history"><small>(The opposing Mienfoo lost <abbr title="−9/23">39.1%</abbr> of its health!)</small><br></div><div class="battle-history"><small>Buizel lost some of its HP!</small><br></div><div class="spacer battle-history"><br></div><h2 class="battle-history">Turn 43</h2><div class="chat chatmessage-hishere"><strong style="color:hsl(75,70%,37.075831279999996%)"><small>★</small><span class="username" data-name="H is here">H is here</span>:</strong> <em>pretty sure it would've</em></div><div class="spacer battle-history"><br></div><div class="battle-history">H is here withdrew Mienfoo!<br></div><div class="battle-history">H is here sent out <strong>Growlithe</strong>!<br></div><div class="battle-history"><small>Pointed stones dug into the opposing Growlithe!</small><br></div><div class="battle-history"><small>[The opposing Growlithe's Intimidate]</small><br></div><div class="battle-history"><small>Buizel's Attack fell!</small><br></div><div class="spacer battle-history"><br></div><div class="battle-history">Buizel used <strong>Waterfall</strong>!<br></div><div class="battle-history"><small>It's super effective!</small><br></div><div class="battle-history"><small>(The opposing Growlithe lost <abbr title="−10/25">40%</abbr> of its health!)</small><br></div><div class="battle-history"><small>Buizel lost some of its HP!</small><br></div><div class="spacer battle-history"><br></div><div class="battle-history">The opposing Growlithe fainted!<br></div><div class="chat chatmessage-panther2"><strong style="color:hsl(186,73%,43.283386504251%)"><small>★</small><span class="username" data-name="panther2">panther2</span>:</strong> <em>did he still have his eviolite?</em></div><div class="chat chatmessage-hishere"><strong style="color:hsl(75,70%,37.075831279999996%)"><small>★</small><span class="username" data-name="H is here">H is here</span>:</strong> <em>nop</em></div><div class="chat chatmessage-panther2"><strong style="color:hsl(186,73%,43.283386504251%)"><small>★</small><span class="username" data-name="panther2">panther2</span>:</strong> <em>okay then it would have lol I would have went aeriel ae if I would have remembered that</em></div><div class="spacer battle-history"><br></div><div class="battle-history">H is here sent out <strong>Chinchou</strong>!<br></div><div class="battle-history"><small>Pointed stones dug into the opposing Chinchou!</small><br></div><div class="spacer battle-history"><br></div><h2 class="battle-history">Turn 44</h2><div class="spacer battle-history"><br></div><div class="battle-history">Buizel used <strong>Dig</strong>!<br></div><div class="battle-history">Buizel burrowed its way under the ground!<br></div><div class="spacer battle-history"><br></div><div class="battle-history">The opposing Chinchou used <strong>Volt Switch</strong>!<br></div><div class="battle-history"><small>Buizel avoided the attack!</small><br></div><div class="spacer battle-history"><br></div><h2 class="battle-history">Turn 45</h2><div class="spacer battle-history"><br></div><div class="battle-history">Buizel used <strong>Dig</strong>!<br></div><div class="battle-history"><small>It's super effective!</small><br></div><div class="battle-history"><small>(The opposing Chinchou lost <abbr title="−10/27">37.0%</abbr> of its health!)</small><br></div><div class="battle-history"><small>Buizel lost some of its HP!</small><br></div><div class="spacer battle-history"><br></div><div class="battle-history">The opposing Chinchou used <strong>Volt Switch</strong>!<br></div><div class="battle-history"><small>It's super effective!</small><br></div><div class="battle-history"><small>(Buizel lost <abbr title="−10/22">45.5%</abbr> of its health!)</small><br></div><div class="spacer battle-history"><br></div><div class="battle-history">Buizel fainted!<br></div><div class="spacer battle-history"><br></div><div class="battle-history">The opposing Chinchou went back to H is here!<br></div><div class="battle-history">H is here sent out <strong>Munchlax</strong>!<br></div><div class="battle-history"><small>Pointed stones dug into the opposing Munchlax!</small><br></div><div class="chat chatmessage-panther2"><strong style="color:hsl(186,73%,43.283386504251%)"><small>★</small><span class="username" data-name="panther2">panther2</span>:</strong> <em>shit i calced with berrry juice</em></div><div class="spacer battle-history"><br></div><div class="battle-history">Go! <strong>Mienfoo</strong>!<br></div><div class="battle-history"><small>Pointed stones dug into Mienfoo!</small><br></div><div class="spacer battle-history"><br></div><h2 class="battle-history">Turn 46</h2><div class="spacer battle-history"><br></div><div class="battle-history">Mienfoo used <strong>Drain Punch</strong>!<br></div><div class="battle-history"><small>It's super effective!</small><br></div><div class="battle-history"><small>The opposing Munchlax ate its Chople Berry!</small><br></div><div class="battle-history"><small>The Chople Berry weakened the damage to the opposing Munchlax!</small><br></div><div class="battle-history"><small>(The opposing Munchlax lost <abbr title="−9/33">27.3%</abbr> of its health!)</small><br></div><div class="battle-history"><small>The opposing Munchlax had its energy drained!</small><br></div><div class="spacer battle-history"><br></div><div class="battle-history">The opposing Munchlax used <strong>Body Slam</strong>!<br></div><div class="battle-history"><small>(Mienfoo lost <abbr title="−9/21">42.9%</abbr> of its health!)</small><br></div><div class="spacer battle-history"><br></div><h2 class="battle-history">Turn 47</h2><div class="spacer battle-history"><br></div><div class="battle-history">Mienfoo used <strong>Drain Punch</strong>!<br></div><div class="battle-history"><small>It's super effective!</small><br></div><div class="battle-history"><small>(The opposing Munchlax lost <abbr title="−18/33">54.5%</abbr> of its health!)</small><br></div><div class="battle-history"><small>The opposing Munchlax had its energy drained!</small><br></div><div class="spacer battle-history"><br></div><div class="battle-history">The opposing Munchlax used <strong>Body Slam</strong>!<br></div><div class="battle-history"><small>(Mienfoo lost <abbr title="−7/21">33.3%</abbr> of its health!)</small><br></div><div class="spacer battle-history"><br></div><h2 class="battle-history">Turn 48</h2><div class="spacer battle-history"><br></div><div class="battle-history">Mienfoo used <strong>Drain Punch</strong>!<br></div><div class="battle-history"><small>It's super effective!</small><br></div><div class="battle-history"><small>(The opposing Munchlax lost <abbr title="−2/33">6.1%</abbr> of its health!)</small><br></div><div class="battle-history"><small>The opposing Munchlax had its energy drained!</small><br></div><div class="spacer battle-history"><br></div><div class="battle-history">The opposing Munchlax fainted!<br></div><div class="spacer battle-history"><br></div><div class="battle-history">H is here sent out <strong>Mienfoo</strong>!<br></div><div class="battle-history"><small>Pointed stones dug into the opposing Mienfoo!</small><br></div><div class="spacer battle-history"><br></div><h2 class="battle-history">Turn 49</h2><div class="spacer battle-history"><br></div><div class="battle-history">Mienfoo, come back!<br></div><div class="battle-history">Go! <strong>Rufflet</strong>!<br></div><div class="battle-history"><small>Pointed stones dug into Rufflet!</small><br></div><div class="spacer battle-history"><br></div><div class="battle-history">Rufflet fainted!<br></div><div class="battle-history">The opposing Mienfoo used <strong>Drain Punch</strong>!<br></div><div class="battle-history"><small>But there was no target...</small><br></div><div class="spacer battle-history"><br></div><div class="battle-history">Go! <strong>Mienfoo</strong>!<br></div><div class="battle-history"><small>Pointed stones dug into Mienfoo!</small><br></div><div class="spacer battle-history"><br></div><h2 class="battle-history">Turn 50</h2><div class="spacer battle-history"><br></div><div class="battle-history">Mienfoo used <strong>Knock Off</strong>!<br></div><div class="battle-history"><small>It's not very effective...</small><br></div><div class="battle-history"><small>(The opposing Mienfoo lost <abbr title="−3/23">13.0%</abbr> of its health!)</small><br></div><div class="battle-history"><small>Mienfoo knocked off the opposing Mienfoo's Eviolite!</small><br></div><div class="spacer battle-history"><br></div><div class="battle-history">The opposing Mienfoo used <strong>Drain Punch</strong>!<br></div><div class="battle-history"><small>(Mienfoo lost <abbr title="−7/21">33.3%</abbr> of its health!)</small><br></div><div class="battle-history"><small>Mienfoo had its energy drained!</small><br></div><div class="spacer battle-history"><br></div><h2 class="battle-history">Turn 51</h2><div class="chat chatmessage-panther2"><strong style="color:hsl(186,73%,43.283386504251%)"><small>★</small><span class="username" data-name="panther2">panther2</span>:</strong> <em>welp gg either way right here</em></div><div class="spacer battle-history"><br></div><div class="battle-history">Mienfoo used <strong>Drain Punch</strong>!<br></div><div class="battle-history"><small>(The opposing Mienfoo lost <abbr title="−10/23">43.5%</abbr> of its health!)</small><br></div><div class="battle-history"><small>The opposing Mienfoo had its energy drained!</small><br></div><div class="spacer battle-history"><br></div><div class="battle-history">The opposing Mienfoo used <strong>Substitute</strong>!<br></div><div class="battle-history"><small>The opposing Mienfoo put in a substitute!</small><br></div><div class="battle-history"><small>(The opposing Mienfoo lost <abbr title="−5/23">21.7%</abbr> of its health!)</small><br></div><div class="spacer battle-history"><br></div><h2 class="battle-history">Turn 52</h2><div class="spacer battle-history"><br></div><div class="battle-history">Mienfoo used <strong>Drain Punch</strong>!<br></div><div class="battle-history"><small>The opposing Mienfoo's substitute faded!</small><br></div><div class="battle-history"><small>The opposing Mienfoo had its energy drained!</small><br></div><div class="spacer battle-history"><br></div><div class="battle-history">The opposing Mienfoo used <strong>Drain Punch</strong>!<br></div><div class="battle-history"><small>(Mienfoo lost <abbr title="−7/21">33.3%</abbr> of its health!)</small><br></div><div class="battle-history"><small>Mienfoo had its energy drained!</small><br></div><div class="spacer battle-history"><br></div><h2 class="battle-history">Turn 53</h2><div class="spacer battle-history"><br></div><div class="battle-history">H is here withdrew Mienfoo!<br></div><div class="battle-history">H is here sent out <strong>Chinchou</strong>!<br></div><div class="battle-history"><small>Pointed stones dug into the opposing Chinchou!</small><br></div><div class="spacer battle-history"><br></div><div class="battle-history">Mienfoo used <strong>Drain Punch</strong>!<br></div><div class="battle-history"><small>(The opposing Chinchou lost <abbr title="−8/27">29.6%</abbr> of its health!)</small><br></div><div class="battle-history"><small>The opposing Chinchou had its energy drained!</small><br></div><div class="spacer battle-history"><br></div><div class="battle-history">The opposing Chinchou fainted!<br></div><div class="spacer battle-history"><br></div><div class="battle-history">H is here sent out <strong>Mienfoo</strong>!<br></div><div class="battle-history"><small>Pointed stones dug into the opposing Mienfoo!</small><br></div><div class="spacer battle-history"><br></div><h2 class="battle-history">Turn 54</h2><div class="spacer battle-history"><br></div><div class="battle-history">Mienfoo used <strong>Drain Punch</strong>!<br></div><div class="battle-history"><small>(The opposing Mienfoo lost <abbr title="−9/23">39.1%</abbr> of its health!)</small><br></div><div class="battle-history"><small>The opposing Mienfoo had its energy drained!</small><br></div><div class="spacer battle-history"><br></div><div class="battle-history">The opposing Mienfoo used <strong>Drain Punch</strong>!<br></div><div class="battle-history"><small>(Mienfoo lost <abbr title="−7/21">33.3%</abbr> of its health!)</small><br></div><div class="battle-history"><small>Mienfoo had its energy drained!</small><br></div><div class="spacer battle-history"><br></div><h2 class="battle-history">Turn 55</h2><div class="chat chatmessage-panther2"><strong style="color:hsl(186,73%,43.283386504251%)"><small>★</small><span class="username" data-name="panther2">panther2</span>:</strong> <em>no speed?</em></div><div class="spacer battle-history"><br></div><div class="battle-history">Mienfoo used <strong>Drain Punch</strong>!<br></div><div class="battle-history"><small>(The opposing Mienfoo lost <abbr title="−7/23">30.4%</abbr> of its health!)</small><br></div><div class="battle-history"><small>The opposing Mienfoo had its energy drained!</small><br></div><div class="spacer battle-history"><br></div><div class="battle-history">The opposing Mienfoo fainted!<br></div><div class="spacer battle-history"><br></div><div class="battle-history"><strong>panther2</strong> won the battle!<br></div><div class="chat chatmessage-hishere"><strong style="color:hsl(75,70%,37.075831279999996%)"><small>★</small><span class="username" data-name="H is here">H is here</span>:</strong> <em>nop</em></div><div class="chat chatmessage-panther2"><strong style="color:hsl(186,73%,43.283386504251%)"><small>★</small><span class="username" data-name="panther2">panther2</span>:</strong> <em>gg man</em></div><div class="chat chatmessage-hishere"><strong style="color:hsl(75,70%,37.075831279999996%)"><small>★</small><span class="username" data-name="H is here">H is here</span>:</strong> <em>gg</em></div><div class="chat chatmessage-panther2"><strong style="color:hsl(186,73%,43.283386504251%)"><small>★</small><span class="username" data-name="panther2">panther2</span>:</strong> <em>thought it was gonna come down to the ties</em></div></div><div class="inner-preempt"></div></div></div>
</div>
<script>
let daily = Math.floor(Date.now()/1000/60/60/24);document.write('<script src="https://play.pokemonshowdown.com/js/replay-embed.js?version'+daily+'"></'+'script>');
</script>
