<!DOCTYPE html>
<meta charset="utf-8" />
<!-- version 1 -->
<title>LC replay: kereztlyz_XD vs. Zorrito</title>
<style>
html,body {font-family:Verdana, sans-serif;font-size:10pt;margin:0;padding:0;}body{padding:12px 0;} .battle-log {font-family:Verdana, sans-serif;font-size:10pt;} .battle-log-inline {border:1px solid #AAAAAA;background:#EEF2F5;color:black;max-width:640px;margin:0 auto 80px;padding-bottom:5px;} .battle-log .inner {padding:4px 8px 0px 8px;} .battle-log .inner-preempt {padding:0 8px 4px 8px;} .battle-log .inner-after {margin-top:0.5em;} .battle-log h2 {margin:0.5em -8px;padding:4px 8px;border:1px solid #AAAAAA;background:#E0E7EA;border-left:0;border-right:0;font-family:Verdana, sans-serif;font-size:13pt;} .battle-log .chat {vertical-align:middle;padding:3px 0 3px 0;font-size:8pt;} .battle-log .chat strong {color:#40576A;} .battle-log .chat em {padding:1px 4px 1px 3px;color:#000000;font-style:normal;} .chat.mine {background:rgba(0,0,0,0.05);margin-left:-8px;margin-right:-8px;padding-left:8px;padding-right:8px;} .spoiler {color:#BBBBBB;background:#BBBBBB;padding:0px 3px;} .spoiler:hover, .spoiler:active, .spoiler-shown {color:#000000;background:#E2E2E2;padding:0px 3px;} .spoiler a {color:#BBBBBB;} .spoiler:hover a, .spoiler:active a, .spoiler-shown a {color:#2288CC;} .chat code, .chat .spoiler:hover code, .chat .spoiler:active code, .chat .spoiler-shown code {border:1px solid #C0C0C0;background:#EEEEEE;color:black;padding:0 2px;} .chat .spoiler code {border:1px solid #CCCCCC;background:#CCCCCC;color:#CCCCCC;} .battle-log .rated {padding:3px 4px;} .battle-log .rated strong {color:white;background:#89A;padding:1px 4px;border-radius:4px;} .spacer {margin-top:0.5em;} .message-announce {background:#6688AA;color:white;padding:1px 4px 2px;} .message-announce a, .broadcast-green a, .broadcast-blue a, .broadcast-red a {color:#DDEEFF;} .broadcast-green {background-color:#559955;color:white;padding:2px 4px;} .broadcast-blue {background-color:#6688AA;color:white;padding:2px 4px;} .infobox {border:1px solid #6688AA;padding:2px 4px;} .infobox-limited {max-height:200px;overflow:auto;overflow-x:hidden;} .broadcast-red {background-color:#AA5544;color:white;padding:2px 4px;} .message-learn-canlearn {font-weight:bold;color:#228822;text-decoration:underline;} .message-learn-cannotlearn {font-weight:bold;color:#CC2222;text-decoration:underline;} .message-effect-weak {font-weight:bold;color:#CC2222;} .message-effect-resist {font-weight:bold;color:#6688AA;} .message-effect-immune {font-weight:bold;color:#666666;} .message-learn-list {margin-top:0;margin-bottom:0;} .message-throttle-notice, .message-error {color:#992222;} .message-overflow, .chat small.message-overflow {font-size:0pt;} .message-overflow::before {font-size:9pt;content:'...';} .subtle {color:#3A4A66;}
</style>
<div class="wrapper replay-wrapper" style="max-width:1180px;margin:0 auto">
<input type="hidden" name="replayid" value="lc-485235615" />
<div class="battle"></div><div class="battle-log"></div><div class="replay-controls"></div><div class="replay-controls-2"></div>
<h1 style="font-weight:normal;text-align:center"><strong>LC</strong><br /><a href="http://pokemonshowdown.com/users/kereztlyzxd" class="subtle" target="_blank">kereztlyz_XD</a> vs. <a href="http://pokemonshowdown.com/users/zorrito" class="subtle" target="_blank">Zorrito</a></h1>
<script type="text/plain" class="battle-log-data">|j|kereztlyz_XD
|j|Zorrito
|player|p1|kereztlyz_XD|162
|player|p2|Zorrito|2
|gametype|singles
|gen|6
|tier|LC
|seed|30963,57832,41260,18892
|clearpoke
|poke|p1|Dwebble, L5, M, shiny|item
|poke|p1|Mienfoo, L5, M, shiny|item
|poke|p1|Chinchou, L5, F, shiny|item
|poke|p1|Fletchling, L5, F, shiny|
|poke|p1|Pawniard, L5, F, shiny|item
|poke|p1|Gastly, L5, M, shiny|item
|poke|p2|Koffing, L5, F|item
|poke|p2|Vulpix, L5, M, shiny|item
|poke|p2|Fletchling, L5, F|
|poke|p2|Spritzee, L5, F|item
|poke|p2|Dratini, L5, M|item
|poke|p2|Mienfoo, L5, M|item
|rule|Sleep Clause Mod: Limit one foe put to sleep
|rule|Species Clause: Limit one of each Pokémon
|rule|OHKO Clause: OHKO moves are banned
|rule|Moody Clause: Moody is banned
|rule|Evasion Moves Clause: Evasion moves are banned
|rule|Endless Battle Clause: Forcing endless battles is banned
|rule|HP Percentage Mod: HP is shown in percentages
|teampreview
|c|★kereztlyz_XD|:VVVVVVV
|choice|team 1, team 2, team 3, team 4, team 5, team 6|team 1, team 2, team 3, team 4, team 5, team 6
|
|start
|switch|p1a: don cangrejo|Dwebble, L5, M, shiny|21\/21
|switch|p2a: Globin|Koffing, L5, F|21\/21
|turn|1
|choice|move spikes|move willowisp
|
|move|p1a: don cangrejo|Spikes|p2a: Globin
|-sidestart|p2: Zorrito|Spikes
|move|p2a: Globin|Will-O-Wisp|p1a: don cangrejo
|-status|p1a: don cangrejo|brn
|
|-damage|p1a: don cangrejo|19\/21 brn|[from] brn
|turn|2
|choice|move spikes|switch 6
|
|switch|p2a: Jet Lee|Mienfoo, L5, M|22\/22
|-damage|p2a: Jet Lee|20\/22|[from] Spikes
|move|p1a: don cangrejo|Spikes|p2a: Jet Lee
|-sidestart|p2: Zorrito|Spikes
|
|-damage|p1a: don cangrejo|17\/21 brn|[from] brn
|turn|3
|choice|move spikes|move fakeout
|
|move|p2a: Jet Lee|Fake Out|p1a: don cangrejo
|-resisted|p1a: don cangrejo
|-damage|p1a: don cangrejo|15\/21 brn
|cant|p1a: don cangrejo|flinch
|
|-damage|p1a: don cangrejo|13\/21 brn|[from] brn
|turn|4
|choice|move spikes|move knockoff
|
|move|p1a: don cangrejo|Spikes|p2a: Jet Lee
|-sidestart|p2: Zorrito|Spikes
|move|p2a: Jet Lee|Knock Off|p1a: don cangrejo
|-damage|p1a: don cangrejo|3\/21 brn
|-enditem|p1a: don cangrejo|Berry Juice|[from] move: Knock Off|[of] p2a: Jet Lee
|
|-damage|p1a: don cangrejo|1\/21 brn|[from] brn
|turn|5
|c|★Zorrito|Khe
|choice|move earthquake|switch 5
|
|switch|p2a: Babosa|Dratini, L5, M|23\/23
|-damage|p2a: Babosa|18\/23|[from] Spikes
|move|p1a: don cangrejo|Earthquake|p2a: Babosa
|-damage|p2a: Babosa|14\/23
|
|-damage|p1a: don cangrejo|0 fnt|[from] brn
|faint|p1a: don cangrejo
|choice|switch 6|
|
|switch|p1a: gasparin|Gastly, L5, M, shiny|19\/19
|turn|6
|choice|move dazzlinggleam|move dragondance
|
|move|p1a: gasparin|Dazzling Gleam|p2a: Babosa
|-supereffective|p2a: Babosa
|-damage|p2a: Babosa|2\/23
|move|p2a: Babosa|Dragon Dance|p2a: Babosa
|-boost|p2a: Babosa|atk|1
|-boost|p2a: Babosa|spe|1
|
|turn|7
|choice|move dazzlinggleam|move outrage
|
|move|p1a: gasparin|Dazzling Gleam|p2a: Babosa
|-supereffective|p2a: Babosa
|-damage|p2a: Babosa|0 fnt
|faint|p2a: Babosa
|
|choice||switch 3
|
|switch|p2a: Fletchling|Fletchling, L5, F|22\/22
|turn|8
|choice|move shadowball|move acrobatics
|
|move|p2a: Fletchling|Acrobatics|p1a: gasparin
|-damage|p1a: gasparin|1\/19
|move|p1a: gasparin|Shadow Ball|p2a: Fletchling
|-immune|p2a: Fletchling|[msg]
|
|turn|9
|choice|move dazzlinggleam|move swordsdance
|
|move|p1a: gasparin|Dazzling Gleam|p2a: Fletchling
|-damage|p2a: Fletchling|10\/22
|move|p2a: Fletchling|Swords Dance|p2a: Fletchling
|-boost|p2a: Fletchling|atk|2
|
|turn|10
|choice|move dazzlinggleam|switch 4
|
|switch|p2a: Spritzee|Spritzee, L5, F|24\/24
|-damage|p2a: Spritzee|18\/24|[from] Spikes
|move|p1a: gasparin|Dazzling Gleam|p2a: Spritzee
|-damage|p2a: Spritzee|10\/24
|-enditem|p2a: Spritzee|Berry Juice
|-heal|p2a: Spritzee|24\/24|[from] item: Berry Juice
|
|turn|11
|choice|move shadowball|move trickroom
|
|move|p1a: gasparin|Shadow Ball|p2a: Spritzee
|-damage|p2a: Spritzee|12\/24
|move|p2a: Spritzee|Trick Room|p2a: Spritzee
|-fieldstart|move: Trick Room|[of] p2a: Spritzee
|
|turn|12
|choice|move shadowball|move moonblast
|
|move|p2a: Spritzee|Moonblast|p1a: gasparin
|-resisted|p1a: gasparin
|-damage|p1a: gasparin|0 fnt
|faint|p1a: gasparin
|
|choice|switch 4|
|
|switch|p1a: pussy destroyer|Fletchling, L5, F, shiny|23\/23
|turn|13
|choice|move acrobatics|move moonblast
|
|move|p1a: pussy destroyer|Acrobatics|p2a: Spritzee
|-damage|p2a: Spritzee|0 fnt
|faint|p2a: Spritzee
|
|choice||switch 6
|
|switch|p2a: Globin|Koffing, L5, F|21\/21
|turn|14
|choice|move acrobatics|move willowisp
|
|move|p1a: pussy destroyer|Acrobatics|p2a: Globin
|-damage|p2a: Globin|8\/21
|move|p2a: Globin|Will-O-Wisp|p1a: pussy destroyer
|-status|p1a: pussy destroyer|brn
|
|-heal|p2a: Globin|9\/21|[from] item: Black Sludge
|-damage|p1a: pussy destroyer|21\/23 brn|[from] brn
|turn|15
|choice|move acrobatics|move infestation
|
|move|p1a: pussy destroyer|Acrobatics|p2a: Globin
|-damage|p2a: Globin|3\/21
|move|p2a: Globin|Infestation|p1a: pussy destroyer
|-resisted|p1a: pussy destroyer
|-damage|p1a: pussy destroyer|20\/23 brn
|-activate|p1a: pussy destroyer|move: Infestation|[of] p2a: Globin
|
|-heal|p2a: Globin|4\/21|[from] item: Black Sludge
|-damage|p1a: pussy destroyer|18\/23 brn|[from] brn
|-damage|p1a: pussy destroyer|16\/23 brn|[from] move: Infestation|[partiallytrapped]
|-fieldend|move: Trick Room
|turn|16
|choice|move acrobatics|move memento
|
|move|p1a: pussy destroyer|Acrobatics|p2a: Globin
|-damage|p2a: Globin|0 fnt
|faint|p2a: Globin
|
|-damage|p1a: pussy destroyer|14\/23 brn|[from] brn
|choice||switch 5
|
|switch|p2a: Jet Lee|Mienfoo, L5, M|22\/22
|-damage|p2a: Jet Lee|17\/22|[from] Spikes
|turn|17
|choice|move acrobatics|move fakeout
|
|move|p2a: Jet Lee|Fake Out|p1a: pussy destroyer
|-damage|p1a: pussy destroyer|9\/23 brn
|cant|p1a: pussy destroyer|flinch
|
|-damage|p1a: pussy destroyer|7\/23 brn|[from] brn
|turn|18
|choice|move acrobatics|move rockslide
|
|move|p1a: pussy destroyer|Acrobatics|p2a: Jet Lee
|-supereffective|p2a: Jet Lee
|-damage|p2a: Jet Lee|2\/22
|move|p2a: Jet Lee|Rock Slide|p1a: pussy destroyer
|-supereffective|p1a: pussy destroyer
|-damage|p1a: pussy destroyer|0 fnt
|faint|p1a: pussy destroyer
|
|choice|switch 5|
|
|switch|p1a: cara de puño|Pawniard, L5, F, shiny|22\/22
|turn|19
|choice|move knockoff|switch 4
|
|switch|p2a: Fletchling|Fletchling, L5, F|10\/22
|move|p1a: cara de puño|Knock Off|p2a: Fletchling
|-damage|p2a: Fletchling|0 fnt
|faint|p2a: Fletchling
|
|choice||switch 4
|
|switch|p2a: Jet Lee|Mienfoo, L5, M|9\/22
|-damage|p2a: Jet Lee|4\/22|[from] Spikes
|turn|20
|choice|move knockoff|move fakeout
|
|move|p2a: Jet Lee|Fake Out|p1a: cara de puño
|-resisted|p1a: cara de puño
|-damage|p1a: cara de puño|20\/22
|cant|p1a: cara de puño|flinch
|
|turn|21
|choice|move knockoff|move highjumpkick
|
|move|p1a: cara de puño|Knock Off|p2a: Jet Lee
|-resisted|p2a: Jet Lee
|-damage|p2a: Jet Lee|0 fnt
|-enditem|p2a: Jet Lee|Assault Vest|[from] move: Knock Off|[of] p1a: cara de puño
|faint|p2a: Jet Lee
|
|choice||switch 2
|
|switch|p2a: Zorra|Vulpix, L5, M, shiny|20\/20
|-damage|p2a: Zorra|15\/20|[from] Spikes
|-weather|SunnyDay|[from] ability: Drought|[of] p2a: Zorra
|turn|22
|choice|move knockoff|move fireblast
|
|move|p1a: cara de puño|Knock Off|p2a: Zorra
|-damage|p2a: Zorra|0 fnt
|-enditem|p2a: Zorra|Choice Scarf|[from] move: Knock Off|[of] p1a: cara de puño
|faint|p2a: Zorra
|
|win|kereztlyz_XD
|player|p1
|player|p2
|c|★Zorrito|gg
|l|Zorrito</script>
</div>
<div class="battle-log battle-log-inline"><div class="inner"><div class="battle-options"></div><div class="inner"><div class="chat"><small>kereztlyz_XD joined.</small></div><div class="chat"><small>Zorrito joined.</small></div><div class=""><small>Format:</small> <br><strong>LC</strong></div><div class=""><small><em>Sleep Clause Mod:</em> Limit one foe put to sleep</small></div><div class=""><small><em>Species Clause:</em> Limit one of each Pokémon</small></div><div class=""><small><em>OHKO Clause:</em> OHKO moves are banned</small></div><div class=""><small><em>Moody Clause:</em> Moody is banned</small></div><div class=""><small><em>Evasion Moves Clause:</em> Evasion moves are banned</small></div><div class=""><small><em>Endless Battle Clause:</em> Forcing endless battles is banned</small></div><div class=""><small><em>HP Percentage Mod:</em> HP is shown in percentages</small></div><div class="chat battle-history"><strong>kereztlyz_XD's team:</strong> <em style="color:#445566;display:block;">Dwebble / Mienfoo / Chinchou / Fletchling / Pawniard / Gastly</em></div><div class="chat battle-history"><strong>Zorrito's team:</strong> <em style="color:#445566;display:block;">Koffing / Vulpix / Fletchling / Spritzee / Dratini / Mienfoo</em></div><div class="chat chatmessage-kereztlyzxd"><strong style="color:hsl(128,48%,43.9139232420148%)"><small>★</small><span class="username" data-name="kereztlyz_XD">kereztlyz_XD</span>:</strong> <em>:VVVVVVV</em></div><div class="spacer battle-history"><br></div><div class="battle-history">Battle started between kereztlyz_XD and Zorrito!<br></div><div class="spacer battle-history"><br></div><div class="battle-history">Go! don cangrejo (<strong>Dwebble</strong>)!<br></div><div class="spacer battle-history"><br></div><div class="battle-history">Zorrito sent out Globin (<strong>Koffing</strong>)!<br></div><div class="spacer battle-history"><br></div><h2 class="battle-history">Turn 1</h2><div class="spacer battle-history"><br></div><div class="battle-history">don cangrejo used <strong>Spikes</strong>!<br></div><div class="battle-history"><small>Spikes were scattered on the ground all around the opposing team!</small><br></div><div class="spacer battle-history"><br></div><div class="battle-history">The opposing Globin used <strong>Will-O-Wisp</strong>!<br></div><div class="battle-history"><small>don cangrejo was burned!</small><br></div><div class="spacer battle-history"><br></div><div class="battle-history"><small>don cangrejo was hurt by its burn!</small><br></div><div class="spacer battle-history"><br></div><h2 class="battle-history">Turn 2</h2><div class="spacer battle-history"><br></div><div class="battle-history">Zorrito withdrew Globin!<br></div><div class="battle-history">Zorrito sent out Jet Lee (<strong>Mienfoo</strong>)!<br></div><div class="battle-history"><small>The opposing Jet Lee is hurt by the spikes!</small><br></div><div class="spacer battle-history"><br></div><div class="battle-history">don cangrejo used <strong>Spikes</strong>!<br></div><div class="battle-history"><small>Spikes were scattered on the ground all around the opposing team!</small><br></div><div class="spacer battle-history"><br></div><div class="battle-history"><small>don cangrejo was hurt by its burn!</small><br></div><div class="spacer battle-history"><br></div><h2 class="battle-history">Turn 3</h2><div class="spacer battle-history"><br></div><div class="battle-history">The opposing Jet Lee used <strong>Fake Out</strong>!<br></div><div class="battle-history"><small>It's not very effective...</small><br></div><div class="battle-history"><small>(don cangrejo lost <abbr title="−2/21">9.5%</abbr> of its health!)</small><br></div><div class="spacer battle-history"><br></div><div class="battle-history">don cangrejo flinched and couldn't move!<br></div><div class="spacer battle-history"><br></div><div class="battle-history"><small>don cangrejo was hurt by its burn!</small><br></div><div class="spacer battle-history"><br></div><h2 class="battle-history">Turn 4</h2><div class="spacer battle-history"><br></div><div class="battle-history">don cangrejo used <strong>Spikes</strong>!<br></div><div class="battle-history"><small>Spikes were scattered on the ground all around the opposing team!</small><br></div><div class="spacer battle-history"><br></div><div class="battle-history">The opposing Jet Lee used <strong>Knock Off</strong>!<br></div><div class="battle-history"><small>(don cangrejo lost <abbr title="−10/21">47.6%</abbr> of its health!)</small><br></div><div class="battle-history"><small>The opposing Jet Lee knocked off don cangrejo's Berry Juice!</small><br></div><div class="spacer battle-history"><br></div><div class="battle-history"><small>don cangrejo was hurt by its burn!</small><br></div><div class="spacer battle-history"><br></div><h2 class="battle-history">Turn 5</h2><div class="chat chatmessage-zorrito"><strong style="color:hsl(248,80%,60.603514827298135%)"><small>★</small><span class="username" data-name="Zorrito">Zorrito</span>:</strong> <em>Khe</em></div><div class="spacer battle-history"><br></div><div class="battle-history">Zorrito withdrew Jet Lee!<br></div><div class="battle-history">Zorrito sent out Babosa (<strong>Dratini</strong>)!<br></div><div class="battle-history"><small>The opposing Babosa is hurt by the spikes!</small><br></div><div class="spacer battle-history"><br></div><div class="battle-history">don cangrejo used <strong>Earthquake</strong>!<br></div><div class="battle-history"><small>(The opposing Babosa lost <abbr title="−4/23">17.4%</abbr> of its health!)</small><br></div><div class="spacer battle-history"><br></div><div class="battle-history"><small>don cangrejo was hurt by its burn!</small><br></div><div class="spacer battle-history"><br></div><div class="battle-history">don cangrejo fainted!<br></div><div class="spacer battle-history"><br></div><div class="battle-history">Go! gasparin (<strong>Gastly</strong>)!<br></div><div class="spacer battle-history"><br></div><h2 class="battle-history">Turn 6</h2><div class="spacer battle-history"><br></div><div class="battle-history">gasparin used <strong>Dazzling Gleam</strong>!<br></div><div class="battle-history"><small>It's super effective!</small><br></div><div class="battle-history"><small>(The opposing Babosa lost <abbr title="−12/23">52.2%</abbr> of its health!)</small><br></div><div class="spacer battle-history"><br></div><div class="battle-history">The opposing Babosa used <strong>Dragon Dance</strong>!<br></div><div class="battle-history"><small>The opposing Babosa's Attack rose!</small><br></div><div class="battle-history"><small>The opposing Babosa's Speed rose!</small><br></div><div class="spacer battle-history"><br></div><h2 class="battle-history">Turn 7</h2><div class="spacer battle-history"><br></div><div class="battle-history">gasparin used <strong>Dazzling Gleam</strong>!<br></div><div class="battle-history"><small>It's super effective!</small><br></div><div class="battle-history"><small>(The opposing Babosa lost <abbr title="−2/23">8.7%</abbr> of its health!)</small><br></div><div class="spacer battle-history"><br></div><div class="battle-history">The opposing Babosa fainted!<br></div><div class="spacer battle-history"><br></div><div class="battle-history">Zorrito sent out <strong>Fletchling</strong>!<br></div><div class="spacer battle-history"><br></div><h2 class="battle-history">Turn 8</h2><div class="spacer battle-history"><br></div><div class="battle-history">The opposing Fletchling used <strong>Acrobatics</strong>!<br></div><div class="battle-history"><small>(gasparin lost <abbr title="−18/19">94.7%</abbr> of its health!)</small><br></div><div class="spacer battle-history"><br></div><div class="battle-history">gasparin used <strong>Shadow Ball</strong>!<br></div><div class="battle-history"><small>It doesn't affect the opposing Fletchling...</small><br></div><div class="spacer battle-history"><br></div><h2 class="battle-history">Turn 9</h2><div class="spacer battle-history"><br></div><div class="battle-history">gasparin used <strong>Dazzling Gleam</strong>!<br></div><div class="battle-history"><small>(The opposing Fletchling lost <abbr title="−12/22">54.5%</abbr> of its health!)</small><br></div><div class="spacer battle-history"><br></div><div class="battle-history">The opposing Fletchling used <strong>Swords Dance</strong>!<br></div><div class="battle-history"><small>The opposing Fletchling's Attack rose sharply!</small><br></div><div class="spacer battle-history"><br></div><h2 class="battle-history">Turn 10</h2><div class="spacer battle-history"><br></div><div class="battle-history">Zorrito withdrew Fletchling!<br></div><div class="battle-history">Zorrito sent out <strong>Spritzee</strong>!<br></div><div class="battle-history"><small>The opposing Spritzee is hurt by the spikes!</small><br></div><div class="spacer battle-history"><br></div><div class="battle-history">gasparin used <strong>Dazzling Gleam</strong>!<br></div><div class="battle-history"><small>(The opposing Spritzee lost <abbr title="−8/24">33.3%</abbr> of its health!)</small><br></div><div class="battle-history"><small>(The opposing Spritzee used its Berry Juice!)</small><br></div><div class="battle-history"><small>The opposing Spritzee restored HP using its Berry Juice!</small><br></div><div class="spacer battle-history"><br></div><h2 class="battle-history">Turn 11</h2><div class="spacer battle-history"><br></div><div class="battle-history">gasparin used <strong>Shadow Ball</strong>!<br></div><div class="battle-history"><small>(The opposing Spritzee lost <abbr title="−12/24">50%</abbr> of its health!)</small><br></div><div class="spacer battle-history"><br></div><div class="battle-history">The opposing Spritzee used <strong>Trick Room</strong>!<br></div><div class="battle-history"><small>The opposing Spritzee twisted the dimensions!</small><br></div><div class="spacer battle-history"><br></div><h2 class="battle-history">Turn 12</h2><div class="spacer battle-history"><br></div><div class="battle-history">The opposing Spritzee used <strong>Moonblast</strong>!<br></div><div class="battle-history"><small>It's not very effective...</small><br></div><div class="battle-history"><small>(gasparin lost <abbr title="−1/19">5.3%</abbr> of its health!)</small><br></div><div class="spacer battle-history"><br></div><div class="battle-history">gasparin fainted!<br></div><div class="spacer battle-history"><br></div><div class="battle-history">Go! pussy destroyer (<strong>Fletchling</strong>)!<br></div><div class="spacer battle-history"><br></div><h2 class="battle-history">Turn 13</h2><div class="spacer battle-history"><br></div><div class="battle-history">pussy destroyer used <strong>Acrobatics</strong>!<br></div><div class="battle-history"><small>(The opposing Spritzee lost <abbr title="−12/24">50%</abbr> of its health!)</small><br></div><div class="spacer battle-history"><br></div><div class="battle-history">The opposing Spritzee fainted!<br></div><div class="spacer battle-history"><br></div><div class="battle-history">Zorrito sent out Globin (<strong>Koffing</strong>)!<br></div><div class="spacer battle-history"><br></div><h2 class="battle-history">Turn 14</h2><div class="spacer battle-history"><br></div><div class="battle-history">pussy destroyer used <strong>Acrobatics</strong>!<br></div><div class="battle-history"><small>(The opposing Globin lost <abbr title="−13/21">61.9%</abbr> of its health!)</small><br></div><div class="spacer battle-history"><br></div><div class="battle-history">The opposing Globin used <strong>Will-O-Wisp</strong>!<br></div><div class="battle-history"><small>pussy destroyer was burned!</small><br></div><div class="spacer battle-history"><br></div><div class="battle-history"><small>The opposing Globin restored a little HP using its Black Sludge!</small><br></div><div class="battle-history"><small>pussy destroyer was hurt by its burn!</small><br></div><div class="spacer battle-history"><br></div><h2 class="battle-history">Turn 15</h2><div class="spacer battle-history"><br></div><div class="battle-history">pussy destroyer used <strong>Acrobatics</strong>!<br></div><div class="battle-history"><small>(The opposing Globin lost <abbr title="−6/21">28.6%</abbr> of its health!)</small><br></div><div class="spacer battle-history"><br></div><div class="battle-history">The opposing Globin used <strong>Infestation</strong>!<br></div><div class="battle-history"><small>It's not very effective...</small><br></div><div class="battle-history"><small>(pussy destroyer lost <abbr title="−1/23">4.3%</abbr> of its health!)</small><br></div><div class="battle-history"><small>pussy destroyer has been afflicted with an infestation by the opposing Globin!</small><br></div><div class="spacer battle-history"><br></div><div class="battle-history"><small>The opposing Globin restored a little HP using its Black Sludge!</small><br></div><div class="battle-history"><small>pussy destroyer was hurt by its burn!</small><br></div><div class="battle-history"><small>pussy destroyer is hurt by Infestation!</small><br></div><div class="battle-history"><small>The twisted dimensions returned to normal!</small><br></div><div class="spacer battle-history"><br></div><h2 class="battle-history">Turn 16</h2><div class="spacer battle-history"><br></div><div class="battle-history">pussy destroyer used <strong>Acrobatics</strong>!<br></div><div class="battle-history"><small>(The opposing Globin lost <abbr title="−4/21">19.0%</abbr> of its health!)</small><br></div><div class="spacer battle-history"><br></div><div class="battle-history">The opposing Globin fainted!<br></div><div class="spacer battle-history"><br></div><div class="battle-history"><small>pussy destroyer was hurt by its burn!</small><br></div><div class="spacer battle-history"><br></div><div class="battle-history">Zorrito sent out Jet Lee (<strong>Mienfoo</strong>)!<br></div><div class="battle-history"><small>The opposing Jet Lee is hurt by the spikes!</small><br></div><div class="spacer battle-history"><br></div><h2 class="battle-history">Turn 17</h2><div class="spacer battle-history"><br></div><div class="battle-history">The opposing Jet Lee used <strong>Fake Out</strong>!<br></div><div class="battle-history"><small>(pussy destroyer lost <abbr title="−5/23">21.7%</abbr> of its health!)</small><br></div><div class="spacer battle-history"><br></div><div class="battle-history">pussy destroyer flinched and couldn't move!<br></div><div class="spacer battle-history"><br></div><div class="battle-history"><small>pussy destroyer was hurt by its burn!</small><br></div><div class="spacer battle-history"><br></div><h2 class="battle-history">Turn 18</h2><div class="spacer battle-history"><br></div><div class="battle-history">pussy destroyer used <strong>Acrobatics</strong>!<br></div><div class="battle-history"><small>It's super effective!</small><br></div><div class="battle-history"><small>(The opposing Jet Lee lost <abbr title="−15/22">68.2%</abbr> of its health!)</small><br></div><div class="spacer battle-history"><br></div><div class="battle-history">The opposing Jet Lee used <strong>Rock Slide</strong>!<br></div><div class="battle-history"><small>It's super effective!</small><br></div><div class="battle-history"><small>(pussy destroyer lost <abbr title="−7/23">30.4%</abbr> of its health!)</small><br></div><div class="spacer battle-history"><br></div><div class="battle-history">pussy destroyer fainted!<br></div><div class="spacer battle-history"><br></div><div class="battle-history">Go! cara de puño (<strong>Pawniard</strong>)!<br></div><div class="spacer battle-history"><br></div><h2 class="battle-history">Turn 19</h2><div class="spacer battle-history"><br></div><div class="battle-history">Zorrito withdrew Jet Lee!<br></div><div class="battle-history">Zorrito sent out <strong>Fletchling</strong>!<br></div><div class="spacer battle-history"><br></div><div class="battle-history">cara de puño used <strong>Knock Off</strong>!<br></div><div class="battle-history"><small>(The opposing Fletchling lost <abbr title="−10/22">45.5%</abbr> of its health!)</small><br></div><div class="spacer battle-history"><br></div><div class="battle-history">The opposing Fletchling fainted!<br></div><div class="spacer battle-history"><br></div><div class="battle-history">Zorrito sent out Jet Lee (<strong>Mienfoo</strong>)!<br></div><div class="battle-history"><small>The opposing Jet Lee is hurt by the spikes!</small><br></div><div class="spacer battle-history"><br></div><h2 class="battle-history">Turn 20</h2><div class="spacer battle-history"><br></div><div class="battle-history">The opposing Jet Lee used <strong>Fake Out</strong>!<br></div><div class="battle-history"><small>It's not very effective...</small><br></div><div class="battle-history"><small>(cara de puño lost <abbr title="−2/22">9.1%</abbr> of its health!)</small><br></div><div class="spacer battle-history"><br></div><div class="battle-history">cara de puño flinched and couldn't move!<br></div><div class="spacer battle-history"><br></div><h2 class="battle-history">Turn 21</h2><div class="spacer battle-history"><br></div><div class="battle-history">cara de puño used <strong>Knock Off</strong>!<br></div><div class="battle-history"><small>It's not very effective...</small><br></div><div class="battle-history"><small>(The opposing Jet Lee lost <abbr title="−4/22">18.2%</abbr> of its health!)</small><br></div><div class="battle-history"><small>cara de puño knocked off the opposing Jet Lee's Assault Vest!</small><br></div><div class="spacer battle-history"><br></div><div class="battle-history">The opposing Jet Lee fainted!<br></div><div class="spacer battle-history"><br></div><div class="battle-history">Zorrito sent out Zorra (<strong>Vulpix</strong>)!<br></div><div class="battle-history"><small>The opposing Zorra is hurt by the spikes!</small><br></div><div class="battle-history"><small>[The opposing Zorra's Drought]</small><br><small>The sunlight turned harsh!</small><br></div><div class="spacer battle-history"><br></div><h2 class="battle-history">Turn 22</h2><div class="spacer battle-history"><br></div><div class="battle-history">cara de puño used <strong>Knock Off</strong>!<br></div><div class="battle-history"><small>(The opposing Zorra lost <abbr title="−15/20">75%</abbr> of its health!)</small><br></div><div class="battle-history"><small>cara de puño knocked off the opposing Zorra's Choice Scarf!</small><br></div><div class="spacer battle-history"><br></div><div class="battle-history">The opposing Zorra fainted!<br></div><div class="spacer battle-history"><br></div><div class="battle-history"><strong>kereztlyz_XD</strong> won the battle!<br></div><div class="chat chatmessage-zorrito"><strong style="color:hsl(248,80%,60.603514827298135%)"><small>★</small><span class="username" data-name="Zorrito">Zorrito</span>:</strong> <em>gg</em></div><div class="chat"><small>Zorrito left.</small></div></div><div class="inner-preempt"></div></div></div>
</div>
<script>
let daily = Math.floor(Date.now()/1000/60/60/24);document.write('<script src="https://play.pokemonshowdown.com/js/replay-embed.js?version'+daily+'"></'+'script>');
</script>
