<!DOCTYPE html>
<meta charset="utf-8" />
<!-- version 1 -->
<title>LC replay: Darklyzard vs. Albolupo</title>
<style>
html,body {font-family:Verdana, sans-serif;font-size:10pt;margin:0;padding:0;}body{padding:12px 0;} .battle-log {font-family:Verdana, sans-serif;font-size:10pt;} .battle-log-inline {border:1px solid #AAAAAA;background:#EEF2F5;color:black;max-width:640px;margin:0 auto 80px;padding-bottom:5px;} .battle-log .inner {padding:4px 8px 0px 8px;} .battle-log .inner-preempt {padding:0 8px 4px 8px;} .battle-log .inner-after {margin-top:0.5em;} .battle-log h2 {margin:0.5em -8px;padding:4px 8px;border:1px solid #AAAAAA;background:#E0E7EA;border-left:0;border-right:0;font-family:Verdana, sans-serif;font-size:13pt;} .battle-log .chat {vertical-align:middle;padding:3px 0 3px 0;font-size:8pt;} .battle-log .chat strong {color:#40576A;} .battle-log .chat em {padding:1px 4px 1px 3px;color:#000000;font-style:normal;} .chat.mine {background:rgba(0,0,0,0.05);margin-left:-8px;margin-right:-8px;padding-left:8px;padding-right:8px;} .spoiler {color:#BBBBBB;background:#BBBBBB;padding:0px 3px;} .spoiler:hover, .spoiler:active, .spoiler-shown {color:#000000;background:#E2E2E2;padding:0px 3px;} .spoiler a {color:#BBBBBB;} .spoiler:hover a, .spoiler:active a, .spoiler-shown a {color:#2288CC;} .chat code, .chat .spoiler:hover code, .chat .spoiler:active code, .chat .spoiler-shown code {border:1px solid #C0C0C0;background:#EEEEEE;color:black;padding:0 2px;} .chat .spoiler code {border:1px solid #CCCCCC;background:#CCCCCC;color:#CCCCCC;} .battle-log .rated {padding:3px 4px;} .battle-log .rated strong {color:white;background:#89A;padding:1px 4px;border-radius:4px;} .spacer {margin-top:0.5em;} .message-announce {background:#6688AA;color:white;padding:1px 4px 2px;} .message-announce a, .broadcast-green a, .broadcast-blue a, .broadcast-red a {color:#DDEEFF;} .broadcast-green {background-color:#559955;color:white;padding:2px 4px;} .broadcast-blue {background-color:#6688AA;color:white;padding:2px 4px;} .infobox {border:1px solid #6688AA;padding:2px 4px;} .infobox-limited {max-height:200px;overflow:auto;overflow-x:hidden;} .broadcast-red {background-color:#AA5544;color:white;padding:2px 4px;} .message-learn-canlearn {font-weight:bold;color:#228822;text-decoration:underline;} .message-learn-cannotlearn {font-weight:bold;color:#CC2222;text-decoration:underline;} .message-effect-weak {font-weight:bold;color:#CC2222;} .message-effect-resist {font-weight:bold;color:#6688AA;} .message-effect-immune {font-weight:bold;color:#666666;} .message-learn-list {margin-top:0;margin-bottom:0;} .message-throttle-notice, .message-error {color:#992222;} .message-overflow, .chat small.message-overflow {font-size:0pt;} .message-overflow::before {font-size:9pt;content:'...';} .subtle {color:#3A4A66;}
</style>
<div class="wrapper replay-wrapper" style="max-width:1180px;margin:0 auto">
<input type="hidden" name="replayid" value="lc-505849760" />
<div class="battle"></div><div class="battle-log"></div><div class="replay-controls"></div><div class="replay-controls-2"></div>
<h1 style="font-weight:normal;text-align:center"><strong>LC</strong><br /><a href="http://pokemonshowdown.com/users/darklyzard" class="subtle" target="_blank">Darklyzard</a> vs. <a href="http://pokemonshowdown.com/users/albolupo" class="subtle" target="_blank">Albolupo</a></h1>
<script type="text/plain" class="battle-log-data">|j|Darklyzard
|j|Albolupo
|player|p1|Darklyzard|256
|player|p2|Albolupo|2
|gametype|singles
|gen|6
|tier|LC
|seed|63718,34390,7720,7250
|clearpoke
|poke|p1|Dwebble, L5, F|item
|poke|p1|Porygon, L5|item
|poke|p1|Pawniard, L5, M|item
|poke|p1|Scraggy, L5, F|item
|poke|p1|Skrelp, L5, M|item
|poke|p1|Fletchling, L5, M|item
|poke|p2|Tentacool, L5, F|item
|poke|p2|Elekid, L5, F|item
|poke|p2|Houndour, L5, F|item
|poke|p2|Ferroseed, L5, F|item
|poke|p2|Woobat, L5, F|
|poke|p2|Cleffa, L5, F|item
|rule|Sleep Clause Mod: Limit one foe put to sleep
|rule|Species Clause: Limit one of each Pokémon
|rule|OHKO Clause: OHKO moves are banned
|rule|Moody Clause: Moody is banned
|rule|Evasion Moves Clause: Evasion moves are banned
|rule|Endless Battle Clause: Forcing endless battles is banned
|rule|HP Percentage Mod: HP is shown in percentages
|teampreview
|c|★Darklyzard|gl
|c|★Darklyzard|bo3 o secca?
|choice|team 4, team 2, team 3, team 1, team 5, team 6|team 1, team 2, team 3, team 4, team 5, team 6
|
|start
|switch|p1a: Scraggy|Scraggy, L5, F|21\/21
|switch|p2a: Tentacool|Tentacool, L5, F|20\/20
|turn|1
|c|★Albolupo|bo3
|choice|move dragondance|move toxicspikes
|
|move|p1a: Scraggy|Dragon Dance|p1a: Scraggy
|-boost|p1a: Scraggy|atk|1
|-boost|p1a: Scraggy|spe|1
|move|p2a: Tentacool|Toxic Spikes|p1a: Scraggy
|-sidestart|p1: Darklyzard|move: Toxic Spikes
|
|upkeep
|turn|2
|choice|move knockoff|move waterfall
|
|move|p1a: Scraggy|Knock Off|p2a: Tentacool
|-damage|p2a: Tentacool|0 fnt
|-enditem|p2a: Tentacool|Berry Juice|[from] move: Knock Off|[of] p1a: Scraggy
|faint|p2a: Tentacool
|
|upkeep
|choice||switch 4
|
|switch|p2a: Ferroseed|Ferroseed, L5, F|20\/20
|turn|3
|choice|move drainpunch|move solarbeam
|
|move|p1a: Scraggy|Drain Punch|p2a: Ferroseed
|-supereffective|p2a: Ferroseed
|-damage|p2a: Ferroseed|0 fnt
|-damage|p1a: Scraggy|19\/21|[from] ability: Iron Barbs|[of] p2a: Ferroseed
|faint|p2a: Ferroseed
|
|upkeep
|choice||switch 3
|
|switch|p2a: Houndour|Houndour, L5, F|21\/21
|turn|4
|choice|move drainpunch|move foulplay
|
|move|p1a: Scraggy|Drain Punch|p2a: Houndour
|-supereffective|p2a: Houndour
|-damage|p2a: Houndour|0 fnt
|-heal|p1a: Scraggy|21\/21|[from] drain|[of] p2a: Houndour
|faint|p2a: Houndour
|
|upkeep
|choice||switch 2
|
|switch|p2a: Elekid|Elekid, L5, F|21\/21
|turn|5
|choice|move knockoff|move focuspunch
|
|-singleturn|p2a: Elekid|move: Focus Punch
|move|p1a: Scraggy|Knock Off|p2a: Elekid
|-crit|p2a: Elekid
|-damage|p2a: Elekid|0 fnt
|-status|p1a: Scraggy|par|[from] ability: Static|[of] p2a: Elekid
|-enditem|p2a: Elekid|Berry Juice|[from] move: Knock Off|[of] p1a: Scraggy
|faint|p2a: Elekid
|
|-activate|p1a: Scraggy|ability: Shed Skin
|-curestatus|p1a: Scraggy|par|[msg]
|upkeep
|choice||switch 6
|
|switch|p2a: Cleffa|Cleffa, L5, F|21\/21
|turn|6
|choice|move poisonjab|move psychic
|
|move|p1a: Scraggy|Poison Jab|p2a: Cleffa
|-supereffective|p2a: Cleffa
|-damage|p2a: Cleffa|0 fnt
|faint|p2a: Cleffa
|
|upkeep
|choice||switch 5
|
|switch|p2a: Woobat|Woobat, L5, F|22\/22
|turn|7
|choice|move knockoff|move fly
|
|move|p1a: Scraggy|Knock Off|p2a: Woobat
|-supereffective|p2a: Woobat
|-crit|p2a: Woobat
|-damage|p2a: Woobat|0 fnt
|faint|p2a: Woobat
|
|win|Darklyzard
|player|p1
|player|p2
|c|★Albolupo|Cos'è quello Scraggy?!
|c|★Darklyzard|aspè come si salva il replay?
|c|★Darklyzard|un pokemon XD</script>
</div>
<div class="battle-log battle-log-inline"><div class="inner"><div class="battle-options"></div><div class="inner"><div class="chat"><small>Darklyzard joined.</small></div><div class="chat"><small>Albolupo joined.</small></div><div class=""><small>Format:</small> <br><strong>LC</strong></div><div class=""><small><em>Sleep Clause Mod:</em> Limit one foe put to sleep</small></div><div class=""><small><em>Species Clause:</em> Limit one of each Pokémon</small></div><div class=""><small><em>OHKO Clause:</em> OHKO moves are banned</small></div><div class=""><small><em>Moody Clause:</em> Moody is banned</small></div><div class=""><small><em>Evasion Moves Clause:</em> Evasion moves are banned</small></div><div class=""><small><em>Endless Battle Clause:</em> Forcing endless battles is banned</small></div><div class=""><small><em>HP Percentage Mod:</em> HP is shown in percentages</small></div><div class="chat battle-history"><strong>Darklyzard's team:</strong> <em style="color:#445566;display:block;">Dwebble / Porygon / Pawniard / Scraggy / Skrelp / Fletchling</em></div><div class="chat battle-history"><strong>Albolupo's team:</strong> <em style="color:#445566;display:block;">Tentacool / Elekid / Houndour / Ferroseed / Woobat / Cleffa</em></div><div class="chat chatmessage-darklyzard"><strong style="color:hsl(49,50%,43.952304804195556%)"><small>★</small><span class="username" data-name="Darklyzard">Darklyzard</span>:</strong> <em>gl</em></div><div class="chat chatmessage-darklyzard"><strong style="color:hsl(49,50%,43.952304804195556%)"><small>★</small><span class="username" data-name="Darklyzard">Darklyzard</span>:</strong> <em>bo3 o secca?</em></div><div class="spacer battle-history"><br></div><div class="battle-history">Battle started between Darklyzard and Albolupo!<br></div><div class="spacer battle-history"><br></div><div class="battle-history">Go! <strong>Scraggy</strong>!<br></div><div class="spacer battle-history"><br></div><div class="battle-history">Albolupo sent out <strong>Tentacool</strong>!<br></div><div class="spacer battle-history"><br></div><h2 class="battle-history">Turn 1</h2><div class="chat chatmessage-albolupo"><strong style="color:hsl(119,79%,35%)"><small>★</small><span class="username" data-name="Albolupo">Albolupo</span>:</strong> <em>bo3</em></div><div class="spacer battle-history"><br></div><div class="battle-history">Scraggy used <strong>Dragon Dance</strong>!<br></div><div class="battle-history"><small>Scraggy's Attack rose!</small><br></div><div class="battle-history"><small>Scraggy's Speed rose!</small><br></div><div class="spacer battle-history"><br></div><div class="battle-history">The opposing Tentacool used <strong>Toxic Spikes</strong>!<br></div><div class="battle-history"><small>Poison spikes were scattered on the ground all around your team!</small><br></div><div class="spacer battle-history"><br></div><h2 class="battle-history">Turn 2</h2><div class="spacer battle-history"><br></div><div class="battle-history">Scraggy used <strong>Knock Off</strong>!<br></div><div class="battle-history"><small>(The opposing Tentacool lost <abbr title="−20/20">100%</abbr> of its health!)</small><br></div><div class="battle-history"><small>Scraggy knocked off the opposing Tentacool's Berry Juice!</small><br></div><div class="spacer battle-history"><br></div><div class="battle-history">The opposing Tentacool fainted!<br></div><div class="spacer battle-history"><br></div><div class="battle-history">Albolupo sent out <strong>Ferroseed</strong>!<br></div><div class="spacer battle-history"><br></div><h2 class="battle-history">Turn 3</h2><div class="spacer battle-history"><br></div><div class="battle-history">Scraggy used <strong>Drain Punch</strong>!<br></div><div class="battle-history"><small>It's super effective!</small><br></div><div class="battle-history"><small>(The opposing Ferroseed lost <abbr title="−20/20">100%</abbr> of its health!)</small><br></div><div class="battle-history"><small>[The opposing Ferroseed's Iron Barbs]</small><br><small>Scraggy was hurt!</small><br></div><div class="spacer battle-history"><br></div><div class="battle-history">The opposing Ferroseed fainted!<br></div><div class="spacer battle-history"><br></div><div class="battle-history">Albolupo sent out <strong>Houndour</strong>!<br></div><div class="spacer battle-history"><br></div><h2 class="battle-history">Turn 4</h2><div class="spacer battle-history"><br></div><div class="battle-history">Scraggy used <strong>Drain Punch</strong>!<br></div><div class="battle-history"><small>It's super effective!</small><br></div><div class="battle-history"><small>(The opposing Houndour lost <abbr title="−21/21">100%</abbr> of its health!)</small><br></div><div class="battle-history"><small>The opposing Houndour had its energy drained!</small><br></div><div class="spacer battle-history"><br></div><div class="battle-history">The opposing Houndour fainted!<br></div><div class="spacer battle-history"><br></div><div class="battle-history">Albolupo sent out <strong>Elekid</strong>!<br></div><div class="spacer battle-history"><br></div><h2 class="battle-history">Turn 5</h2><div class="spacer battle-history"><br></div><div class="battle-history"><small>The opposing Elekid is tightening its focus!</small><br></div><div class="spacer battle-history"><br></div><div class="battle-history">Scraggy used <strong>Knock Off</strong>!<br></div><div class="battle-history"><small>A critical hit!</small><br></div><div class="battle-history"><small>(The opposing Elekid lost <abbr title="−21/21">100%</abbr> of its health!)</small><br></div><div class="battle-history"><small>[The opposing Elekid's Static]</small><br><small>Scraggy is paralyzed! It may be unable to move!</small><br></div><div class="battle-history"><small>Scraggy knocked off the opposing Elekid's Berry Juice!</small><br></div><div class="spacer battle-history"><br></div><div class="battle-history">The opposing Elekid fainted!<br></div><div class="spacer battle-history"><br></div><div class="battle-history"><small>[Scraggy's Shed Skin]</small><br></div><div class="battle-history"><small>Scraggy was cured of paralysis.</small><br></div><div class="spacer battle-history"><br></div><div class="battle-history">Albolupo sent out <strong>Cleffa</strong>!<br></div><div class="spacer battle-history"><br></div><h2 class="battle-history">Turn 6</h2><div class="spacer battle-history"><br></div><div class="battle-history">Scraggy used <strong>Poison Jab</strong>!<br></div><div class="battle-history"><small>It's super effective!</small><br></div><div class="battle-history"><small>(The opposing Cleffa lost <abbr title="−21/21">100%</abbr> of its health!)</small><br></div><div class="spacer battle-history"><br></div><div class="battle-history">The opposing Cleffa fainted!<br></div><div class="spacer battle-history"><br></div><div class="battle-history">Albolupo sent out <strong>Woobat</strong>!<br></div><div class="spacer battle-history"><br></div><h2 class="battle-history">Turn 7</h2><div class="spacer battle-history"><br></div><div class="battle-history">Scraggy used <strong>Knock Off</strong>!<br></div><div class="battle-history"><small>It's super effective!</small><br></div><div class="battle-history"><small>A critical hit!</small><br></div><div class="battle-history"><small>(The opposing Woobat lost <abbr title="−22/22">100%</abbr> of its health!)</small><br></div><div class="spacer battle-history"><br></div><div class="battle-history">The opposing Woobat fainted!<br></div><div class="spacer battle-history"><br></div><div class="battle-history"><strong>Darklyzard</strong> won the battle!<br></div><div class="chat chatmessage-albolupo"><strong style="color:hsl(119,79%,35%)"><small>★</small><span class="username" data-name="Albolupo">Albolupo</span>:</strong> <em>Cos'è quello Scraggy?!</em></div><div class="chat chatmessage-darklyzard"><strong style="color:hsl(49,50%,43.952304804195556%)"><small>★</small><span class="username" data-name="Darklyzard">Darklyzard</span>:</strong> <em>aspè come si salva il replay?</em></div><div class="chat chatmessage-darklyzard"><strong style="color:hsl(49,50%,43.952304804195556%)"><small>★</small><span class="username" data-name="Darklyzard">Darklyzard</span>:</strong> <em>un pokemon XD</em></div></div><div class="inner-preempt"></div></div></div>
</div>
<script>
let daily = Math.floor(Date.now()/1000/60/60/24);document.write('<script src="https://play.pokemonshowdown.com/js/replay-embed.js?version'+daily+'"></'+'script>');
</script>
