<!DOCTYPE html>
<meta charset="utf-8" />
<!-- version 1 -->
<title>LC replay: Skyman vs. HaUnT★</title>
<style>
html,body {font-family:Verdana, sans-serif;font-size:10pt;margin:0;padding:0;}body{padding:12px 0;} .battle-log {font-family:Verdana, sans-serif;font-size:10pt;} .battle-log-inline {border:1px solid #AAAAAA;background:#EEF2F5;color:black;max-width:640px;margin:0 auto 80px;padding-bottom:5px;} .battle-log .inner {padding:4px 8px 0px 8px;} .battle-log .inner-preempt {padding:0 8px 4px 8px;} .battle-log .inner-after {margin-top:0.5em;} .battle-log h2 {margin:0.5em -8px;padding:4px 8px;border:1px solid #AAAAAA;background:#E0E7EA;border-left:0;border-right:0;font-family:Verdana, sans-serif;font-size:13pt;} .battle-log .chat {vertical-align:middle;padding:3px 0 3px 0;font-size:8pt;} .battle-log .chat strong {color:#40576A;} .battle-log .chat em {padding:1px 4px 1px 3px;color:#000000;font-style:normal;} .chat.mine {background:rgba(0,0,0,0.05);margin-left:-8px;margin-right:-8px;padding-left:8px;padding-right:8px;} .spoiler {color:#BBBBBB;background:#BBBBBB;padding:0px 3px;} .spoiler:hover, .spoiler:active, .spoiler-shown {color:#000000;background:#E2E2E2;padding:0px 3px;} .spoiler a {color:#BBBBBB;} .spoiler:hover a, .spoiler:active a, .spoiler-shown a {color:#2288CC;} .chat code, .chat .spoiler:hover code, .chat .spoiler:active code, .chat .spoiler-shown code {border:1px solid #C0C0C0;background:#EEEEEE;color:black;padding:0 2px;} .chat .spoiler code {border:1px solid #CCCCCC;background:#CCCCCC;color:#CCCCCC;} .battle-log .rated {padding:3px 4px;} .battle-log .rated strong {color:white;background:#89A;padding:1px 4px;border-radius:4px;} .spacer {margin-top:0.5em;} .message-announce {background:#6688AA;color:white;padding:1px 4px 2px;} .message-announce a, .broadcast-green a, .broadcast-blue a, .broadcast-red a {color:#DDEEFF;} .broadcast-green {background-color:#559955;color:white;padding:2px 4px;} .broadcast-blue {background-color:#6688AA;color:white;padding:2px 4px;} .infobox {border:1px solid #6688AA;padding:2px 4px;} .infobox-limited {max-height:200px;overflow:auto;overflow-x:hidden;} .broadcast-red {background-color:#AA5544;color:white;padding:2px 4px;} .message-learn-canlearn {font-weight:bold;color:#228822;text-decoration:underline;} .message-learn-cannotlearn {font-weight:bold;color:#CC2222;text-decoration:underline;} .message-effect-weak {font-weight:bold;color:#CC2222;} .message-effect-resist {font-weight:bold;color:#6688AA;} .message-effect-immune {font-weight:bold;color:#666666;} .message-learn-list {margin-top:0;margin-bottom:0;} .message-throttle-notice, .message-error {color:#992222;} .message-overflow, .chat small.message-overflow {font-size:0pt;} .message-overflow::before {font-size:9pt;content:'...';} .subtle {color:#3A4A66;}
</style>
<div class="wrapper replay-wrapper" style="max-width:1180px;margin:0 auto">
<input type="hidden" name="replayid" value="lc-521947850" />
<div class="battle"></div><div class="battle-log"></div><div class="replay-controls"></div><div class="replay-controls-2"></div>
<h1 style="font-weight:normal;text-align:center"><strong>LC</strong><br /><a href="http://pokemonshowdown.com/users/skyman" class="subtle" target="_blank">Skyman</a> vs. <a href="http://pokemonshowdown.com/users/haunt" class="subtle" target="_blank">HaUnT★</a></h1>
<script type="text/plain" class="battle-log-data">|j|Skyman
|j|HaUnT★
|player|p1|Skyman|267
|player|p2|HaUnT★|9
|gametype|singles
|gen|6
|tier|LC
|seed|53928,39221,20652,22769
|clearpoke
|poke|p1|Abra, L5, M|item
|poke|p1|Koffing, L5, M|item
|poke|p1|Numel, L5, M|item
|poke|p1|Timburr, L5, M, shiny|item
|poke|p1|Carvanha, L5, M, shiny|item
|poke|p1|Goldeen, L5, M|item
|poke|p2|Torchic, L5, F|item
|poke|p2|Baltoy, L5|item
|poke|p2|Bunnelby, L5, F|item
|poke|p2|Elgyem, L5, F|item
|poke|p2|Scraggy, L5, F|item
|poke|p2|Snubbull, L5, F|item
|rule|Sleep Clause Mod: Limit one foe put to sleep
|rule|Species Clause: Limit one of each Pokémon
|rule|OHKO Clause: OHKO moves are banned
|rule|Moody Clause: Moody is banned
|rule|Evasion Moves Clause: Evasion moves are banned
|rule|Endless Battle Clause: Forcing endless battles is banned
|rule|HP Percentage Mod: HP is shown in percentages
|teampreview
|j|tazerz95
|j|hunterboyz24
|c|★Skyman|Palms are sweaty
|j|Sabertwooth
|c|★HaUnT★|Knees weak
|c|★Skyman|Knees weak arms are heavy
|c|★Skyman|Vomit on his sweater already
|c| Sabertwooth|Ruined
|c| hunterboyz24|He's nervous
|j|eliwood_of_pherae
|c| hunterboyz24|but on the surface
|c|★HaUnT★|My diet today consisted entirely of pizza and coffee so what's happening in my stomach is
|c|★HaUnT★|not good things
|c| hunterboyz24|he looks calm and ready
|c|★Skyman|I had only pizza
|c|★Skyman|Literally
|c|★Skyman|And coke
|c|★HaUnT★|ayy
|c|★HaUnT★|likewise conditions
|c| Sabertwooth|Here comes the Elgyem lead
|c|★HaUnT★|shhh
|choice|team 3, team 2, team 1, team 4, team 5, team 6|team 2, team 1, team 3, team 4, team 5, team 6
|
|start
|switch|p1a: ThundeRzReign|Numel, L5, M|23\/23
|switch|p2a: Baltoy|Baltoy, L5|20\/20
|turn|1
|c| hunterboyz24|Liking the PM ref
|choice|switch 4|move earthquake
|
|switch|p1a: Filthy Casual|Timburr, L5, M, shiny|24\/24
|move|p2a: Baltoy|Earthquake|p1a: Filthy Casual
|-crit|p1a: Filthy Casual
|-damage|p1a: Filthy Casual|14\/24
|
|upkeep
|turn|2
|c|★HaUnT★|CRIT MATTERED
|choice|switch 5|switch 6
|
|switch|p2a: Snubbull|Snubbull, L5, F|23\/23
|-ability|p2a: Snubbull|Intimidate|boost
|-unboost|p1a: Filthy Casual|atk|1
|switch|p1a: Jfyst|Carvanha, L5, M, shiny|19\/19
|
|upkeep
|turn|3
|c| eliwood_of_pherae|Fuck it's gunna be one of these
|choice|switch 2|move playrough
|
|switch|p1a: Sosa|Koffing, L5, M|21\/21
|move|p2a: Snubbull|Play Rough|p1a: Sosa
|-resisted|p1a: Sosa
|-damage|p1a: Sosa|18\/21
|-unboost|p1a: Sosa|atk|1
|
|upkeep
|turn|4
|c| eliwood_of_pherae|>boop
|choice|move willowisp|switch 2
|
|switch|p2a: Torchic|Torchic, L5, F|21\/21
|move|p1a: Sosa|Will-O-Wisp|p2a: Torchic
|-immune|p2a: Torchic|[msg]
|
|upkeep
|turn|5
|c| Sabertwooth|CAN'T WISP THE CHICK
|choice|move sludgebomb|move swordsdance
|
|move|p2a: Torchic|Swords Dance|p2a: Torchic
|-boost|p2a: Torchic|atk|2
|move|p1a: Sosa|Sludge Bomb|p2a: Torchic
|-damage|p2a: Torchic|11\/21
|
|upkeep
|turn|6
|c|★HaUnT★|WAIT
|c|★HaUnT★|FUCK
|c|★HaUnT★|FUCK
|c|★HaUnT★|FUCK
|c|★HaUnT★|FUCK
|c|★Skyman|RIP
|c|★HaUnT★|FUUUUUUUUUUUCJ
|c| eliwood_of_pherae|AAAAAAAHAHAHA
|c|★Skyman|TILTED
|c| hunterboyz24|What just happened?
|c|★HaUnT★|AAAAAAAAAAAAAAAAAAAAAAAAAAAAAAAAAAAAAAAAAAAAAAAAAAAAAAAAAAAAAAAAAAAAAAAAAAAAAAAAAAAAAAAAAAAAAAAAAAAAAAAAAAAAAAAAAAA
|c|★Skyman|420 BLAZE IT TORCHIC
|c| Sabertwooth|o
|choice|move clearsmog|move batonpass
|
|move|p2a: Torchic|Baton Pass|p2a: Torchic
|choice||switch 5
|
|switch|p2a: Scraggy|Scraggy, L5, F|22\/22
|move|p1a: Sosa|Clear Smog|p2a: Scraggy
|-damage|p2a: Scraggy|18\/22
|-clearboost|p2a: Scraggy
|
|upkeep
|turn|7
|c| Sabertwooth|Unburden
|c| Sabertwooth|No speed
|c| eliwood_of_pherae|Fucking kek'd
|c| Sabertwooth|lol
|choice|move sludgebomb|move knockoff
|
|move|p2a: Scraggy|Knock Off|p1a: Sosa
|-damage|p1a: Sosa|11\/21
|-enditem|p1a: Sosa|Eviolite|[from] move: Knock Off|[of] p2a: Scraggy
|move|p1a: Sosa|Sludge Bomb|p2a: Scraggy
|-damage|p2a: Scraggy|11\/22
|-status|p2a: Scraggy|psn
|
|-damage|p2a: Scraggy|9\/22 psn|[from] psn
|upkeep
|turn|8
|c|★HaUnT★|Christ I'm a sadboy right now
|choice|move painsplit|switch 5
|
|switch|p2a: Torchic|Torchic, L5, F|11\/21
|move|p1a: Sosa|Pain Split|p2a: Torchic
|-sethp|p2a: Torchic|11\/21|p1a: Sosa|11\/21|[from] move: Pain Split
|
|upkeep
|turn|9
|c| eliwood_of_pherae|That's enough to tilt anybody
|c| eliwood_of_pherae|wew
|c|★Skyman|KEK
|choice|move sludgebomb|move overheat
|
|move|p2a: Torchic|Overheat|p1a: Sosa
|-damage|p1a: Sosa|0 fnt
|-unboost|p2a: Torchic|spa|2
|faint|p1a: Sosa
|
|upkeep
|c| eliwood_of_pherae|Baton pass and overheat
|choice|switch 4|
|
|switch|p1a: ThundeRzReign|Numel, L5, M|23\/23
|turn|10
|c| eliwood_of_pherae|Happening
|c|★HaUnT★|That might be it
|c|★HaUnT★|If I could pass speed
|c|★HaUnT★|This wouldn't be over
|c|★HaUnT★|BUT
|c|★HaUnT★|:(
|c| hunterboyz24|This is 0.9 all over again
|choice|move flamecharge|move overheat
|
|move|p1a: ThundeRzReign|Flame Charge|p2a: Torchic
|-resisted|p2a: Torchic
|-damage|p2a: Torchic|8\/21
|-boost|p1a: ThundeRzReign|spe|2
|move|p2a: Torchic|Overheat|p1a: ThundeRzReign
|-resisted|p1a: ThundeRzReign
|-damage|p1a: ThundeRzReign|19\/23
|-unboost|p2a: Torchic|spa|2
|
|upkeep
|turn|11
|c| eliwood_of_pherae|Speed passing was like the scariest part of your team
|c|★HaUnT★|Okay yeah I'm fucked
|c|★HaUnT★|This dude is bulk
|c|★HaUnT★|This is what I get for not just copying a torchic set over from an old team
|choice|move growth|switch 6
|
|switch|p2a: Baltoy|Baltoy, L5|20\/20
|move|p1a: ThundeRzReign|Growth|p1a: ThundeRzReign
|-boost|p1a: ThundeRzReign|atk|2
|-boost|p1a: ThundeRzReign|spa|2
|
|upkeep
|turn|12
|c|★HaUnT★|I think it's numelsweep from here
|choice|move fireblast|move earthquake
|
|move|p1a: ThundeRzReign|Fire Blast|p2a: Baltoy
|-damage|p2a: Baltoy|1\/20
|-status|p2a: Baltoy|brn
|move|p2a: Baltoy|Earthquake|p1a: ThundeRzReign
|-supereffective|p1a: ThundeRzReign
|-damage|p1a: ThundeRzReign|10\/23
|
|-damage|p2a: Baltoy|0 fnt|[from] brn
|upkeep
|faint|p2a: Baltoy
|c| eliwood_of_pherae|Fuck
|choice||switch 3
|
|switch|p2a: Bunnelby|Bunnelby, L5, F|20\/20
|turn|13
|c|★Skyman|BURN MATTERED
|c| eliwood_of_pherae|Burn mattered
|choice|move earthpower|move quickattack
|
|move|p2a: Bunnelby|Quick Attack|p1a: ThundeRzReign
|-damage|p1a: ThundeRzReign|0 fnt
|-damage|p2a: Bunnelby|18\/20|[from] item: Life Orb
|faint|p1a: ThundeRzReign
|
|upkeep
|c|★Skyman|rip
|c| eliwood_of_pherae|Hail to the bunn
|c|★HaUnT★|Baltoy's sacrifice will not be forgotten
|c|★HaUnT★|He was the greatest
|choice|switch 2|
|
|switch|p1a: Jfyst|Carvanha, L5, M, shiny|19\/19
|turn|14
|c| eliwood_of_pherae|He might actually come back from this shitshow
|choice|move protect|move quickattack
|
|move|p1a: Jfyst|Protect|p1a: Jfyst
|-singleturn|p1a: Jfyst|Protect
|move|p2a: Bunnelby|Quick Attack|p1a: Jfyst
|-activate|p1a: Jfyst|move: Protect
|
|-ability|p1a: Jfyst|Speed Boost|boost
|-boost|p1a: Jfyst|spe|1
|upkeep
|turn|15
|c|★HaUnT★|Man I really should've expected this faceoff
|c|★HaUnT★|and packed agility
|choice|move waterfall|move quickattack
|
|move|p2a: Bunnelby|Quick Attack|p1a: Jfyst
|-damage|p1a: Jfyst|0 fnt
|-damage|p2a: Bunnelby|16\/20|[from] item: Life Orb
|faint|p1a: Jfyst
|
|upkeep
|c|★Skyman|Yeah I fucked up the moment I swapped him in
|c| eliwood_of_pherae|Yup
|choice|switch 3|
|
|switch|p1a: Blue|Abra, L5, M|19\/19
|turn|16
|j|calciumacetate
|c|★Skyman|I threw so hard
|c|★HaUnT★|It's okay
|c| eliwood_of_pherae|And got so far
|c|★HaUnT★|I can still throw
|c| hunterboyz24|and got so far
|c| hunterboyz24|damn it eli
|c| eliwood_of_pherae|Fuck off hunter
|c|★HaUnT★|Like actually though, I need to consider my steps here
|c|★HaUnT★|IF I HAD SPEED
|c|★HaUnT★|I WOULDN'T HAVE TO THINK THIS AHRD
|choice|move psychic|switch 5
|
|switch|p2a: Scraggy|Scraggy, L5, F|9\/22 psn
|move|p1a: Blue|Psychic|p2a: Scraggy
|-immune|p2a: Scraggy|[msg]
|
|-damage|p2a: Scraggy|7\/22 psn|[from] psn
|upkeep
|turn|17
|c|★HaUnT★|I could've just protected for a turn
|choice|move dazzlinggleam|move knockoff
|
|move|p1a: Blue|Dazzling Gleam|p2a: Scraggy
|-supereffective|p2a: Scraggy
|-damage|p2a: Scraggy|0 fnt
|faint|p2a: Scraggy
|
|upkeep
|choice||switch 2
|
|switch|p2a: Snubbull|Snubbull, L5, F|23\/23
|-ability|p2a: Snubbull|Intimidate|boost
|-unboost|p1a: Blue|atk|1
|turn|18
|c| eliwood_of_pherae|snobble
|choice|move psychic|move playrough
|
|move|p1a: Blue|Psychic|p2a: Snubbull
|-damage|p2a: Snubbull|2\/23
|-enditem|p2a: Snubbull|Berry Juice
|-heal|p2a: Snubbull|22\/23|[from] item: Berry Juice
|move|p2a: Snubbull|Play Rough|p1a: Blue
|-enditem|p1a: Blue|Focus Sash
|-damage|p1a: Blue|1\/19
|
|upkeep
|turn|19
|c| eliwood_of_pherae|rip
|choice|move psychic|switch 6
|
|switch|p2a: Torchic|Torchic, L5, F|8\/21
|move|p1a: Blue|Psychic|p2a: Torchic
|-crit|p2a: Torchic
|-damage|p2a: Torchic|0 fnt
|faint|p2a: Torchic
|
|upkeep
|choice||switch 5
|
|switch|p2a: Bunnelby|Bunnelby, L5, F|16\/20
|turn|20
|choice|move protect|move quickattack
|
|move|p1a: Blue|Protect|p1a: Blue
|-singleturn|p1a: Blue|Protect
|move|p2a: Bunnelby|Quick Attack|p1a: Blue
|-activate|p1a: Blue|move: Protect
|
|upkeep
|turn|21
|choice|move psychic|move quickattack
|
|move|p2a: Bunnelby|Quick Attack|p1a: Blue
|-damage|p1a: Blue|0 fnt
|-damage|p2a: Bunnelby|14\/20|[from] item: Life Orb
|faint|p1a: Blue
|
|upkeep
|choice|switch 5|
|
|switch|p1a: Filthy Casual|Timburr, L5, M, shiny|14\/24
|turn|22
|c|★Skyman|<tension>
|c| eliwood_of_pherae|<questionable plays>
|c|★HaUnT★|I'm not even really thinking
|c|★HaUnT★|I'm actually just listening to my heartbeat
|c| eliwood_of_pherae|That subtle bm
|c|★Skyman|I'm so scared
|c|★HaUnT★|same
|c|★HaUnT★|hold my hand
|choice|move machpunch|move return
|
|move|p1a: Filthy Casual|Mach Punch|p2a: Bunnelby
|-supereffective|p2a: Bunnelby
|-damage|p2a: Bunnelby|0 fnt
|faint|p2a: Bunnelby
|
|upkeep
|c|★Skyman|I KNEW IT
|c| eliwood_of_pherae|Holy shit
|choice||switch 6
|
|switch|p2a: Snubbull|Snubbull, L5, F|22\/23
|-ability|p2a: Snubbull|Intimidate|boost
|-unboost|p1a: Filthy Casual|atk|1
|turn|23
|c| eliwood_of_pherae|ACTIVATE THE PROTOCALL
|c| eliwood_of_pherae|THIS IS HAPPENING
|c| eliwood_of_pherae|THE BUNN IS DOWN
|choice|move knockoff|move playrough
|
|move|p2a: Snubbull|Play Rough|p1a: Filthy Casual
|-supereffective|p1a: Filthy Casual
|-crit|p1a: Filthy Casual
|-damage|p1a: Filthy Casual|0 fnt
|faint|p1a: Filthy Casual
|
|upkeep
|l|hunterboyz24
|choice|switch 6|
|
|switch|p1a: Jason Waterfalls|Goldeen, L5, M|21\/21
|turn|24
|c|★HaUnT★|crit possibly mattered
|c| eliwood_of_pherae|No way
|c|★HaUnT★|There was a low roll for Timb to live
|choice|move waterfall|move thief
|
|move|p1a: Jason Waterfalls|Waterfall|p2a: Snubbull
|-damage|p2a: Snubbull|10\/23
|cant|p2a: Snubbull|flinch
|
|upkeep
|turn|25
|c|★HaUnT★|oh shit
|choice|move waterfall|move thief
|
|move|p1a: Jason Waterfalls|Waterfall|p2a: Snubbull
|-damage|p2a: Snubbull|0 fnt
|faint|p2a: Snubbull
|
|upkeep
|choice||switch 4
|
|switch|p2a: Elgyem|Elgyem, L5, F|22\/22
|turn|26
|c|★Skyman|oh god
|choice|move waterfall|move psychic
|
|move|p1a: Jason Waterfalls|Waterfall|p2a: Elgyem
|-damage|p2a: Elgyem|13\/22
|move|p2a: Elgyem|Psychic|p1a: Jason Waterfalls
|-damage|p1a: Jason Waterfalls|0 fnt
|faint|p1a: Jason Waterfalls
|
|win|HaUnT★
|player|p1
|player|p2
|c| eliwood_of_pherae|Holy shit
|c| calciumacetate|This is tense
|c|★HaUnT★|holy shit
|c|★HaUnT★|gg dude
|c| eliwood_of_pherae|Rip
|c| calciumacetate|rip
|c|★Skyman|gg
|c|★HaUnT★|I might need to go take a second shit
|c|★Skyman|Fucked up a few times too many
|c|★Skyman|I was scarf
|l|eliwood_of_pherae
|c|★HaUnT★|lol
|l|calciumacetate</script>
</div>
<div class="battle-log battle-log-inline"><div class="inner"><div class="battle-options"></div><div class="inner"><div class="chat"><small>Skyman joined.</small></div><div class="chat"><small>HaUnT★ joined.</small></div><div class=""><small>Format:</small> <br><strong>LC</strong></div><div class=""><small><em>Sleep Clause Mod:</em> Limit one foe put to sleep</small></div><div class=""><small><em>Species Clause:</em> Limit one of each Pokémon</small></div><div class=""><small><em>OHKO Clause:</em> OHKO moves are banned</small></div><div class=""><small><em>Moody Clause:</em> Moody is banned</small></div><div class=""><small><em>Evasion Moves Clause:</em> Evasion moves are banned</small></div><div class=""><small><em>Endless Battle Clause:</em> Forcing endless battles is banned</small></div><div class=""><small><em>HP Percentage Mod:</em> HP is shown in percentages</small></div><div class="chat battle-history"><strong>Skyman's team:</strong> <em style="color:#445566;display:block;">Abra / Koffing / Numel / Timburr / Carvanha / Goldeen</em></div><div class="chat battle-history"><strong>HaUnT★'s team:</strong> <em style="color:#445566;display:block;">Torchic / Baltoy / Bunnelby / Elgyem / Scraggy / Snubbull</em></div><div class="chat"><small>tazerz95 joined.</small></div><div class="chat"><small>hunterboyz24 joined.</small></div><div class="chat chatmessage-skyman"><strong style="color:hsl(326,66%,46%)"><small>★</small><span class="username" data-name="Skyman">Skyman</span>:</strong> <em>Palms are sweaty</em></div><div class="chat"><small>Sabertwooth joined.</small></div><div class="chat chatmessage-haunt"><strong style="color:hsl(322,72%,43.8302968676323%)"><small>★</small><span class="username" data-name="HaUnT★">HaUnT★</span>:</strong> <em>Knees weak</em></div><div class="chat chatmessage-skyman"><strong style="color:hsl(326,66%,46%)"><small>★</small><span class="username" data-name="Skyman">Skyman</span>:</strong> <em>Knees weak arms are heavy</em></div><div class="chat chatmessage-skyman"><strong style="color:hsl(326,66%,46%)"><small>★</small><span class="username" data-name="Skyman">Skyman</span>:</strong> <em>Vomit on his sweater already</em></div><div class="chat chatmessage-sabertwooth"><strong style="color:hsl(229,40%,56.28101328445227%)"><small> </small><span class="username" data-name="Sabertwooth">Sabertwooth</span>:</strong> <em>Ruined</em></div><div class="chat chatmessage-hunterboyz24"><strong style="color:hsl(59,50%,33%)"><small> </small><span class="username" data-name="hunterboyz24">hunterboyz24</span>:</strong> <em>He's nervous</em></div><div class="chat"><small>eliwood_of_pherae joined.</small></div><div class="chat chatmessage-hunterboyz24"><strong style="color:hsl(59,50%,33%)"><small> </small><span class="username" data-name="hunterboyz24">hunterboyz24</span>:</strong> <em>but on the surface</em></div><div class="chat chatmessage-haunt"><strong style="color:hsl(322,72%,43.8302968676323%)"><small>★</small><span class="username" data-name="HaUnT★">HaUnT★</span>:</strong> <em>My diet today consisted entirely of pizza and coffee so what's happening in my stomach is</em></div><div class="chat chatmessage-haunt"><strong style="color:hsl(322,72%,43.8302968676323%)"><small>★</small><span class="username" data-name="HaUnT★">HaUnT★</span>:</strong> <em>not good things</em></div><div class="chat chatmessage-hunterboyz24"><strong style="color:hsl(59,50%,33%)"><small> </small><span class="username" data-name="hunterboyz24">hunterboyz24</span>:</strong> <em>he looks calm and ready</em></div><div class="chat chatmessage-skyman"><strong style="color:hsl(326,66%,46%)"><small>★</small><span class="username" data-name="Skyman">Skyman</span>:</strong> <em>I had only pizza</em></div><div class="chat chatmessage-skyman"><strong style="color:hsl(326,66%,46%)"><small>★</small><span class="username" data-name="Skyman">Skyman</span>:</strong> <em>Literally</em></div><div class="chat chatmessage-skyman"><strong style="color:hsl(326,66%,46%)"><small>★</small><span class="username" data-name="Skyman">Skyman</span>:</strong> <em>And coke</em></div><div class="chat chatmessage-haunt"><strong style="color:hsl(322,72%,43.8302968676323%)"><small>★</small><span class="username" data-name="HaUnT★">HaUnT★</span>:</strong> <em>ayy</em></div><div class="chat chatmessage-haunt"><strong style="color:hsl(322,72%,43.8302968676323%)"><small>★</small><span class="username" data-name="HaUnT★">HaUnT★</span>:</strong> <em>likewise conditions</em></div><div class="chat chatmessage-sabertwooth"><strong style="color:hsl(229,40%,56.28101328445227%)"><small> </small><span class="username" data-name="Sabertwooth">Sabertwooth</span>:</strong> <em>Here comes the Elgyem lead</em></div><div class="chat chatmessage-haunt"><strong style="color:hsl(322,72%,43.8302968676323%)"><small>★</small><span class="username" data-name="HaUnT★">HaUnT★</span>:</strong> <em>shhh</em></div><div class="spacer battle-history"><br></div><div class="battle-history">Battle started between Skyman and HaUnT★!<br></div><div class="spacer battle-history"><br></div><div class="battle-history">Go! ThundeRzReign (<strong>Numel</strong>)!<br></div><div class="spacer battle-history"><br></div><div class="battle-history">HaUnT★ sent out <strong>Baltoy</strong>!<br></div><div class="spacer battle-history"><br></div><h2 class="battle-history">Turn 1</h2><div class="chat chatmessage-hunterboyz24"><strong style="color:hsl(59,50%,33%)"><small> </small><span class="username" data-name="hunterboyz24">hunterboyz24</span>:</strong> <em>Liking the PM ref</em></div><div class="spacer battle-history"><br></div><div class="battle-history">ThundeRzReign, come back!<br></div><div class="battle-history">Go! Filthy Casual (<strong>Timburr</strong>)!<br></div><div class="spacer battle-history"><br></div><div class="battle-history">The opposing Baltoy used <strong>Earthquake</strong>!<br></div><div class="battle-history"><small>A critical hit!</small><br></div><div class="battle-history"><small>(Filthy Casual lost <abbr title="−10/24">41.7%</abbr> of its health!)</small><br></div><div class="spacer battle-history"><br></div><h2 class="battle-history">Turn 2</h2><div class="chat chatmessage-haunt"><strong style="color:hsl(322,72%,43.8302968676323%)"><small>★</small><span class="username" data-name="HaUnT★">HaUnT★</span>:</strong> <em>CRIT MATTERED</em></div><div class="spacer battle-history"><br></div><div class="battle-history">HaUnT★ withdrew Baltoy!<br></div><div class="battle-history">HaUnT★ sent out <strong>Snubbull</strong>!<br></div><div class="battle-history"><small>[The opposing Snubbull's Intimidate]</small><br></div><div class="battle-history"><small>Filthy Casual's Attack fell!</small><br></div><div class="spacer battle-history"><br></div><div class="battle-history">Filthy Casual, come back!<br></div><div class="battle-history">Go! Jfyst (<strong>Carvanha</strong>)!<br></div><div class="spacer battle-history"><br></div><h2 class="battle-history">Turn 3</h2><div class="chat chatmessage-eliwoodofpherae"><strong style="color:hsl(193,67%,45.54202110162206%)"><small> </small><span class="username" data-name="eliwood_of_pherae">eliwood_of_pherae</span>:</strong> <em>Fuck it's gunna be one of these</em></div><div class="spacer battle-history"><br></div><div class="battle-history">Jfyst, come back!<br></div><div class="battle-history">Go! Sosa (<strong>Koffing</strong>)!<br></div><div class="spacer battle-history"><br></div><div class="battle-history">The opposing Snubbull used <strong>Play Rough</strong>!<br></div><div class="battle-history"><small>It's not very effective...</small><br></div><div class="battle-history"><small>(Sosa lost <abbr title="−3/21">14.3%</abbr> of its health!)</small><br></div><div class="battle-history"><small>Sosa's Attack fell!</small><br></div><div class="spacer battle-history"><br></div><h2 class="battle-history">Turn 4</h2><div class="chat chatmessage-eliwoodofpherae"><strong style="color:hsl(193,67%,45.54202110162206%)"><small> </small><span class="username" data-name="eliwood_of_pherae">eliwood_of_pherae</span>:</strong> <em><span class="greentext">&gt;boop</span></em></div><div class="spacer battle-history"><br></div><div class="battle-history">HaUnT★ withdrew Snubbull!<br></div><div class="battle-history">HaUnT★ sent out <strong>Torchic</strong>!<br></div><div class="spacer battle-history"><br></div><div class="battle-history">Sosa used <strong>Will-O-Wisp</strong>!<br></div><div class="battle-history"><small>It doesn't affect the opposing Torchic...</small><br></div><div class="spacer battle-history"><br></div><h2 class="battle-history">Turn 5</h2><div class="chat chatmessage-sabertwooth"><strong style="color:hsl(229,40%,56.28101328445227%)"><small> </small><span class="username" data-name="Sabertwooth">Sabertwooth</span>:</strong> <em>CAN'T WISP THE CHICK</em></div><div class="spacer battle-history"><br></div><div class="battle-history">The opposing Torchic used <strong>Swords Dance</strong>!<br></div><div class="battle-history"><small>The opposing Torchic's Attack rose sharply!</small><br></div><div class="spacer battle-history"><br></div><div class="battle-history">Sosa used <strong>Sludge Bomb</strong>!<br></div><div class="battle-history"><small>(The opposing Torchic lost <abbr title="−10/21">47.6%</abbr> of its health!)</small><br></div><div class="spacer battle-history"><br></div><h2 class="battle-history">Turn 6</h2><div class="chat chatmessage-haunt"><strong style="color:hsl(322,72%,43.8302968676323%)"><small>★</small><span class="username" data-name="HaUnT★">HaUnT★</span>:</strong> <em>WAIT</em></div><div class="chat chatmessage-haunt"><strong style="color:hsl(322,72%,43.8302968676323%)"><small>★</small><span class="username" data-name="HaUnT★">HaUnT★</span>:</strong> <em>FUCK</em></div><div class="chat chatmessage-haunt"><strong style="color:hsl(322,72%,43.8302968676323%)"><small>★</small><span class="username" data-name="HaUnT★">HaUnT★</span>:</strong> <em>FUCK</em></div><div class="chat chatmessage-haunt"><strong style="color:hsl(322,72%,43.8302968676323%)"><small>★</small><span class="username" data-name="HaUnT★">HaUnT★</span>:</strong> <em>FUCK</em></div><div class="chat chatmessage-haunt"><strong style="color:hsl(322,72%,43.8302968676323%)"><small>★</small><span class="username" data-name="HaUnT★">HaUnT★</span>:</strong> <em>FUCK</em></div><div class="chat chatmessage-skyman"><strong style="color:hsl(326,66%,46%)"><small>★</small><span class="username" data-name="Skyman">Skyman</span>:</strong> <em>RIP</em></div><div class="chat chatmessage-haunt"><strong style="color:hsl(322,72%,43.8302968676323%)"><small>★</small><span class="username" data-name="HaUnT★">HaUnT★</span>:</strong> <em>FUUUUUUUUUUUCJ</em></div><div class="chat chatmessage-eliwoodofpherae"><strong style="color:hsl(193,67%,45.54202110162206%)"><small> </small><span class="username" data-name="eliwood_of_pherae">eliwood_of_pherae</span>:</strong> <em>AAAAAAAHAHAHA</em></div><div class="chat chatmessage-skyman"><strong style="color:hsl(326,66%,46%)"><small>★</small><span class="username" data-name="Skyman">Skyman</span>:</strong> <em>TILTED</em></div><div class="chat chatmessage-hunterboyz24"><strong style="color:hsl(59,50%,33%)"><small> </small><span class="username" data-name="hunterboyz24">hunterboyz24</span>:</strong> <em>What just happened?</em></div><div class="chat chatmessage-haunt"><strong style="color:hsl(322,72%,43.8302968676323%)"><small>★</small><span class="username" data-name="HaUnT★">HaUnT★</span>:</strong> <em>AAAAAAAAAAAAAAAAAAAAAAAAAAAAAAAAAAAAAAAAAAAAAAAAAAAAAAAAAAAAAAAAAAAAAAAAAAAAAAAAAAAAAAAAAAAAAAAAAAAAAAAAAAAAAAAAAAA</em></div><div class="chat chatmessage-skyman"><strong style="color:hsl(326,66%,46%)"><small>★</small><span class="username" data-name="Skyman">Skyman</span>:</strong> <em>420 BLAZE IT TORCHIC</em></div><div class="chat chatmessage-sabertwooth"><strong style="color:hsl(229,40%,56.28101328445227%)"><small> </small><span class="username" data-name="Sabertwooth">Sabertwooth</span>:</strong> <em>o</em></div><div class="spacer battle-history"><br></div><div class="battle-history">The opposing Torchic used <strong>Baton Pass</strong>!<br></div><div class="spacer battle-history"><br></div><div class="battle-history">HaUnT★ sent out <strong>Scraggy</strong>!<br></div><div class="spacer battle-history"><br></div><div class="battle-history">Sosa used <strong>Clear Smog</strong>!<br></div><div class="battle-history"><small>(The opposing Scraggy lost <abbr title="−4/22">18.2%</abbr> of its health!)</small><br></div><div class="battle-history"><small>The opposing Scraggy's stat changes were removed!</small><br></div><div class="spacer battle-history"><br></div><h2 class="battle-history">Turn 7</h2><div class="chat chatmessage-sabertwooth"><strong style="color:hsl(229,40%,56.28101328445227%)"><small> </small><span class="username" data-name="Sabertwooth">Sabertwooth</span>:</strong> <em>Unburden</em></div><div class="chat chatmessage-sabertwooth"><strong style="color:hsl(229,40%,56.28101328445227%)"><small> </small><span class="username" data-name="Sabertwooth">Sabertwooth</span>:</strong> <em>No speed</em></div><div class="chat chatmessage-eliwoodofpherae"><strong style="color:hsl(193,67%,45.54202110162206%)"><small> </small><span class="username" data-name="eliwood_of_pherae">eliwood_of_pherae</span>:</strong> <em>Fucking kek'd</em></div><div class="chat chatmessage-sabertwooth"><strong style="color:hsl(229,40%,56.28101328445227%)"><small> </small><span class="username" data-name="Sabertwooth">Sabertwooth</span>:</strong> <em>lol</em></div><div class="spacer battle-history"><br></div><div class="battle-history">The opposing Scraggy used <strong>Knock Off</strong>!<br></div><div class="battle-history"><small>(Sosa lost <abbr title="−7/21">33.3%</abbr> of its health!)</small><br></div><div class="battle-history"><small>The opposing Scraggy knocked off Sosa's Eviolite!</small><br></div><div class="spacer battle-history"><br></div><div class="battle-history">Sosa used <strong>Sludge Bomb</strong>!<br></div><div class="battle-history"><small>(The opposing Scraggy lost <abbr title="−7/22">31.8%</abbr> of its health!)</small><br></div><div class="battle-history"><small>The opposing Scraggy was poisoned!</small><br></div><div class="spacer battle-history"><br></div><div class="battle-history"><small>The opposing Scraggy was hurt by poison!</small><br></div><div class="spacer battle-history"><br></div><h2 class="battle-history">Turn 8</h2><div class="chat chatmessage-haunt"><strong style="color:hsl(322,72%,43.8302968676323%)"><small>★</small><span class="username" data-name="HaUnT★">HaUnT★</span>:</strong> <em>Christ I'm a sadboy right now</em></div><div class="spacer battle-history"><br></div><div class="battle-history">HaUnT★ withdrew Scraggy!<br></div><div class="battle-history">HaUnT★ sent out <strong>Torchic</strong>!<br></div><div class="spacer battle-history"><br></div><div class="battle-history">Sosa used <strong>Pain Split</strong>!<br></div><div class="battle-history"><small>The battlers shared their pain!</small><br></div><div class="spacer battle-history"><br></div><h2 class="battle-history">Turn 9</h2><div class="chat chatmessage-eliwoodofpherae"><strong style="color:hsl(193,67%,45.54202110162206%)"><small> </small><span class="username" data-name="eliwood_of_pherae">eliwood_of_pherae</span>:</strong> <em>That's enough to tilt anybody</em></div><div class="chat chatmessage-eliwoodofpherae"><strong style="color:hsl(193,67%,45.54202110162206%)"><small> </small><span class="username" data-name="eliwood_of_pherae">eliwood_of_pherae</span>:</strong> <em>wew</em></div><div class="chat chatmessage-skyman"><strong style="color:hsl(326,66%,46%)"><small>★</small><span class="username" data-name="Skyman">Skyman</span>:</strong> <em>KEK</em></div><div class="spacer battle-history"><br></div><div class="battle-history">The opposing Torchic used <strong>Overheat</strong>!<br></div><div class="battle-history"><small>(Sosa lost <abbr title="−11/21">52.4%</abbr> of its health!)</small><br></div><div class="battle-history"><small>The opposing Torchic's Special Attack fell harshly!</small><br></div><div class="spacer battle-history"><br></div><div class="battle-history">Sosa fainted!<br></div><div class="chat chatmessage-eliwoodofpherae"><strong style="color:hsl(193,67%,45.54202110162206%)"><small> </small><span class="username" data-name="eliwood_of_pherae">eliwood_of_pherae</span>:</strong> <em>Baton pass and overheat</em></div><div class="spacer battle-history"><br></div><div class="battle-history">Go! ThundeRzReign (<strong>Numel</strong>)!<br></div><div class="spacer battle-history"><br></div><h2 class="battle-history">Turn 10</h2><div class="chat chatmessage-eliwoodofpherae"><strong style="color:hsl(193,67%,45.54202110162206%)"><small> </small><span class="username" data-name="eliwood_of_pherae">eliwood_of_pherae</span>:</strong> <em>Happening</em></div><div class="chat chatmessage-haunt"><strong style="color:hsl(322,72%,43.8302968676323%)"><small>★</small><span class="username" data-name="HaUnT★">HaUnT★</span>:</strong> <em>That might be it</em></div><div class="chat chatmessage-haunt"><strong style="color:hsl(322,72%,43.8302968676323%)"><small>★</small><span class="username" data-name="HaUnT★">HaUnT★</span>:</strong> <em>If I could pass speed</em></div><div class="chat chatmessage-haunt"><strong style="color:hsl(322,72%,43.8302968676323%)"><small>★</small><span class="username" data-name="HaUnT★">HaUnT★</span>:</strong> <em>This wouldn't be over</em></div><div class="chat chatmessage-haunt"><strong style="color:hsl(322,72%,43.8302968676323%)"><small>★</small><span class="username" data-name="HaUnT★">HaUnT★</span>:</strong> <em>BUT</em></div><div class="chat chatmessage-haunt"><strong style="color:hsl(322,72%,43.8302968676323%)"><small>★</small><span class="username" data-name="HaUnT★">HaUnT★</span>:</strong> <em>:(</em></div><div class="chat chatmessage-hunterboyz24"><strong style="color:hsl(59,50%,33%)"><small> </small><span class="username" data-name="hunterboyz24">hunterboyz24</span>:</strong> <em>This is 0.9 all over again</em></div><div class="spacer battle-history"><br></div><div class="battle-history">ThundeRzReign used <strong>Flame Charge</strong>!<br></div><div class="battle-history"><small>It's not very effective...</small><br></div><div class="battle-history"><small>(The opposing Torchic lost <abbr title="−3/21">14.3%</abbr> of its health!)</small><br></div><div class="battle-history"><small>ThundeRzReign's Speed rose sharply!</small><br></div><div class="spacer battle-history"><br></div><div class="battle-history">The opposing Torchic used <strong>Overheat</strong>!<br></div><div class="battle-history"><small>It's not very effective...</small><br></div><div class="battle-history"><small>(ThundeRzReign lost <abbr title="−4/23">17.4%</abbr> of its health!)</small><br></div><div class="battle-history"><small>The opposing Torchic's Special Attack fell harshly!</small><br></div><div class="spacer battle-history"><br></div><h2 class="battle-history">Turn 11</h2><div class="chat chatmessage-eliwoodofpherae"><strong style="color:hsl(193,67%,45.54202110162206%)"><small> </small><span class="username" data-name="eliwood_of_pherae">eliwood_of_pherae</span>:</strong> <em>Speed passing was like the scariest part of your team</em></div><div class="chat chatmessage-haunt"><strong style="color:hsl(322,72%,43.8302968676323%)"><small>★</small><span class="username" data-name="HaUnT★">HaUnT★</span>:</strong> <em>Okay yeah I'm fucked</em></div><div class="chat chatmessage-haunt"><strong style="color:hsl(322,72%,43.8302968676323%)"><small>★</small><span class="username" data-name="HaUnT★">HaUnT★</span>:</strong> <em>This dude is bulk</em></div><div class="chat chatmessage-haunt"><strong style="color:hsl(322,72%,43.8302968676323%)"><small>★</small><span class="username" data-name="HaUnT★">HaUnT★</span>:</strong> <em>This is what I get for not just copying a torchic set over from an old team</em></div><div class="spacer battle-history"><br></div><div class="battle-history">HaUnT★ withdrew Torchic!<br></div><div class="battle-history">HaUnT★ sent out <strong>Baltoy</strong>!<br></div><div class="spacer battle-history"><br></div><div class="battle-history">ThundeRzReign used <strong>Growth</strong>!<br></div><div class="battle-history"><small>ThundeRzReign's Attack rose sharply!</small><br></div><div class="battle-history"><small>ThundeRzReign's Special Attack rose sharply!</small><br></div><div class="spacer battle-history"><br></div><h2 class="battle-history">Turn 12</h2><div class="chat chatmessage-haunt"><strong style="color:hsl(322,72%,43.8302968676323%)"><small>★</small><span class="username" data-name="HaUnT★">HaUnT★</span>:</strong> <em>I think it's numelsweep from here</em></div><div class="spacer battle-history"><br></div><div class="battle-history">ThundeRzReign used <strong>Fire Blast</strong>!<br></div><div class="battle-history"><small>(The opposing Baltoy lost <abbr title="−19/20">95%</abbr> of its health!)</small><br></div><div class="battle-history"><small>The opposing Baltoy was burned!</small><br></div><div class="spacer battle-history"><br></div><div class="battle-history">The opposing Baltoy used <strong>Earthquake</strong>!<br></div><div class="battle-history"><small>It's super effective!</small><br></div><div class="battle-history"><small>(ThundeRzReign lost <abbr title="−9/23">39.1%</abbr> of its health!)</small><br></div><div class="spacer battle-history"><br></div><div class="battle-history"><small>The opposing Baltoy was hurt by its burn!</small><br></div><div class="spacer battle-history"><br></div><div class="battle-history">The opposing Baltoy fainted!<br></div><div class="chat chatmessage-eliwoodofpherae"><strong style="color:hsl(193,67%,45.54202110162206%)"><small> </small><span class="username" data-name="eliwood_of_pherae">eliwood_of_pherae</span>:</strong> <em>Fuck</em></div><div class="spacer battle-history"><br></div><div class="battle-history">HaUnT★ sent out <strong>Bunnelby</strong>!<br></div><div class="spacer battle-history"><br></div><h2 class="battle-history">Turn 13</h2><div class="chat chatmessage-skyman"><strong style="color:hsl(326,66%,46%)"><small>★</small><span class="username" data-name="Skyman">Skyman</span>:</strong> <em>BURN MATTERED</em></div><div class="chat chatmessage-eliwoodofpherae"><strong style="color:hsl(193,67%,45.54202110162206%)"><small> </small><span class="username" data-name="eliwood_of_pherae">eliwood_of_pherae</span>:</strong> <em>Burn mattered</em></div><div class="spacer battle-history"><br></div><div class="battle-history">The opposing Bunnelby used <strong>Quick Attack</strong>!<br></div><div class="battle-history"><small>(ThundeRzReign lost <abbr title="−10/23">43.5%</abbr> of its health!)</small><br></div><div class="battle-history"><small>The opposing Bunnelby lost some of its HP!</small><br></div><div class="spacer battle-history"><br></div><div class="battle-history">ThundeRzReign fainted!<br></div><div class="chat chatmessage-skyman"><strong style="color:hsl(326,66%,46%)"><small>★</small><span class="username" data-name="Skyman">Skyman</span>:</strong> <em>rip</em></div><div class="chat chatmessage-eliwoodofpherae"><strong style="color:hsl(193,67%,45.54202110162206%)"><small> </small><span class="username" data-name="eliwood_of_pherae">eliwood_of_pherae</span>:</strong> <em>Hail to the bunn</em></div><div class="chat chatmessage-haunt"><strong style="color:hsl(322,72%,43.8302968676323%)"><small>★</small><span class="username" data-name="HaUnT★">HaUnT★</span>:</strong> <em>Baltoy's sacrifice will not be forgotten</em></div><div class="chat chatmessage-haunt"><strong style="color:hsl(322,72%,43.8302968676323%)"><small>★</small><span class="username" data-name="HaUnT★">HaUnT★</span>:</strong> <em>He was the greatest</em></div><div class="spacer battle-history"><br></div><div class="battle-history">Go! Jfyst (<strong>Carvanha</strong>)!<br></div><div class="spacer battle-history"><br></div><h2 class="battle-history">Turn 14</h2><div class="chat chatmessage-eliwoodofpherae"><strong style="color:hsl(193,67%,45.54202110162206%)"><small> </small><span class="username" data-name="eliwood_of_pherae">eliwood_of_pherae</span>:</strong> <em>He might actually come back from this shitshow</em></div><div class="spacer battle-history"><br></div><div class="battle-history">Jfyst used <strong>Protect</strong>!<br></div><div class="battle-history"><small>Jfyst protected itself!</small><br></div><div class="spacer battle-history"><br></div><div class="battle-history">The opposing Bunnelby used <strong>Quick Attack</strong>!<br></div><div class="battle-history"><small>Jfyst protected itself!</small><br></div><div class="spacer battle-history"><br></div><div class="battle-history"><small>[Jfyst's Speed Boost]</small><br></div><div class="battle-history"><small>Jfyst's Speed rose!</small><br></div><div class="spacer battle-history"><br></div><h2 class="battle-history">Turn 15</h2><div class="chat chatmessage-haunt"><strong style="color:hsl(322,72%,43.8302968676323%)"><small>★</small><span class="username" data-name="HaUnT★">HaUnT★</span>:</strong> <em>Man I really should've expected this faceoff</em></div><div class="chat chatmessage-haunt"><strong style="color:hsl(322,72%,43.8302968676323%)"><small>★</small><span class="username" data-name="HaUnT★">HaUnT★</span>:</strong> <em>and packed agility</em></div><div class="spacer battle-history"><br></div><div class="battle-history">The opposing Bunnelby used <strong>Quick Attack</strong>!<br></div><div class="battle-history"><small>(Jfyst lost <abbr title="−19/19">100%</abbr> of its health!)</small><br></div><div class="battle-history"><small>The opposing Bunnelby lost some of its HP!</small><br></div><div class="spacer battle-history"><br></div><div class="battle-history">Jfyst fainted!<br></div><div class="chat chatmessage-skyman"><strong style="color:hsl(326,66%,46%)"><small>★</small><span class="username" data-name="Skyman">Skyman</span>:</strong> <em>Yeah I fucked up the moment I swapped him in</em></div><div class="chat chatmessage-eliwoodofpherae"><strong style="color:hsl(193,67%,45.54202110162206%)"><small> </small><span class="username" data-name="eliwood_of_pherae">eliwood_of_pherae</span>:</strong> <em>Yup</em></div><div class="spacer battle-history"><br></div><div class="battle-history">Go! Blue (<strong>Abra</strong>)!<br></div><div class="spacer battle-history"><br></div><h2 class="battle-history">Turn 16</h2><div class="chat"><small>calciumacetate joined.</small></div><div class="chat chatmessage-skyman"><strong style="color:hsl(326,66%,46%)"><small>★</small><span class="username" data-name="Skyman">Skyman</span>:</strong> <em>I threw so hard</em></div><div class="chat chatmessage-haunt"><strong style="color:hsl(322,72%,43.8302968676323%)"><small>★</small><span class="username" data-name="HaUnT★">HaUnT★</span>:</strong> <em>It's okay</em></div><div class="chat chatmessage-eliwoodofpherae"><strong style="color:hsl(193,67%,45.54202110162206%)"><small> </small><span class="username" data-name="eliwood_of_pherae">eliwood_of_pherae</span>:</strong> <em>And got so far</em></div><div class="chat chatmessage-haunt"><strong style="color:hsl(322,72%,43.8302968676323%)"><small>★</small><span class="username" data-name="HaUnT★">HaUnT★</span>:</strong> <em>I can still throw</em></div><div class="chat chatmessage-hunterboyz24"><strong style="color:hsl(59,50%,33%)"><small> </small><span class="username" data-name="hunterboyz24">hunterboyz24</span>:</strong> <em>and got so far</em></div><div class="chat chatmessage-hunterboyz24"><strong style="color:hsl(59,50%,33%)"><small> </small><span class="username" data-name="hunterboyz24">hunterboyz24</span>:</strong> <em>damn it eli</em></div><div class="chat chatmessage-eliwoodofpherae"><strong style="color:hsl(193,67%,45.54202110162206%)"><small> </small><span class="username" data-name="eliwood_of_pherae">eliwood_of_pherae</span>:</strong> <em>Fuck off hunter</em></div><div class="chat chatmessage-haunt"><strong style="color:hsl(322,72%,43.8302968676323%)"><small>★</small><span class="username" data-name="HaUnT★">HaUnT★</span>:</strong> <em>Like actually though, I need to consider my steps here</em></div><div class="chat chatmessage-haunt"><strong style="color:hsl(322,72%,43.8302968676323%)"><small>★</small><span class="username" data-name="HaUnT★">HaUnT★</span>:</strong> <em>IF I HAD SPEED</em></div><div class="chat chatmessage-haunt"><strong style="color:hsl(322,72%,43.8302968676323%)"><small>★</small><span class="username" data-name="HaUnT★">HaUnT★</span>:</strong> <em>I WOULDN'T HAVE TO THINK THIS AHRD</em></div><div class="spacer battle-history"><br></div><div class="battle-history">HaUnT★ withdrew Bunnelby!<br></div><div class="battle-history">HaUnT★ sent out <strong>Scraggy</strong>!<br></div><div class="spacer battle-history"><br></div><div class="battle-history">Blue used <strong>Psychic</strong>!<br></div><div class="battle-history"><small>It doesn't affect the opposing Scraggy...</small><br></div><div class="spacer battle-history"><br></div><div class="battle-history"><small>The opposing Scraggy was hurt by poison!</small><br></div><div class="spacer battle-history"><br></div><h2 class="battle-history">Turn 17</h2><div class="chat chatmessage-haunt"><strong style="color:hsl(322,72%,43.8302968676323%)"><small>★</small><span class="username" data-name="HaUnT★">HaUnT★</span>:</strong> <em>I could've just protected for a turn</em></div><div class="spacer battle-history"><br></div><div class="battle-history">Blue used <strong>Dazzling Gleam</strong>!<br></div><div class="battle-history"><small>It's super effective!</small><br></div><div class="battle-history"><small>(The opposing Scraggy lost <abbr title="−7/22">31.8%</abbr> of its health!)</small><br></div><div class="spacer battle-history"><br></div><div class="battle-history">The opposing Scraggy fainted!<br></div><div class="spacer battle-history"><br></div><div class="battle-history">HaUnT★ sent out <strong>Snubbull</strong>!<br></div><div class="battle-history"><small>[The opposing Snubbull's Intimidate]</small><br></div><div class="battle-history"><small>Blue's Attack fell!</small><br></div><div class="spacer battle-history"><br></div><h2 class="battle-history">Turn 18</h2><div class="chat chatmessage-eliwoodofpherae"><strong style="color:hsl(193,67%,45.54202110162206%)"><small> </small><span class="username" data-name="eliwood_of_pherae">eliwood_of_pherae</span>:</strong> <em>snobble</em></div><div class="spacer battle-history"><br></div><div class="battle-history">Blue used <strong>Psychic</strong>!<br></div><div class="battle-history"><small>(The opposing Snubbull lost <abbr title="−21/23">91.3%</abbr> of its health!)</small><br></div><div class="battle-history"><small>(The opposing Snubbull used its Berry Juice!)</small><br></div><div class="battle-history"><small>The opposing Snubbull restored HP using its Berry Juice!</small><br></div><div class="spacer battle-history"><br></div><div class="battle-history">The opposing Snubbull used <strong>Play Rough</strong>!<br></div><div class="battle-history"><small>Blue hung on using its Focus Sash!</small><br></div><div class="battle-history"><small>(Blue lost <abbr title="−18/19">94.7%</abbr> of its health!)</small><br></div><div class="spacer battle-history"><br></div><h2 class="battle-history">Turn 19</h2><div class="chat chatmessage-eliwoodofpherae"><strong style="color:hsl(193,67%,45.54202110162206%)"><small> </small><span class="username" data-name="eliwood_of_pherae">eliwood_of_pherae</span>:</strong> <em>rip</em></div><div class="spacer battle-history"><br></div><div class="battle-history">HaUnT★ withdrew Snubbull!<br></div><div class="battle-history">HaUnT★ sent out <strong>Torchic</strong>!<br></div><div class="spacer battle-history"><br></div><div class="battle-history">Blue used <strong>Psychic</strong>!<br></div><div class="battle-history"><small>A critical hit!</small><br></div><div class="battle-history"><small>(The opposing Torchic lost <abbr title="−8/21">38.1%</abbr> of its health!)</small><br></div><div class="spacer battle-history"><br></div><div class="battle-history">The opposing Torchic fainted!<br></div><div class="spacer battle-history"><br></div><div class="battle-history">HaUnT★ sent out <strong>Bunnelby</strong>!<br></div><div class="spacer battle-history"><br></div><h2 class="battle-history">Turn 20</h2><div class="spacer battle-history"><br></div><div class="battle-history">Blue used <strong>Protect</strong>!<br></div><div class="battle-history"><small>Blue protected itself!</small><br></div><div class="spacer battle-history"><br></div><div class="battle-history">The opposing Bunnelby used <strong>Quick Attack</strong>!<br></div><div class="battle-history"><small>Blue protected itself!</small><br></div><div class="spacer battle-history"><br></div><h2 class="battle-history">Turn 21</h2><div class="spacer battle-history"><br></div><div class="battle-history">The opposing Bunnelby used <strong>Quick Attack</strong>!<br></div><div class="battle-history"><small>(Blue lost <abbr title="−1/19">5.3%</abbr> of its health!)</small><br></div><div class="battle-history"><small>The opposing Bunnelby lost some of its HP!</small><br></div><div class="spacer battle-history"><br></div><div class="battle-history">Blue fainted!<br></div><div class="spacer battle-history"><br></div><div class="battle-history">Go! Filthy Casual (<strong>Timburr</strong>)!<br></div><div class="spacer battle-history"><br></div><h2 class="battle-history">Turn 22</h2><div class="chat chatmessage-skyman"><strong style="color:hsl(326,66%,46%)"><small>★</small><span class="username" data-name="Skyman">Skyman</span>:</strong> <em>&lt;tension&gt;</em></div><div class="chat chatmessage-eliwoodofpherae"><strong style="color:hsl(193,67%,45.54202110162206%)"><small> </small><span class="username" data-name="eliwood_of_pherae">eliwood_of_pherae</span>:</strong> <em>&lt;questionable plays&gt;</em></div><div class="chat chatmessage-haunt"><strong style="color:hsl(322,72%,43.8302968676323%)"><small>★</small><span class="username" data-name="HaUnT★">HaUnT★</span>:</strong> <em>I'm not even really thinking</em></div><div class="chat chatmessage-haunt"><strong style="color:hsl(322,72%,43.8302968676323%)"><small>★</small><span class="username" data-name="HaUnT★">HaUnT★</span>:</strong> <em>I'm actually just listening to my heartbeat</em></div><div class="chat chatmessage-eliwoodofpherae"><strong style="color:hsl(193,67%,45.54202110162206%)"><small> </small><span class="username" data-name="eliwood_of_pherae">eliwood_of_pherae</span>:</strong> <em>That subtle bm</em></div><div class="chat chatmessage-skyman"><strong style="color:hsl(326,66%,46%)"><small>★</small><span class="username" data-name="Skyman">Skyman</span>:</strong> <em>I'm so scared</em></div><div class="chat chatmessage-haunt"><strong style="color:hsl(322,72%,43.8302968676323%)"><small>★</small><span class="username" data-name="HaUnT★">HaUnT★</span>:</strong> <em>same</em></div><div class="chat chatmessage-haunt"><strong style="color:hsl(322,72%,43.8302968676323%)"><small>★</small><span class="username" data-name="HaUnT★">HaUnT★</span>:</strong> <em>hold my hand</em></div><div class="spacer battle-history"><br></div><div class="battle-history">Filthy Casual used <strong>Mach Punch</strong>!<br></div><div class="battle-history"><small>It's super effective!</small><br></div><div class="battle-history"><small>(The opposing Bunnelby lost <abbr title="−14/20">70%</abbr> of its health!)</small><br></div><div class="spacer battle-history"><br></div><div class="battle-history">The opposing Bunnelby fainted!<br></div><div class="chat chatmessage-skyman"><strong style="color:hsl(326,66%,46%)"><small>★</small><span class="username" data-name="Skyman">Skyman</span>:</strong> <em>I KNEW IT</em></div><div class="chat chatmessage-eliwoodofpherae"><strong style="color:hsl(193,67%,45.54202110162206%)"><small> </small><span class="username" data-name="eliwood_of_pherae">eliwood_of_pherae</span>:</strong> <em>Holy shit</em></div><div class="spacer battle-history"><br></div><div class="battle-history">HaUnT★ sent out <strong>Snubbull</strong>!<br></div><div class="battle-history"><small>[The opposing Snubbull's Intimidate]</small><br></div><div class="battle-history"><small>Filthy Casual's Attack fell!</small><br></div><div class="spacer battle-history"><br></div><h2 class="battle-history">Turn 23</h2><div class="chat chatmessage-eliwoodofpherae"><strong style="color:hsl(193,67%,45.54202110162206%)"><small> </small><span class="username" data-name="eliwood_of_pherae">eliwood_of_pherae</span>:</strong> <em>ACTIVATE THE PROTOCALL</em></div><div class="chat chatmessage-eliwoodofpherae"><strong style="color:hsl(193,67%,45.54202110162206%)"><small> </small><span class="username" data-name="eliwood_of_pherae">eliwood_of_pherae</span>:</strong> <em>THIS IS HAPPENING</em></div><div class="chat chatmessage-eliwoodofpherae"><strong style="color:hsl(193,67%,45.54202110162206%)"><small> </small><span class="username" data-name="eliwood_of_pherae">eliwood_of_pherae</span>:</strong> <em>THE BUNN IS DOWN</em></div><div class="spacer battle-history"><br></div><div class="battle-history">The opposing Snubbull used <strong>Play Rough</strong>!<br></div><div class="battle-history"><small>It's super effective!</small><br></div><div class="battle-history"><small>A critical hit!</small><br></div><div class="battle-history"><small>(Filthy Casual lost <abbr title="−14/24">58.3%</abbr> of its health!)</small><br></div><div class="spacer battle-history"><br></div><div class="battle-history">Filthy Casual fainted!<br></div><div class="chat"><small>hunterboyz24 left.</small></div><div class="spacer battle-history"><br></div><div class="battle-history">Go! Jason Waterfalls (<strong>Goldeen</strong>)!<br></div><div class="spacer battle-history"><br></div><h2 class="battle-history">Turn 24</h2><div class="chat chatmessage-haunt"><strong style="color:hsl(322,72%,43.8302968676323%)"><small>★</small><span class="username" data-name="HaUnT★">HaUnT★</span>:</strong> <em>crit possibly mattered</em></div><div class="chat chatmessage-eliwoodofpherae"><strong style="color:hsl(193,67%,45.54202110162206%)"><small> </small><span class="username" data-name="eliwood_of_pherae">eliwood_of_pherae</span>:</strong> <em>No way</em></div><div class="chat chatmessage-haunt"><strong style="color:hsl(322,72%,43.8302968676323%)"><small>★</small><span class="username" data-name="HaUnT★">HaUnT★</span>:</strong> <em>There was a low roll for Timb to live</em></div><div class="spacer battle-history"><br></div><div class="battle-history">Jason Waterfalls used <strong>Waterfall</strong>!<br></div><div class="battle-history"><small>(The opposing Snubbull lost <abbr title="−12/23">52.2%</abbr> of its health!)</small><br></div><div class="spacer battle-history"><br></div><div class="battle-history">The opposing Snubbull flinched and couldn't move!<br></div><div class="spacer battle-history"><br></div><h2 class="battle-history">Turn 25</h2><div class="chat chatmessage-haunt"><strong style="color:hsl(322,72%,43.8302968676323%)"><small>★</small><span class="username" data-name="HaUnT★">HaUnT★</span>:</strong> <em>oh shit</em></div><div class="spacer battle-history"><br></div><div class="battle-history">Jason Waterfalls used <strong>Waterfall</strong>!<br></div><div class="battle-history"><small>(The opposing Snubbull lost <abbr title="−10/23">43.5%</abbr> of its health!)</small><br></div><div class="spacer battle-history"><br></div><div class="battle-history">The opposing Snubbull fainted!<br></div><div class="spacer battle-history"><br></div><div class="battle-history">HaUnT★ sent out <strong>Elgyem</strong>!<br></div><div class="spacer battle-history"><br></div><h2 class="battle-history">Turn 26</h2><div class="chat chatmessage-skyman"><strong style="color:hsl(326,66%,46%)"><small>★</small><span class="username" data-name="Skyman">Skyman</span>:</strong> <em>oh god</em></div><div class="spacer battle-history"><br></div><div class="battle-history">Jason Waterfalls used <strong>Waterfall</strong>!<br></div><div class="battle-history"><small>(The opposing Elgyem lost <abbr title="−9/22">40.9%</abbr> of its health!)</small><br></div><div class="spacer battle-history"><br></div><div class="battle-history">The opposing Elgyem used <strong>Psychic</strong>!<br></div><div class="battle-history"><small>(Jason Waterfalls lost <abbr title="−21/21">100%</abbr> of its health!)</small><br></div><div class="spacer battle-history"><br></div><div class="battle-history">Jason Waterfalls fainted!<br></div><div class="spacer battle-history"><br></div><div class="battle-history"><strong>HaUnT★</strong> won the battle!<br></div><div class="chat chatmessage-eliwoodofpherae"><strong style="color:hsl(193,67%,45.54202110162206%)"><small> </small><span class="username" data-name="eliwood_of_pherae">eliwood_of_pherae</span>:</strong> <em>Holy shit</em></div><div class="chat chatmessage-calciumacetate"><strong style="color:hsl(65,69%,35%)"><small> </small><span class="username" data-name="calciumacetate">calciumacetate</span>:</strong> <em>This is tense</em></div><div class="chat chatmessage-haunt"><strong style="color:hsl(322,72%,43.8302968676323%)"><small>★</small><span class="username" data-name="HaUnT★">HaUnT★</span>:</strong> <em>holy shit</em></div><div class="chat chatmessage-haunt"><strong style="color:hsl(322,72%,43.8302968676323%)"><small>★</small><span class="username" data-name="HaUnT★">HaUnT★</span>:</strong> <em>gg dude</em></div><div class="chat chatmessage-eliwoodofpherae"><strong style="color:hsl(193,67%,45.54202110162206%)"><small> </small><span class="username" data-name="eliwood_of_pherae">eliwood_of_pherae</span>:</strong> <em>Rip</em></div><div class="chat chatmessage-calciumacetate"><strong style="color:hsl(65,69%,35%)"><small> </small><span class="username" data-name="calciumacetate">calciumacetate</span>:</strong> <em>rip</em></div><div class="chat chatmessage-skyman"><strong style="color:hsl(326,66%,46%)"><small>★</small><span class="username" data-name="Skyman">Skyman</span>:</strong> <em>gg</em></div><div class="chat chatmessage-haunt"><strong style="color:hsl(322,72%,43.8302968676323%)"><small>★</small><span class="username" data-name="HaUnT★">HaUnT★</span>:</strong> <em>I might need to go take a second shit</em></div><div class="chat chatmessage-skyman"><strong style="color:hsl(326,66%,46%)"><small>★</small><span class="username" data-name="Skyman">Skyman</span>:</strong> <em>Fucked up a few times too many</em></div><div class="chat chatmessage-skyman"><strong style="color:hsl(326,66%,46%)"><small>★</small><span class="username" data-name="Skyman">Skyman</span>:</strong> <em>I was scarf</em></div><div class="chat"><small>eliwood_of_pherae left.</small></div><div class="chat chatmessage-haunt"><strong style="color:hsl(322,72%,43.8302968676323%)"><small>★</small><span class="username" data-name="HaUnT★">HaUnT★</span>:</strong> <em>lol</em></div><div class="chat"><small>calciumacetate left.</small></div></div><div class="inner-preempt"></div></div></div>
</div>
<script>
let daily = Math.floor(Date.now()/1000/60/60/24);document.write('<script src="https://play.pokemonshowdown.com/js/replay-embed.js?version'+daily+'"></'+'script>');
</script>
