<!DOCTYPE html>
<meta charset="utf-8" />
<!-- version 1 -->
<title>LC replay: Corckscrew vs. Berks!</title>
<style>
html,body {font-family:Verdana, sans-serif;font-size:10pt;margin:0;padding:0;}body{padding:12px 0;} .battle-log {font-family:Verdana, sans-serif;font-size:10pt;} .battle-log-inline {border:1px solid #AAAAAA;background:#EEF2F5;color:black;max-width:640px;margin:0 auto 80px;padding-bottom:5px;} .battle-log .inner {padding:4px 8px 0px 8px;} .battle-log .inner-preempt {padding:0 8px 4px 8px;} .battle-log .inner-after {margin-top:0.5em;} .battle-log h2 {margin:0.5em -8px;padding:4px 8px;border:1px solid #AAAAAA;background:#E0E7EA;border-left:0;border-right:0;font-family:Verdana, sans-serif;font-size:13pt;} .battle-log .chat {vertical-align:middle;padding:3px 0 3px 0;font-size:8pt;} .battle-log .chat strong {color:#40576A;} .battle-log .chat em {padding:1px 4px 1px 3px;color:#000000;font-style:normal;} .chat.mine {background:rgba(0,0,0,0.05);margin-left:-8px;margin-right:-8px;padding-left:8px;padding-right:8px;} .spoiler {color:#BBBBBB;background:#BBBBBB;padding:0px 3px;} .spoiler:hover, .spoiler:active, .spoiler-shown {color:#000000;background:#E2E2E2;padding:0px 3px;} .spoiler a {color:#BBBBBB;} .spoiler:hover a, .spoiler:active a, .spoiler-shown a {color:#2288CC;} .chat code, .chat .spoiler:hover code, .chat .spoiler:active code, .chat .spoiler-shown code {border:1px solid #C0C0C0;background:#EEEEEE;color:black;padding:0 2px;} .chat .spoiler code {border:1px solid #CCCCCC;background:#CCCCCC;color:#CCCCCC;} .battle-log .rated {padding:3px 4px;} .battle-log .rated strong {color:white;background:#89A;padding:1px 4px;border-radius:4px;} .spacer {margin-top:0.5em;} .message-announce {background:#6688AA;color:white;padding:1px 4px 2px;} .message-announce a, .broadcast-green a, .broadcast-blue a, .broadcast-red a {color:#DDEEFF;} .broadcast-green {background-color:#559955;color:white;padding:2px 4px;} .broadcast-blue {background-color:#6688AA;color:white;padding:2px 4px;} .infobox {border:1px solid #6688AA;padding:2px 4px;} .infobox-limited {max-height:200px;overflow:auto;overflow-x:hidden;} .broadcast-red {background-color:#AA5544;color:white;padding:2px 4px;} .message-learn-canlearn {font-weight:bold;color:#228822;text-decoration:underline;} .message-learn-cannotlearn {font-weight:bold;color:#CC2222;text-decoration:underline;} .message-effect-weak {font-weight:bold;color:#CC2222;} .message-effect-resist {font-weight:bold;color:#6688AA;} .message-effect-immune {font-weight:bold;color:#666666;} .message-learn-list {margin-top:0;margin-bottom:0;} .message-throttle-notice, .message-error {color:#992222;} .message-overflow, .chat small.message-overflow {font-size:0pt;} .message-overflow::before {font-size:9pt;content:'...';} .subtle {color:#3A4A66;}
</style>
<div class="wrapper replay-wrapper" style="max-width:1180px;margin:0 auto">
<input type="hidden" name="replayid" value="lc-558938948" />
<div class="battle"></div><div class="battle-log"></div><div class="replay-controls"></div><div class="replay-controls-2"></div>
<h1 style="font-weight:normal;text-align:center"><strong>LC</strong><br /><a href="http://pokemonshowdown.com/users/corckscrew" class="subtle" target="_blank">Corckscrew</a> vs. <a href="http://pokemonshowdown.com/users/berks" class="subtle" target="_blank">Berks!</a></h1>
<script type="text/plain" class="battle-log-data">|j|Corckscrew
|j|Berks!
|player|p1|Corckscrew|279
|player|p2|Berks!|186
|gametype|singles
|gen|6
|tier|LC
|seed|3488,12163,42113,62555
|clearpoke
|poke|p1|Corphish, L5, M, shiny|item
|poke|p1|Gothita, L5, F|item
|poke|p1|Ferroseed, L5, M, shiny|item
|poke|p1|Spritzee, L5, F|item
|poke|p1|Fletchling, L5, F, shiny|
|poke|p1|Drilbur, L5, F|item
|poke|p2|Vullaby, L5, F|item
|poke|p2|Diglett, L5, F|item
|poke|p2|Staryu, L5|item
|poke|p2|Larvesta, L5, F|item
|poke|p2|Mienfoo, L5, M|item
|poke|p2|Lileep, L5, M|item
|rule|Sleep Clause Mod: Limit one foe put to sleep
|rule|Species Clause: Limit one of each Pokémon
|rule|OHKO Clause: OHKO moves are banned
|rule|Moody Clause: Moody is banned
|rule|Evasion Moves Clause: Evasion moves are banned
|rule|Endless Battle Clause: Forcing endless battles is banned
|rule|HP Percentage Mod: HP is shown in percentages
|teampreview
|c|☆Corckscrew|I lost my wailmer oras team
|c|☆Corckscrew|so sad
|c|☆Berks!|rip
|c|☆Corckscrew|have fun
|j|Altarielvonsweep
|c| Altarielvonsweep|oras was so funny
|c|☆Corckscrew|yeah
|choice|team 1, team 2, team 3, team 4, team 5, team 6|team 4, team 2, team 3, team 1, team 5, team 6
|
|start
|switch|p1a: Gravios gigacannon|Corphish, L5, M, shiny|20\/20
|switch|p2a: Larvesta|Larvesta, L5, F|23\/23
|turn|1
|choice|move knockoff|move willowisp
|
|move|p1a: Gravios gigacannon|Knock Off|p2a: Larvesta
|-damage|p2a: Larvesta|17\/23
|-status|p1a: Gravios gigacannon|brn|[from] ability: Flame Body|[of] p2a: Larvesta
|-enditem|p2a: Larvesta|Eviolite|[from] move: Knock Off|[of] p1a: Gravios gigacannon
|move|p2a: Larvesta|Will-O-Wisp|p1a: Gravios gigacannon
|-fail|p1a: Gravios gigacannon|brn
|
|-damage|p1a: Gravios gigacannon|18\/20 brn|[from] brn
|upkeep
|turn|2
|choice|move crabhammer|switch 3
|
|switch|p2a: Staryu|Staryu, L5|20\/20
|move|p1a: Gravios gigacannon|Crabhammer|p2a: Staryu
|-resisted|p2a: Staryu
|-crit|p2a: Staryu
|-damage|p2a: Staryu|13\/20
|
|-damage|p1a: Gravios gigacannon|16\/20 brn|[from] brn
|upkeep
|turn|3
|choice|switch 3|switch 3
|
|switch|p2a: Larvesta|Larvesta, L5, F|17\/23
|switch|p1a: God's archipelago|Ferroseed, L5, M, shiny|22\/22
|
|upkeep
|turn|4
|choice|switch 4|move uturn
|
|switch|p1a: Mighty seed|Spritzee, L5, F|27\/27
|move|p2a: Larvesta|U-turn|p1a: Mighty seed
|-resisted|p1a: Mighty seed
|-damage|p1a: Mighty seed|24\/27
|j|Gummysaurus
|choice||switch 5
|
|switch|p2a: Mienfoo|Mienfoo, L5, M|21\/21
|
|upkeep
|turn|5
|choice|move moonblast|move knockoff
|
|move|p2a: Mienfoo|Knock Off|p1a: Mighty seed
|-resisted|p1a: Mighty seed
|-damage|p1a: Mighty seed|22\/27
|-enditem|p1a: Mighty seed|Eviolite|[from] move: Knock Off|[of] p2a: Mienfoo
|move|p1a: Mighty seed|Moonblast|p2a: Mienfoo
|-supereffective|p2a: Mienfoo
|-damage|p2a: Mienfoo|3\/21
|
|upkeep
|turn|6
|choice|move healbell|move uturn
|
|move|p2a: Mienfoo|U-turn|p1a: Mighty seed
|-resisted|p1a: Mighty seed
|-damage|p1a: Mighty seed|19\/27
|choice||switch 5
|
|switch|p2a: Larvesta|Larvesta, L5, F|17\/23
|move|p1a: Mighty seed|Heal Bell|p1a: Mighty seed
|-activate|p1a: Mighty seed|move: Heal Bell
|-curestatus|p1: Gravios gigacannon|brn|[msg]
|
|upkeep
|turn|7
|choice|switch 6|move flareblitz
|
|switch|p1a: Pierce Up|Drilbur, L5, F|23\/23
|-ability|p1a: Pierce Up|Mold Breaker
|move|p2a: Larvesta|Flare Blitz|p1a: Pierce Up
|-damage|p1a: Pierce Up|8\/23
|-damage|p2a: Larvesta|12\/23|[from] recoil|[of] p1a: Pierce Up
|
|upkeep
|turn|8
|choice|move rockslide|switch 4
|
|switch|p2a: Vullaby|Vullaby, L5, F|23\/23
|move|p1a: Pierce Up|Rock Slide|p2a: Vullaby
|-supereffective|p2a: Vullaby
|-crit|p2a: Vullaby
|-damage|p2a: Vullaby|1\/23
|
|upkeep
|turn|9
|c|☆Corckscrew|so sorry :C
|choice|switch 4|move roost
|
|switch|p1a: God's archipelago|Ferroseed, L5, M, shiny|22\/22
|move|p2a: Vullaby|Roost|p2a: Vullaby
|-heal|p2a: Vullaby|13\/23
|
|upkeep
|turn|10
|choice|move stealthrock|switch 5
|
|switch|p2a: Mienfoo|Mienfoo, L5, M|10\/21
|move|p1a: God's archipelago|Stealth Rock|p2a: Mienfoo
|-sidestart|p2: Berks!|move: Stealth Rock
|
|upkeep
|turn|11
|choice|switch 6|move highjumpkick
|
|switch|p1a: Mighty seed|Spritzee, L5, F|19\/27
|move|p2a: Mienfoo|High Jump Kick|p1a: Mighty seed
|-resisted|p1a: Mighty seed
|-damage|p1a: Mighty seed|13\/27
|
|upkeep
|turn|12
|choice|move moonblast|move uturn
|
|move|p2a: Mienfoo|U-turn|p1a: Mighty seed
|-resisted|p1a: Mighty seed
|-crit|p1a: Mighty seed
|-damage|p1a: Mighty seed|9\/27
|choice||switch 4
|
|switch|p2a: Larvesta|Larvesta, L5, F|12\/23
|-damage|p2a: Larvesta|1\/23|[from] Stealth Rock
|move|p1a: Mighty seed|Moonblast|p2a: Larvesta
|-resisted|p2a: Larvesta
|-crit|p2a: Larvesta
|-damage|p2a: Larvesta|0 fnt
|faint|p2a: Larvesta
|
|upkeep
|c|☆Berks!|Ah
|c|☆Berks!|forgot the rocks
|choice||switch 2
|
|switch|p2a: Diglett|Diglett, L5, F|18\/18
|-damage|p2a: Diglett|17\/18|[from] Stealth Rock
|turn|13
|choice|move moonblast|move earthquake
|
|move|p2a: Diglett|Earthquake|p1a: Mighty seed
|-damage|p1a: Mighty seed|0 fnt
|-damage|p2a: Diglett|16\/18|[from] item: Life Orb
|faint|p1a: Mighty seed
|
|upkeep
|choice|switch 5|
|
|switch|p1a: Siege fire|Fletchling, L5, F, shiny|22\/22
|turn|14
|choice|move acrobatics|move rockslide
|
|move|p1a: Siege fire|Acrobatics|p2a: Diglett
|-damage|p2a: Diglett|0 fnt
|faint|p2a: Diglett
|
|upkeep
|choice||switch 6
|
|switch|p2a: Lileep|Lileep, L5, M|24\/24
|-damage|p2a: Lileep|21\/24|[from] Stealth Rock
|turn|15
|choice|switch 4|move stealthrock
|
|switch|p1a: Pierce Up|Drilbur, L5, F|8\/23
|-ability|p1a: Pierce Up|Mold Breaker
|move|p2a: Lileep|Stealth Rock|p1a: Pierce Up
|-sidestart|p1: Corckscrew|move: Stealth Rock
|
|upkeep
|turn|16
|choice|move earthquake|move gigadrain
|
|move|p1a: Pierce Up|Earthquake|p2a: Lileep
|-damage|p2a: Lileep|12\/24
|move|p2a: Lileep|Giga Drain|p1a: Pierce Up
|-supereffective|p1a: Pierce Up
|-damage|p1a: Pierce Up|0 fnt
|-heal|p2a: Lileep|16\/24|[from] drain|[of] p1a: Pierce Up
|faint|p1a: Pierce Up
|
|upkeep
|choice|switch 2|
|
|switch|p1a: Critical distance|Gothita, L5, F|21\/21
|-damage|p1a: Critical distance|19\/21|[from] Stealth Rock
|turn|17
|choice|move trick|move recover
|
|move|p1a: Critical distance|Trick|p2a: Lileep
|-activate|p1a: Critical distance|move: Trick|[of] p2a: Lileep
|-item|p2a: Lileep|Choice Scarf|[from] move: Trick
|-item|p1a: Critical distance|Eviolite|[from] move: Trick
|move|p2a: Lileep|Recover|p2a: Lileep
|-heal|p2a: Lileep|24\/24
|
|upkeep
|turn|18
|c|☆Berks!|ugh
|choice|move psychic|move recover
|
|move|p1a: Critical distance|Psychic|p2a: Lileep
|-damage|p2a: Lileep|12\/24
|move|p2a: Lileep|Recover|p2a: Lileep
|-heal|p2a: Lileep|24\/24
|
|upkeep
|turn|19
|choice|move psychic|move recover
|
|move|p1a: Critical distance|Psychic|p2a: Lileep
|-damage|p2a: Lileep|12\/24
|move|p2a: Lileep|Recover|p2a: Lileep
|-heal|p2a: Lileep|24\/24
|
|upkeep
|turn|20
|choice|switch 4|move recover
|
|switch|p1a: Siege fire|Fletchling, L5, F, shiny|22\/22
|-damage|p1a: Siege fire|17\/22|[from] Stealth Rock
|move|p2a: Lileep|Recover|p2a: Lileep
|-fail|p2a: Lileep
|
|upkeep
|turn|21
|choice|move swordsdance|switch 3
|
|switch|p2a: Staryu|Staryu, L5|13\/20
|-damage|p2a: Staryu|11\/20|[from] Stealth Rock
|move|p1a: Siege fire|Swords Dance|p1a: Siege fire
|-boost|p1a: Siege fire|atk|2
|
|upkeep
|turn|22
|c|☆Corckscrew|gg
|choice|move acrobatics|move hydropump
|
|move|p1a: Siege fire|Acrobatics|p2a: Staryu
|-damage|p2a: Staryu|0 fnt
|faint|p2a: Staryu
|
|upkeep
|choice||switch 3
|
|switch|p2a: Lileep|Lileep, L5, M|24\/24
|-damage|p2a: Lileep|21\/24|[from] Stealth Rock
|turn|23
|choice|move acrobatics|move ancientpower
|
|move|p1a: Siege fire|Acrobatics|p2a: Lileep
|-damage|p2a: Lileep|0 fnt
|faint|p2a: Lileep
|
|upkeep
|-message|Berks! forfeited.
|
|win|Corckscrew
|l|Berks!
|l|Corckscrew
|l|Gummysaurus
|j|no lube for you
|l|no lube for you
|j|no lube for you</script>
</div>
<div class="battle-log battle-log-inline"><div class="inner"><div class="battle-options"></div><div class="inner"><div class="chat"><small>Corckscrew joined.</small></div><div class="chat"><small>Berks! joined.</small></div><div class=""><small>Format:</small> <br><strong>LC</strong></div><div class=""><small><em>Sleep Clause Mod:</em> Limit one foe put to sleep</small></div><div class=""><small><em>Species Clause:</em> Limit one of each Pokémon</small></div><div class=""><small><em>OHKO Clause:</em> OHKO moves are banned</small></div><div class=""><small><em>Moody Clause:</em> Moody is banned</small></div><div class=""><small><em>Evasion Moves Clause:</em> Evasion moves are banned</small></div><div class=""><small><em>Endless Battle Clause:</em> Forcing endless battles is banned</small></div><div class=""><small><em>HP Percentage Mod:</em> HP is shown in percentages</small></div><div class="chat battle-history"><strong>Corckscrew's team:</strong> <em style="color:#445566;display:block;">Corphish / Gothita / Ferroseed / Spritzee / Fletchling / Drilbur</em></div><div class="chat battle-history"><strong>Berks!'s team:</strong> <em style="color:#445566;display:block;">Vullaby / Diglett / Staryu / Larvesta / Mienfoo / Lileep</em></div><div class="chat chatmessage-corckscrew"><strong style="color:hsl(205,78%,42.755002096129594%)"><small>☆</small><span class="username" data-name="Corckscrew">Corckscrew</span>:</strong> <em>I lost my wailmer oras team</em></div><div class="chat chatmessage-corckscrew"><strong style="color:hsl(205,78%,42.755002096129594%)"><small>☆</small><span class="username" data-name="Corckscrew">Corckscrew</span>:</strong> <em>so sad</em></div><div class="chat chatmessage-berks"><strong style="color:hsl(0,82%,45.041730236809606%)"><small>☆</small><span class="username" data-name="Berks!">Berks!</span>:</strong> <em>rip</em></div><div class="chat chatmessage-corckscrew"><strong style="color:hsl(205,78%,42.755002096129594%)"><small>☆</small><span class="username" data-name="Corckscrew">Corckscrew</span>:</strong> <em>have fun</em></div><div class="chat"><small>Altarielvonsweep joined.</small></div><div class="chat chatmessage-altarielvonsweep"><strong style="color:hsl(84,50%,41.97665077936%)"><small> </small><span class="username" data-name="Altarielvonsweep">Altarielvonsweep</span>:</strong> <em>oras was so funny</em></div><div class="chat chatmessage-corckscrew"><strong style="color:hsl(205,78%,42.755002096129594%)"><small>☆</small><span class="username" data-name="Corckscrew">Corckscrew</span>:</strong> <em>yeah</em></div><div class="spacer battle-history"><br></div><div class="battle-history">Battle started between Corckscrew and Berks!!<br></div><div class="spacer battle-history"><br></div><div class="battle-history">Go! Gravios gigacannon (<strong>Corphish</strong>)!<br></div><div class="spacer battle-history"><br></div><div class="battle-history">Berks! sent out <strong>Larvesta</strong>!<br></div><div class="spacer battle-history"><br></div><h2 class="battle-history">Turn 1</h2><div class="spacer battle-history"><br></div><div class="battle-history">Gravios gigacannon used <strong>Knock Off</strong>!<br></div><div class="battle-history"><small>(The opposing Larvesta lost <abbr title="−6/23">26.1%</abbr> of its health!)</small><br></div><div class="battle-history"><small>[The opposing Larvesta's Flame Body]</small><br><small>Gravios gigacannon was burned!</small><br></div><div class="battle-history"><small>Gravios gigacannon knocked off the opposing Larvesta's Eviolite!</small><br></div><div class="spacer battle-history"><br></div><div class="battle-history">The opposing Larvesta used <strong>Will-O-Wisp</strong>!<br></div><div class="battle-history"><small>Gravios gigacannon already has a burn.</small><br></div><div class="spacer battle-history"><br></div><div class="battle-history"><small>Gravios gigacannon was hurt by its burn!</small><br></div><div class="spacer battle-history"><br></div><h2 class="battle-history">Turn 2</h2><div class="spacer battle-history"><br></div><div class="battle-history">Berks! withdrew Larvesta!<br></div><div class="battle-history">Berks! sent out <strong>Staryu</strong>!<br></div><div class="spacer battle-history"><br></div><div class="battle-history">Gravios gigacannon used <strong>Crabhammer</strong>!<br></div><div class="battle-history"><small>It's not very effective...</small><br></div><div class="battle-history"><small>A critical hit!</small><br></div><div class="battle-history"><small>(The opposing Staryu lost <abbr title="−7/20">35%</abbr> of its health!)</small><br></div><div class="spacer battle-history"><br></div><div class="battle-history"><small>Gravios gigacannon was hurt by its burn!</small><br></div><div class="spacer battle-history"><br></div><h2 class="battle-history">Turn 3</h2><div class="spacer battle-history"><br></div><div class="battle-history">Berks! withdrew Staryu!<br></div><div class="battle-history">Berks! sent out <strong>Larvesta</strong>!<br></div><div class="spacer battle-history"><br></div><div class="battle-history">Gravios gigacannon, come back!<br></div><div class="battle-history">Go! God's archipelago (<strong>Ferroseed</strong>)!<br></div><div class="spacer battle-history"><br></div><h2 class="battle-history">Turn 4</h2><div class="spacer battle-history"><br></div><div class="battle-history">God's archipelago, come back!<br></div><div class="battle-history">Go! Mighty seed (<strong>Spritzee</strong>)!<br></div><div class="spacer battle-history"><br></div><div class="battle-history">The opposing Larvesta used <strong>U-turn</strong>!<br></div><div class="battle-history"><small>It's not very effective...</small><br></div><div class="battle-history"><small>(Mighty seed lost <abbr title="−3/27">11.1%</abbr> of its health!)</small><br></div><div class="chat"><small>Gummysaurus joined.</small></div><div class="spacer battle-history"><br></div><div class="battle-history">The opposing Larvesta went back to Berks!!<br></div><div class="battle-history">Berks! sent out <strong>Mienfoo</strong>!<br></div><div class="spacer battle-history"><br></div><h2 class="battle-history">Turn 5</h2><div class="spacer battle-history"><br></div><div class="battle-history">The opposing Mienfoo used <strong>Knock Off</strong>!<br></div><div class="battle-history"><small>It's not very effective...</small><br></div><div class="battle-history"><small>(Mighty seed lost <abbr title="−2/27">7.4%</abbr> of its health!)</small><br></div><div class="battle-history"><small>The opposing Mienfoo knocked off Mighty seed's Eviolite!</small><br></div><div class="spacer battle-history"><br></div><div class="battle-history">Mighty seed used <strong>Moonblast</strong>!<br></div><div class="battle-history"><small>It's super effective!</small><br></div><div class="battle-history"><small>(The opposing Mienfoo lost <abbr title="−18/21">85.7%</abbr> of its health!)</small><br></div><div class="spacer battle-history"><br></div><h2 class="battle-history">Turn 6</h2><div class="spacer battle-history"><br></div><div class="battle-history">The opposing Mienfoo used <strong>U-turn</strong>!<br></div><div class="battle-history"><small>It's not very effective...</small><br></div><div class="battle-history"><small>(Mighty seed lost <abbr title="−3/27">11.1%</abbr> of its health!)</small><br></div><div class="spacer battle-history"><br></div><div class="battle-history">The opposing Mienfoo went back to Berks!!<br></div><div class="battle-history">Berks! sent out <strong>Larvesta</strong>!<br></div><div class="spacer battle-history"><br></div><div class="battle-history">Mighty seed used <strong>Heal Bell</strong>!<br></div><div class="battle-history"><small>A bell chimed!</small><br></div><div class="battle-history"><small>Gravios gigacannon's burn was healed.</small><br></div><div class="spacer battle-history"><br></div><h2 class="battle-history">Turn 7</h2><div class="spacer battle-history"><br></div><div class="battle-history">Mighty seed, come back!<br></div><div class="battle-history">Go! Pierce Up (<strong>Drilbur</strong>)!<br></div><div class="battle-history"><small>[Pierce Up's Mold Breaker]</small><br><small>Pierce Up breaks the mold!</small><br></div><div class="spacer battle-history"><br></div><div class="battle-history">The opposing Larvesta used <strong>Flare Blitz</strong>!<br></div><div class="battle-history"><small>(Pierce Up lost <abbr title="−15/23">65.2%</abbr> of its health!)</small><br></div><div class="battle-history"><small>The opposing Larvesta is damaged by the recoil!</small><br></div><div class="spacer battle-history"><br></div><h2 class="battle-history">Turn 8</h2><div class="spacer battle-history"><br></div><div class="battle-history">Berks! withdrew Larvesta!<br></div><div class="battle-history">Berks! sent out <strong>Vullaby</strong>!<br></div><div class="spacer battle-history"><br></div><div class="battle-history">Pierce Up used <strong>Rock Slide</strong>!<br></div><div class="battle-history"><small>It's super effective!</small><br></div><div class="battle-history"><small>A critical hit!</small><br></div><div class="battle-history"><small>(The opposing Vullaby lost <abbr title="−22/23">95.7%</abbr> of its health!)</small><br></div><div class="spacer battle-history"><br></div><h2 class="battle-history">Turn 9</h2><div class="chat chatmessage-corckscrew"><strong style="color:hsl(205,78%,42.755002096129594%)"><small>☆</small><span class="username" data-name="Corckscrew">Corckscrew</span>:</strong> <em>so sorry :C</em></div><div class="spacer battle-history"><br></div><div class="battle-history">Pierce Up, come back!<br></div><div class="battle-history">Go! God's archipelago (<strong>Ferroseed</strong>)!<br></div><div class="spacer battle-history"><br></div><div class="battle-history">The opposing Vullaby used <strong>Roost</strong>!<br></div><div class="battle-history"><small>The opposing Vullaby restored its HP.</small><br></div><div class="spacer battle-history"><br></div><h2 class="battle-history">Turn 10</h2><div class="spacer battle-history"><br></div><div class="battle-history">Berks! withdrew Vullaby!<br></div><div class="battle-history">Berks! sent out <strong>Mienfoo</strong>!<br></div><div class="spacer battle-history"><br></div><div class="battle-history">God's archipelago used <strong>Stealth Rock</strong>!<br></div><div class="battle-history"><small>Pointed stones float in the air around the opposing team!</small><br></div><div class="spacer battle-history"><br></div><h2 class="battle-history">Turn 11</h2><div class="spacer battle-history"><br></div><div class="battle-history">God's archipelago, come back!<br></div><div class="battle-history">Go! Mighty seed (<strong>Spritzee</strong>)!<br></div><div class="spacer battle-history"><br></div><div class="battle-history">The opposing Mienfoo used <strong>High Jump Kick</strong>!<br></div><div class="battle-history"><small>It's not very effective...</small><br></div><div class="battle-history"><small>(Mighty seed lost <abbr title="−6/27">22.2%</abbr> of its health!)</small><br></div><div class="spacer battle-history"><br></div><h2 class="battle-history">Turn 12</h2><div class="spacer battle-history"><br></div><div class="battle-history">The opposing Mienfoo used <strong>U-turn</strong>!<br></div><div class="battle-history"><small>It's not very effective...</small><br></div><div class="battle-history"><small>A critical hit!</small><br></div><div class="battle-history"><small>(Mighty seed lost <abbr title="−4/27">14.8%</abbr> of its health!)</small><br></div><div class="spacer battle-history"><br></div><div class="battle-history">The opposing Mienfoo went back to Berks!!<br></div><div class="battle-history">Berks! sent out <strong>Larvesta</strong>!<br></div><div class="battle-history"><small>Pointed stones dug into the opposing Larvesta!</small><br></div><div class="spacer battle-history"><br></div><div class="battle-history">Mighty seed used <strong>Moonblast</strong>!<br></div><div class="battle-history"><small>It's not very effective...</small><br></div><div class="battle-history"><small>A critical hit!</small><br></div><div class="battle-history"><small>(The opposing Larvesta lost <abbr title="−1/23">4.3%</abbr> of its health!)</small><br></div><div class="spacer battle-history"><br></div><div class="battle-history">The opposing Larvesta fainted!<br></div><div class="chat chatmessage-berks"><strong style="color:hsl(0,82%,45.041730236809606%)"><small>☆</small><span class="username" data-name="Berks!">Berks!</span>:</strong> <em>Ah</em></div><div class="chat chatmessage-berks"><strong style="color:hsl(0,82%,45.041730236809606%)"><small>☆</small><span class="username" data-name="Berks!">Berks!</span>:</strong> <em>forgot the rocks</em></div><div class="spacer battle-history"><br></div><div class="battle-history">Berks! sent out <strong>Diglett</strong>!<br></div><div class="battle-history"><small>Pointed stones dug into the opposing Diglett!</small><br></div><div class="spacer battle-history"><br></div><h2 class="battle-history">Turn 13</h2><div class="spacer battle-history"><br></div><div class="battle-history">The opposing Diglett used <strong>Earthquake</strong>!<br></div><div class="battle-history"><small>(Mighty seed lost <abbr title="−9/27">33.3%</abbr> of its health!)</small><br></div><div class="battle-history"><small>The opposing Diglett lost some of its HP!</small><br></div><div class="spacer battle-history"><br></div><div class="battle-history">Mighty seed fainted!<br></div><div class="spacer battle-history"><br></div><div class="battle-history">Go! Siege fire (<strong>Fletchling</strong>)!<br></div><div class="spacer battle-history"><br></div><h2 class="battle-history">Turn 14</h2><div class="spacer battle-history"><br></div><div class="battle-history">Siege fire used <strong>Acrobatics</strong>!<br></div><div class="battle-history"><small>(The opposing Diglett lost <abbr title="−16/18">88.9%</abbr> of its health!)</small><br></div><div class="spacer battle-history"><br></div><div class="battle-history">The opposing Diglett fainted!<br></div><div class="spacer battle-history"><br></div><div class="battle-history">Berks! sent out <strong>Lileep</strong>!<br></div><div class="battle-history"><small>Pointed stones dug into the opposing Lileep!</small><br></div><div class="spacer battle-history"><br></div><h2 class="battle-history">Turn 15</h2><div class="spacer battle-history"><br></div><div class="battle-history">Siege fire, come back!<br></div><div class="battle-history">Go! Pierce Up (<strong>Drilbur</strong>)!<br></div><div class="battle-history"><small>[Pierce Up's Mold Breaker]</small><br><small>Pierce Up breaks the mold!</small><br></div><div class="spacer battle-history"><br></div><div class="battle-history">The opposing Lileep used <strong>Stealth Rock</strong>!<br></div><div class="battle-history"><small>Pointed stones float in the air around your team!</small><br></div><div class="spacer battle-history"><br></div><h2 class="battle-history">Turn 16</h2><div class="spacer battle-history"><br></div><div class="battle-history">Pierce Up used <strong>Earthquake</strong>!<br></div><div class="battle-history"><small>(The opposing Lileep lost <abbr title="−9/24">37.5%</abbr> of its health!)</small><br></div><div class="spacer battle-history"><br></div><div class="battle-history">The opposing Lileep used <strong>Giga Drain</strong>!<br></div><div class="battle-history"><small>It's super effective!</small><br></div><div class="battle-history"><small>(Pierce Up lost <abbr title="−8/23">34.8%</abbr> of its health!)</small><br></div><div class="battle-history"><small>Pierce Up had its energy drained!</small><br></div><div class="spacer battle-history"><br></div><div class="battle-history">Pierce Up fainted!<br></div><div class="spacer battle-history"><br></div><div class="battle-history">Go! Critical distance (<strong>Gothita</strong>)!<br></div><div class="battle-history"><small>Pointed stones dug into Critical distance!</small><br></div><div class="spacer battle-history"><br></div><h2 class="battle-history">Turn 17</h2><div class="spacer battle-history"><br></div><div class="battle-history">Critical distance used <strong>Trick</strong>!<br></div><div class="battle-history"><small>Critical distance switched items with its target!</small><br></div><div class="battle-history"><small>The opposing Lileep obtained one Choice Scarf.</small><br></div><div class="battle-history"><small>Critical distance obtained one Eviolite.</small><br></div><div class="spacer battle-history"><br></div><div class="battle-history">The opposing Lileep used <strong>Recover</strong>!<br></div><div class="battle-history"><small>The opposing Lileep restored its HP.</small><br></div><div class="spacer battle-history"><br></div><h2 class="battle-history">Turn 18</h2><div class="chat chatmessage-berks"><strong style="color:hsl(0,82%,45.041730236809606%)"><small>☆</small><span class="username" data-name="Berks!">Berks!</span>:</strong> <em>ugh</em></div><div class="spacer battle-history"><br></div><div class="battle-history">Critical distance used <strong>Psychic</strong>!<br></div><div class="battle-history"><small>(The opposing Lileep lost <abbr title="−12/24">50%</abbr> of its health!)</small><br></div><div class="spacer battle-history"><br></div><div class="battle-history">The opposing Lileep used <strong>Recover</strong>!<br></div><div class="battle-history"><small>The opposing Lileep restored its HP.</small><br></div><div class="spacer battle-history"><br></div><h2 class="battle-history">Turn 19</h2><div class="spacer battle-history"><br></div><div class="battle-history">Critical distance used <strong>Psychic</strong>!<br></div><div class="battle-history"><small>(The opposing Lileep lost <abbr title="−12/24">50%</abbr> of its health!)</small><br></div><div class="spacer battle-history"><br></div><div class="battle-history">The opposing Lileep used <strong>Recover</strong>!<br></div><div class="battle-history"><small>The opposing Lileep restored its HP.</small><br></div><div class="spacer battle-history"><br></div><h2 class="battle-history">Turn 20</h2><div class="spacer battle-history"><br></div><div class="battle-history">Critical distance, come back!<br></div><div class="battle-history">Go! Siege fire (<strong>Fletchling</strong>)!<br></div><div class="battle-history"><small>Pointed stones dug into Siege fire!</small><br></div><div class="spacer battle-history"><br></div><div class="battle-history">The opposing Lileep used <strong>Recover</strong>!<br></div><div class="battle-history"><small>But it failed!</small><br></div><div class="spacer battle-history"><br></div><h2 class="battle-history">Turn 21</h2><div class="spacer battle-history"><br></div><div class="battle-history">Berks! withdrew Lileep!<br></div><div class="battle-history">Berks! sent out <strong>Staryu</strong>!<br></div><div class="battle-history"><small>Pointed stones dug into the opposing Staryu!</small><br></div><div class="spacer battle-history"><br></div><div class="battle-history">Siege fire used <strong>Swords Dance</strong>!<br></div><div class="battle-history"><small>Siege fire's Attack rose sharply!</small><br></div><div class="spacer battle-history"><br></div><h2 class="battle-history">Turn 22</h2><div class="chat chatmessage-corckscrew"><strong style="color:hsl(205,78%,42.755002096129594%)"><small>☆</small><span class="username" data-name="Corckscrew">Corckscrew</span>:</strong> <em>gg</em></div><div class="spacer battle-history"><br></div><div class="battle-history">Siege fire used <strong>Acrobatics</strong>!<br></div><div class="battle-history"><small>(The opposing Staryu lost <abbr title="−11/20">55.0%</abbr> of its health!)</small><br></div><div class="spacer battle-history"><br></div><div class="battle-history">The opposing Staryu fainted!<br></div><div class="spacer battle-history"><br></div><div class="battle-history">Berks! sent out <strong>Lileep</strong>!<br></div><div class="battle-history"><small>Pointed stones dug into the opposing Lileep!</small><br></div><div class="spacer battle-history"><br></div><h2 class="battle-history">Turn 23</h2><div class="spacer battle-history"><br></div><div class="battle-history">Siege fire used <strong>Acrobatics</strong>!<br></div><div class="battle-history"><small>(The opposing Lileep lost <abbr title="−21/24">87.5%</abbr> of its health!)</small><br></div><div class="spacer battle-history"><br></div><div class="battle-history">The opposing Lileep fainted!<br></div><div class="spacer battle-history"><br></div><div class="battle-history"><small>Berks! forfeited.</small><br></div><div class="spacer battle-history"><br></div><div class="battle-history"><strong>Corckscrew</strong> won the battle!<br></div><div class="chat"><small>Berks! left.</small></div><div class="chat"><small>Corckscrew left.</small></div><div class="chat"><small>Gummysaurus left.</small></div><div class="chat"><small>no lube for you joined.</small></div><div class="chat"><small>no lube for you left.</small></div><div class="chat"><small>no lube for you joined.</small></div></div><div class="inner-preempt"></div></div></div>
</div>
<script>
let daily = Math.floor(Date.now()/1000/60/60/24);document.write('<script src="https://play.pokemonshowdown.com/js/replay-embed.js?version'+daily+'"></'+'script>');
</script>
