<!DOCTYPE html>
<meta charset="utf-8" />
<!-- version 1 -->
<title>LC replay: Yamhum vs. Cronoz05</title>
<style>
html,body {font-family:Verdana, sans-serif;font-size:10pt;margin:0;padding:0;}body{padding:12px 0;} .battle-log {font-family:Verdana, sans-serif;font-size:10pt;} .battle-log-inline {border:1px solid #AAAAAA;background:#EEF2F5;color:black;max-width:640px;margin:0 auto 80px;padding-bottom:5px;} .battle-log .inner {padding:4px 8px 0px 8px;} .battle-log .inner-preempt {padding:0 8px 4px 8px;} .battle-log .inner-after {margin-top:0.5em;} .battle-log h2 {margin:0.5em -8px;padding:4px 8px;border:1px solid #AAAAAA;background:#E0E7EA;border-left:0;border-right:0;font-family:Verdana, sans-serif;font-size:13pt;} .battle-log .chat {vertical-align:middle;padding:3px 0 3px 0;font-size:8pt;} .battle-log .chat strong {color:#40576A;} .battle-log .chat em {padding:1px 4px 1px 3px;color:#000000;font-style:normal;} .chat.mine {background:rgba(0,0,0,0.05);margin-left:-8px;margin-right:-8px;padding-left:8px;padding-right:8px;} .spoiler {color:#BBBBBB;background:#BBBBBB;padding:0px 3px;} .spoiler:hover, .spoiler:active, .spoiler-shown {color:#000000;background:#E2E2E2;padding:0px 3px;} .spoiler a {color:#BBBBBB;} .spoiler:hover a, .spoiler:active a, .spoiler-shown a {color:#2288CC;} .chat code, .chat .spoiler:hover code, .chat .spoiler:active code, .chat .spoiler-shown code {border:1px solid #C0C0C0;background:#EEEEEE;color:black;padding:0 2px;} .chat .spoiler code {border:1px solid #CCCCCC;background:#CCCCCC;color:#CCCCCC;} .battle-log .rated {padding:3px 4px;} .battle-log .rated strong {color:white;background:#89A;padding:1px 4px;border-radius:4px;} .spacer {margin-top:0.5em;} .message-announce {background:#6688AA;color:white;padding:1px 4px 2px;} .message-announce a, .broadcast-green a, .broadcast-blue a, .broadcast-red a {color:#DDEEFF;} .broadcast-green {background-color:#559955;color:white;padding:2px 4px;} .broadcast-blue {background-color:#6688AA;color:white;padding:2px 4px;} .infobox {border:1px solid #6688AA;padding:2px 4px;} .infobox-limited {max-height:200px;overflow:auto;overflow-x:hidden;} .broadcast-red {background-color:#AA5544;color:white;padding:2px 4px;} .message-learn-canlearn {font-weight:bold;color:#228822;text-decoration:underline;} .message-learn-cannotlearn {font-weight:bold;color:#CC2222;text-decoration:underline;} .message-effect-weak {font-weight:bold;color:#CC2222;} .message-effect-resist {font-weight:bold;color:#6688AA;} .message-effect-immune {font-weight:bold;color:#666666;} .message-learn-list {margin-top:0;margin-bottom:0;} .message-throttle-notice, .message-error {color:#992222;} .message-overflow, .chat small.message-overflow {font-size:0pt;} .message-overflow::before {font-size:9pt;content:'...';} .subtle {color:#3A4A66;}
</style>
<div class="wrapper replay-wrapper" style="max-width:1180px;margin:0 auto">
<input type="hidden" name="replayid" value="lc-512918270" />
<div class="battle"></div><div class="battle-log"></div><div class="replay-controls"></div><div class="replay-controls-2"></div>
<h1 style="font-weight:normal;text-align:center"><strong>LC</strong><br /><a href="http://pokemonshowdown.com/users/yamhum" class="subtle" target="_blank">Yamhum</a> vs. <a href="http://pokemonshowdown.com/users/cronoz05" class="subtle" target="_blank">Cronoz05</a></h1>
<script type="text/plain" class="battle-log-data">|j|Yamhum
|j|Cronoz05
|player|p1|Yamhum|226
|player|p2|Cronoz05|266
|gametype|singles
|gen|6
|tier|LC
|seed|59073,35746,19191,56994
|clearpoke
|poke|p1|Larvesta, L5, M|item
|poke|p1|Chinchou, L5, M|item
|poke|p1|Archen, L5, M|item
|poke|p1|Mienfoo, L5, M|item
|poke|p1|Fletchling, L5, M|item
|poke|p1|Gastly, L5, M|item
|poke|p2|Charmander, L5, F|item
|poke|p2|Dratini, L5, M|item
|poke|p2|Slakoth, L5, F|item
|poke|p2|Gastly, L5, F|item
|poke|p2|Geodude, L5, M|item
|poke|p2|Squirtle, L5, M|item
|rule|Sleep Clause Mod: Limit one foe put to sleep
|rule|Species Clause: Limit one of each Pokémon
|rule|OHKO Clause: OHKO moves are banned
|rule|Moody Clause: Moody is banned
|rule|Evasion Moves Clause: Evasion moves are banned
|rule|Endless Battle Clause: Forcing endless battles is banned
|rule|HP Percentage Mod: HP is shown in percentages
|teampreview
|choice|team 1, team 2, team 3, team 4, team 5, team 6|team 6, team 2, team 3, team 4, team 5, team 1
|
|start
|switch|p1a: Bichito|Larvesta, L5, M|23\/23
|switch|p2a: Squirtle|Squirtle, L5, M|20\/20
|turn|1
|choice|move uturn|move dragonpulse
|
|move|p1a: Bichito|U-turn|p2a: Squirtle
|-damage|p2a: Squirtle|8\/20
|choice|switch 2|
|
|switch|p1a: Linternita|Chinchou, L5, M|24\/24
|move|p2a: Squirtle|Dragon Pulse|p1a: Linternita
|-damage|p1a: Linternita|14\/24
|
|-heal|p2a: Squirtle|9\/20|[from] item: Leftovers
|upkeep
|turn|2
|choice|move voltswitch|switch 6
|
|switch|p2a: Charmander|Charmander, L5, F|21\/21
|move|p1a: Linternita|Volt Switch|p2a: Charmander
|-damage|p2a: Charmander|9\/21
|choice|switch 4|
|
|switch|p1a: Luchadorsito :3|Mienfoo, L5, M|23\/23
|
|upkeep
|turn|3
|choice|move drainpunch|move ancientpower
|
|move|p2a: Charmander|Ancient Power|p1a: Luchadorsito :3
|-resisted|p1a: Luchadorsito :3
|-damage|p1a: Luchadorsito :3|20\/23
|move|p1a: Luchadorsito :3|Drain Punch|p2a: Charmander
|-damage|p2a: Charmander|0 fnt
|-heal|p1a: Luchadorsito :3|23\/23|[from] drain|[of] p2a: Charmander
|faint|p2a: Charmander
|
|upkeep
|choice||switch 2
|
|switch|p2a: Dratini|Dratini, L5, M|23\/23
|turn|4
|choice|move uturn|move dragondance
|
|move|p1a: Luchadorsito :3|U-turn|p2a: Dratini
|-crit|p2a: Dratini
|-damage|p2a: Dratini|14\/23
|choice|switch 4|
|
|switch|p1a: Linternita|Chinchou, L5, M|14\/24
|move|p2a: Dratini|Dragon Dance|p2a: Dratini
|-boost|p2a: Dratini|atk|1
|-boost|p2a: Dratini|spe|1
|
|upkeep
|turn|5
|choice|move thunderbolt|move dragondance
|
|move|p1a: Linternita|Thunderbolt|p2a: Dratini
|-resisted|p2a: Dratini
|-crit|p2a: Dratini
|-damage|p2a: Dratini|5\/23
|move|p2a: Dratini|Dragon Dance|p2a: Dratini
|-boost|p2a: Dratini|atk|1
|-boost|p2a: Dratini|spe|1
|
|upkeep
|turn|6
|choice|move thunderbolt|move aquajet
|
|move|p2a: Dratini|Aqua Jet|p1a: Linternita
|-resisted|p1a: Linternita
|-damage|p1a: Linternita|9\/24
|move|p1a: Linternita|Thunderbolt|p2a: Dratini
|-resisted|p2a: Dratini
|-damage|p2a: Dratini|0 fnt
|faint|p2a: Dratini
|
|upkeep
|choice||switch 3
|
|switch|p2a: Slakoth|Slakoth, L5, F|25\/25
|turn|7
|choice|switch 5|move gunkshot
|
|switch|p1a: Esta ave si es bon|Fletchling, L5, M|21\/21
|move|p2a: Slakoth|Gunk Shot|p1a: Esta ave si es bon
|-damage|p1a: Esta ave si es bon|6\/21
|
|upkeep
|turn|8
|choice|move overheat|move icepunch
|
|move|p1a: Esta ave si es bon|Overheat|p2a: Slakoth
|-damage|p2a: Slakoth|16\/25
|-unboost|p1a: Esta ave si es bon|spa|2
|cant|p2a: Slakoth|ability: Truant
|
|upkeep
|turn|9
|choice|move acrobatics|move icepunch
|
|move|p1a: Esta ave si es bon|Acrobatics|p2a: Slakoth
|-damage|p2a: Slakoth|7\/25
|move|p2a: Slakoth|Ice Punch|p1a: Esta ave si es bon
|-supereffective|p1a: Esta ave si es bon
|-damage|p1a: Esta ave si es bon|0 fnt
|faint|p1a: Esta ave si es bon
|
|upkeep
|choice|switch 4|
|
|switch|p1a: Luchadorsito :3|Mienfoo, L5, M|23\/23
|turn|10
|choice|move drainpunch|move brickbreak
|
|move|p1a: Luchadorsito :3|Drain Punch|p2a: Slakoth
|-supereffective|p2a: Slakoth
|-damage|p2a: Slakoth|0 fnt
|faint|p2a: Slakoth
|
|upkeep
|choice||switch 5
|
|switch|p2a: Geodude|Geodude, L5, M|20\/20
|turn|11
|choice|move drainpunch|move earthquake
|
|move|p1a: Luchadorsito :3|Drain Punch|p2a: Geodude
|-supereffective|p2a: Geodude
|-damage|p2a: Geodude|0 fnt
|faint|p2a: Geodude
|
|upkeep
|choice||switch 4
|
|switch|p2a: Gastly|Gastly, L5, F|22\/22
|turn|12
|choice|move knockoff|move dazzlinggleam
|
|move|p2a: Gastly|Dazzling Gleam|p1a: Luchadorsito :3
|-supereffective|p1a: Luchadorsito :3
|-damage|p1a: Luchadorsito :3|3\/23
|move|p1a: Luchadorsito :3|Knock Off|p2a: Gastly
|-supereffective|p2a: Gastly
|-enditem|p2a: Gastly|Focus Sash
|-damage|p2a: Gastly|1\/22
|
|upkeep
|turn|13
|choice|move uturn|move gigadrain
|
|move|p2a: Gastly|Giga Drain|p1a: Luchadorsito :3
|-crit|p1a: Luchadorsito :3
|-damage|p1a: Luchadorsito :3|0 fnt
|-heal|p2a: Gastly|3\/22|[from] drain|[of] p1a: Luchadorsito :3
|faint|p1a: Luchadorsito :3
|
|upkeep
|choice|switch 6|
|
|switch|p1a: Gasparin xd|Gastly, L5, M|19\/19
|turn|14
|choice|move shadowball|move dazzlinggleam
|
|move|p1a: Gasparin xd|Shadow Ball|p2a: Gastly
|-supereffective|p2a: Gastly
|-damage|p2a: Gastly|0 fnt
|faint|p2a: Gastly
|
|upkeep
|choice||switch 6
|
|switch|p2a: Squirtle|Squirtle, L5, M|9\/20
|turn|15
|choice|move sludgebomb|move dragonpulse
|
|move|p1a: Gasparin xd|Sludge Bomb|p2a: Squirtle
|-damage|p2a: Squirtle|0 fnt
|faint|p2a: Squirtle
|
|win|Yamhum
|player|p1
|player|p2</script>
</div>
<div class="battle-log battle-log-inline"><div class="inner"><div class="battle-options"></div><div class="inner"><div class="chat"><small>Yamhum joined.</small></div><div class="chat"><small>Cronoz05 joined.</small></div><div class=""><small>Format:</small> <br><strong>LC</strong></div><div class=""><small><em>Sleep Clause Mod:</em> Limit one foe put to sleep</small></div><div class=""><small><em>Species Clause:</em> Limit one of each Pokémon</small></div><div class=""><small><em>OHKO Clause:</em> OHKO moves are banned</small></div><div class=""><small><em>Moody Clause:</em> Moody is banned</small></div><div class=""><small><em>Evasion Moves Clause:</em> Evasion moves are banned</small></div><div class=""><small><em>Endless Battle Clause:</em> Forcing endless battles is banned</small></div><div class=""><small><em>HP Percentage Mod:</em> HP is shown in percentages</small></div><div class="chat battle-history"><strong>Yamhum's team:</strong> <em style="color:#445566;display:block;">Larvesta / Chinchou / Archen / Mienfoo / Fletchling / Gastly</em></div><div class="chat battle-history"><strong>Cronoz05's team:</strong> <em style="color:#445566;display:block;">Charmander / Dratini / Slakoth / Gastly / Geodude / Squirtle</em></div><div class="spacer battle-history"><br></div><div class="battle-history">Battle started between Yamhum and Cronoz05!<br></div><div class="spacer battle-history"><br></div><div class="battle-history">Go! Bichito (<strong>Larvesta</strong>)!<br></div><div class="spacer battle-history"><br></div><div class="battle-history">Cronoz05 sent out <strong>Squirtle</strong>!<br></div><div class="spacer battle-history"><br></div><h2 class="battle-history">Turn 1</h2><div class="spacer battle-history"><br></div><div class="battle-history">Bichito used <strong>U-turn</strong>!<br></div><div class="battle-history"><small>(The opposing Squirtle lost <abbr title="−12/20">60%</abbr> of its health!)</small><br></div><div class="spacer battle-history"><br></div><div class="battle-history">Bichito went back to Yamhum!<br></div><div class="battle-history">Go! Linternita (<strong>Chinchou</strong>)!<br></div><div class="spacer battle-history"><br></div><div class="battle-history">The opposing Squirtle used <strong>Dragon Pulse</strong>!<br></div><div class="battle-history"><small>(Linternita lost <abbr title="−10/24">41.7%</abbr> of its health!)</small><br></div><div class="spacer battle-history"><br></div><div class="battle-history"><small>The opposing Squirtle restored a little HP using its Leftovers!</small><br></div><div class="spacer battle-history"><br></div><h2 class="battle-history">Turn 2</h2><div class="spacer battle-history"><br></div><div class="battle-history">Cronoz05 withdrew Squirtle!<br></div><div class="battle-history">Cronoz05 sent out <strong>Charmander</strong>!<br></div><div class="spacer battle-history"><br></div><div class="battle-history">Linternita used <strong>Volt Switch</strong>!<br></div><div class="battle-history"><small>(The opposing Charmander lost <abbr title="−12/21">57.1%</abbr> of its health!)</small><br></div><div class="spacer battle-history"><br></div><div class="battle-history">Linternita went back to Yamhum!<br></div><div class="battle-history">Go! Luchadorsito :3 (<strong>Mienfoo</strong>)!<br></div><div class="spacer battle-history"><br></div><h2 class="battle-history">Turn 3</h2><div class="spacer battle-history"><br></div><div class="battle-history">The opposing Charmander used <strong>Ancient Power</strong>!<br></div><div class="battle-history"><small>It's not very effective...</small><br></div><div class="battle-history"><small>(Luchadorsito :3 lost <abbr title="−3/23">13.0%</abbr> of its health!)</small><br></div><div class="spacer battle-history"><br></div><div class="battle-history">Luchadorsito :3 used <strong>Drain Punch</strong>!<br></div><div class="battle-history"><small>(The opposing Charmander lost <abbr title="−9/21">42.9%</abbr> of its health!)</small><br></div><div class="battle-history"><small>The opposing Charmander had its energy drained!</small><br></div><div class="spacer battle-history"><br></div><div class="battle-history">The opposing Charmander fainted!<br></div><div class="spacer battle-history"><br></div><div class="battle-history">Cronoz05 sent out <strong>Dratini</strong>!<br></div><div class="spacer battle-history"><br></div><h2 class="battle-history">Turn 4</h2><div class="spacer battle-history"><br></div><div class="battle-history">Luchadorsito :3 used <strong>U-turn</strong>!<br></div><div class="battle-history"><small>A critical hit!</small><br></div><div class="battle-history"><small>(The opposing Dratini lost <abbr title="−9/23">39.1%</abbr> of its health!)</small><br></div><div class="spacer battle-history"><br></div><div class="battle-history">Luchadorsito :3 went back to Yamhum!<br></div><div class="battle-history">Go! Linternita (<strong>Chinchou</strong>)!<br></div><div class="spacer battle-history"><br></div><div class="battle-history">The opposing Dratini used <strong>Dragon Dance</strong>!<br></div><div class="battle-history"><small>The opposing Dratini's Attack rose!</small><br></div><div class="battle-history"><small>The opposing Dratini's Speed rose!</small><br></div><div class="spacer battle-history"><br></div><h2 class="battle-history">Turn 5</h2><div class="spacer battle-history"><br></div><div class="battle-history">Linternita used <strong>Thunderbolt</strong>!<br></div><div class="battle-history"><small>It's not very effective...</small><br></div><div class="battle-history"><small>A critical hit!</small><br></div><div class="battle-history"><small>(The opposing Dratini lost <abbr title="−9/23">39.1%</abbr> of its health!)</small><br></div><div class="spacer battle-history"><br></div><div class="battle-history">The opposing Dratini used <strong>Dragon Dance</strong>!<br></div><div class="battle-history"><small>The opposing Dratini's Attack rose!</small><br></div><div class="battle-history"><small>The opposing Dratini's Speed rose!</small><br></div><div class="spacer battle-history"><br></div><h2 class="battle-history">Turn 6</h2><div class="spacer battle-history"><br></div><div class="battle-history">The opposing Dratini used <strong>Aqua Jet</strong>!<br></div><div class="battle-history"><small>It's not very effective...</small><br></div><div class="battle-history"><small>(Linternita lost <abbr title="−5/24">20.8%</abbr> of its health!)</small><br></div><div class="spacer battle-history"><br></div><div class="battle-history">Linternita used <strong>Thunderbolt</strong>!<br></div><div class="battle-history"><small>It's not very effective...</small><br></div><div class="battle-history"><small>(The opposing Dratini lost <abbr title="−5/23">21.7%</abbr> of its health!)</small><br></div><div class="spacer battle-history"><br></div><div class="battle-history">The opposing Dratini fainted!<br></div><div class="spacer battle-history"><br></div><div class="battle-history">Cronoz05 sent out <strong>Slakoth</strong>!<br></div><div class="spacer battle-history"><br></div><h2 class="battle-history">Turn 7</h2><div class="spacer battle-history"><br></div><div class="battle-history">Linternita, come back!<br></div><div class="battle-history">Go! Esta ave si es bon (<strong>Fletchling</strong>)!<br></div><div class="spacer battle-history"><br></div><div class="battle-history">The opposing Slakoth used <strong>Gunk Shot</strong>!<br></div><div class="battle-history"><small>(Esta ave si es bon lost <abbr title="−15/21">71.4%</abbr> of its health!)</small><br></div><div class="spacer battle-history"><br></div><h2 class="battle-history">Turn 8</h2><div class="spacer battle-history"><br></div><div class="battle-history">Esta ave si es bon used <strong>Overheat</strong>!<br></div><div class="battle-history"><small>(The opposing Slakoth lost <abbr title="−9/25">36%</abbr> of its health!)</small><br></div><div class="battle-history"><small>Esta ave si es bon's Special Attack fell harshly!</small><br></div><div class="spacer battle-history"><br></div><div class="battle-history"><small>[The opposing Slakoth's Truant]</small><br>The opposing Slakoth is loafing around!<br></div><div class="spacer battle-history"><br></div><h2 class="battle-history">Turn 9</h2><div class="spacer battle-history"><br></div><div class="battle-history">Esta ave si es bon used <strong>Acrobatics</strong>!<br></div><div class="battle-history"><small>(The opposing Slakoth lost <abbr title="−9/25">36%</abbr> of its health!)</small><br></div><div class="spacer battle-history"><br></div><div class="battle-history">The opposing Slakoth used <strong>Ice Punch</strong>!<br></div><div class="battle-history"><small>It's super effective!</small><br></div><div class="battle-history"><small>(Esta ave si es bon lost <abbr title="−6/21">28.6%</abbr> of its health!)</small><br></div><div class="spacer battle-history"><br></div><div class="battle-history">Esta ave si es bon fainted!<br></div><div class="spacer battle-history"><br></div><div class="battle-history">Go! Luchadorsito :3 (<strong>Mienfoo</strong>)!<br></div><div class="spacer battle-history"><br></div><h2 class="battle-history">Turn 10</h2><div class="spacer battle-history"><br></div><div class="battle-history">Luchadorsito :3 used <strong>Drain Punch</strong>!<br></div><div class="battle-history"><small>It's super effective!</small><br></div><div class="battle-history"><small>(The opposing Slakoth lost <abbr title="−7/25">28.0%</abbr> of its health!)</small><br></div><div class="spacer battle-history"><br></div><div class="battle-history">The opposing Slakoth fainted!<br></div><div class="spacer battle-history"><br></div><div class="battle-history">Cronoz05 sent out <strong>Geodude</strong>!<br></div><div class="spacer battle-history"><br></div><h2 class="battle-history">Turn 11</h2><div class="spacer battle-history"><br></div><div class="battle-history">Luchadorsito :3 used <strong>Drain Punch</strong>!<br></div><div class="battle-history"><small>It's super effective!</small><br></div><div class="battle-history"><small>(The opposing Geodude lost <abbr title="−20/20">100%</abbr> of its health!)</small><br></div><div class="spacer battle-history"><br></div><div class="battle-history">The opposing Geodude fainted!<br></div><div class="spacer battle-history"><br></div><div class="battle-history">Cronoz05 sent out <strong>Gastly</strong>!<br></div><div class="spacer battle-history"><br></div><h2 class="battle-history">Turn 12</h2><div class="spacer battle-history"><br></div><div class="battle-history">The opposing Gastly used <strong>Dazzling Gleam</strong>!<br></div><div class="battle-history"><small>It's super effective!</small><br></div><div class="battle-history"><small>(Luchadorsito :3 lost <abbr title="−20/23">87.0%</abbr> of its health!)</small><br></div><div class="spacer battle-history"><br></div><div class="battle-history">Luchadorsito :3 used <strong>Knock Off</strong>!<br></div><div class="battle-history"><small>It's super effective!</small><br></div><div class="battle-history"><small>The opposing Gastly hung on using its Focus Sash!</small><br></div><div class="battle-history"><small>(The opposing Gastly lost <abbr title="−21/22">95.5%</abbr> of its health!)</small><br></div><div class="spacer battle-history"><br></div><h2 class="battle-history">Turn 13</h2><div class="spacer battle-history"><br></div><div class="battle-history">The opposing Gastly used <strong>Giga Drain</strong>!<br></div><div class="battle-history"><small>A critical hit!</small><br></div><div class="battle-history"><small>(Luchadorsito :3 lost <abbr title="−3/23">13.0%</abbr> of its health!)</small><br></div><div class="battle-history"><small>Luchadorsito :3 had its energy drained!</small><br></div><div class="spacer battle-history"><br></div><div class="battle-history">Luchadorsito :3 fainted!<br></div><div class="spacer battle-history"><br></div><div class="battle-history">Go! Gasparin xd (<strong>Gastly</strong>)!<br></div><div class="spacer battle-history"><br></div><h2 class="battle-history">Turn 14</h2><div class="spacer battle-history"><br></div><div class="battle-history">Gasparin xd used <strong>Shadow Ball</strong>!<br></div><div class="battle-history"><small>It's super effective!</small><br></div><div class="battle-history"><small>(The opposing Gastly lost <abbr title="−3/22">13.6%</abbr> of its health!)</small><br></div><div class="spacer battle-history"><br></div><div class="battle-history">The opposing Gastly fainted!<br></div><div class="spacer battle-history"><br></div><div class="battle-history">Cronoz05 sent out <strong>Squirtle</strong>!<br></div><div class="spacer battle-history"><br></div><h2 class="battle-history">Turn 15</h2><div class="spacer battle-history"><br></div><div class="battle-history">Gasparin xd used <strong>Sludge Bomb</strong>!<br></div><div class="battle-history"><small>(The opposing Squirtle lost <abbr title="−9/20">45%</abbr> of its health!)</small><br></div><div class="spacer battle-history"><br></div><div class="battle-history">The opposing Squirtle fainted!<br></div><div class="spacer battle-history"><br></div><div class="battle-history"><strong>Yamhum</strong> won the battle!<br></div></div><div class="inner-preempt"></div></div></div>
</div>
<script>
let daily = Math.floor(Date.now()/1000/60/60/24);document.write('<script src="https://play.pokemonshowdown.com/js/replay-embed.js?version'+daily+'"></'+'script>');
</script>
