<!DOCTYPE html>
<meta charset="utf-8" />
<!-- version 1 -->
<title>LC replay: maxmustermann34 vs. HielOwStarR</title>
<style>
html,body {font-family:Verdana, sans-serif;font-size:10pt;margin:0;padding:0;}body{padding:12px 0;} .battle-log {font-family:Verdana, sans-serif;font-size:10pt;} .battle-log-inline {border:1px solid #AAAAAA;background:#EEF2F5;color:black;max-width:640px;margin:0 auto 80px;padding-bottom:5px;} .battle-log .inner {padding:4px 8px 0px 8px;} .battle-log .inner-preempt {padding:0 8px 4px 8px;} .battle-log .inner-after {margin-top:0.5em;} .battle-log h2 {margin:0.5em -8px;padding:4px 8px;border:1px solid #AAAAAA;background:#E0E7EA;border-left:0;border-right:0;font-family:Verdana, sans-serif;font-size:13pt;} .battle-log .chat {vertical-align:middle;padding:3px 0 3px 0;font-size:8pt;} .battle-log .chat strong {color:#40576A;} .battle-log .chat em {padding:1px 4px 1px 3px;color:#000000;font-style:normal;} .chat.mine {background:rgba(0,0,0,0.05);margin-left:-8px;margin-right:-8px;padding-left:8px;padding-right:8px;} .spoiler {color:#BBBBBB;background:#BBBBBB;padding:0px 3px;} .spoiler:hover, .spoiler:active, .spoiler-shown {color:#000000;background:#E2E2E2;padding:0px 3px;} .spoiler a {color:#BBBBBB;} .spoiler:hover a, .spoiler:active a, .spoiler-shown a {color:#2288CC;} .chat code, .chat .spoiler:hover code, .chat .spoiler:active code, .chat .spoiler-shown code {border:1px solid #C0C0C0;background:#EEEEEE;color:black;padding:0 2px;} .chat .spoiler code {border:1px solid #CCCCCC;background:#CCCCCC;color:#CCCCCC;} .battle-log .rated {padding:3px 4px;} .battle-log .rated strong {color:white;background:#89A;padding:1px 4px;border-radius:4px;} .spacer {margin-top:0.5em;} .message-announce {background:#6688AA;color:white;padding:1px 4px 2px;} .message-announce a, .broadcast-green a, .broadcast-blue a, .broadcast-red a {color:#DDEEFF;} .broadcast-green {background-color:#559955;color:white;padding:2px 4px;} .broadcast-blue {background-color:#6688AA;color:white;padding:2px 4px;} .infobox {border:1px solid #6688AA;padding:2px 4px;} .infobox-limited {max-height:200px;overflow:auto;overflow-x:hidden;} .broadcast-red {background-color:#AA5544;color:white;padding:2px 4px;} .message-learn-canlearn {font-weight:bold;color:#228822;text-decoration:underline;} .message-learn-cannotlearn {font-weight:bold;color:#CC2222;text-decoration:underline;} .message-effect-weak {font-weight:bold;color:#CC2222;} .message-effect-resist {font-weight:bold;color:#6688AA;} .message-effect-immune {font-weight:bold;color:#666666;} .message-learn-list {margin-top:0;margin-bottom:0;} .message-throttle-notice, .message-error {color:#992222;} .message-overflow, .chat small.message-overflow {font-size:0pt;} .message-overflow::before {font-size:9pt;content:'...';} .subtle {color:#3A4A66;}
</style>
<div class="wrapper replay-wrapper" style="max-width:1180px;margin:0 auto">
<input type="hidden" name="replayid" value="lc-489388049" />
<div class="battle"></div><div class="battle-log"></div><div class="replay-controls"></div><div class="replay-controls-2"></div>
<h1 style="font-weight:normal;text-align:center"><strong>LC</strong><br /><a href="http://pokemonshowdown.com/users/maxmustermann34" class="subtle" target="_blank">maxmustermann34</a> vs. <a href="http://pokemonshowdown.com/users/hielowstarr" class="subtle" target="_blank">HielOwStarR</a></h1>
<script type="text/plain" class="battle-log-data">|j|maxmustermann34
|j|HielOwStarR
|player|p1|maxmustermann34|15
|player|p2|HielOwStarR|7
|gametype|singles
|gen|6
|tier|LC
|rated
|seed|1979,30342,60391,1748
|clearpoke
|poke|p1|Bidoof, L5, M, shiny|item
|poke|p1|Onix, L5, F|item
|poke|p1|Snivy, L5, F|item
|poke|p1|Kabuto, L5, M|item
|poke|p1|Charmander, L5, M|item
|poke|p1|Froakie, L5, F|item
|poke|p2|Vulpix, L5, M, shiny|item
|poke|p2|Rhyhorn, L5, F|item
|poke|p2|Darumaka, L5, M|item
|poke|p2|Hoothoot, L5, M, shiny|item
|poke|p2|Turtwig, L5, F|item
|poke|p2|Doduo, L5, M|item
|rule|Sleep Clause Mod: Limit one foe put to sleep
|rule|Species Clause: Limit one of each Pokémon
|rule|OHKO Clause: OHKO moves are banned
|rule|Moody Clause: Moody is banned
|rule|Evasion Moves Clause: Evasion moves are banned
|rule|Endless Battle Clause: Forcing endless battles is banned
|rule|HP Percentage Mod: HP is shown in percentages
|teampreview
|choice|team 2, team 1, team 3, team 4, team 5, team 6|team 5, team 2, team 3, team 4, team 1, team 6
|
|start
|switch|p1a: Pingas|Onix, L5, F|21\/21
|switch|p2a: Turtwig|Turtwig, L5, F|22\/22
|turn|1
|choice|move stealthrock|move gigadrain
|
|move|p1a: Pingas|Stealth Rock|p2a: Turtwig
|-sidestart|p2: HielOwStarR|move: Stealth Rock
|move|p2a: Turtwig|Giga Drain|p1a: Pingas
|-supereffective|p1a: Pingas
|-ability|p1a: Pingas|Sturdy
|-damage|p1a: Pingas|1\/21
|-enditem|p1a: Pingas|Berry Juice
|-heal|p1a: Pingas|21\/21|[from] item: Berry Juice
|
|turn|2
|choice|switch 5|move gigadrain
|
|switch|p1a: Chara|Charmander, L5, M|21\/21
|move|p2a: Turtwig|Giga Drain|p1a: Chara
|-resisted|p1a: Chara
|-damage|p1a: Chara|15\/21
|
|turn|3
|choice|move flamethrower|switch 2
|
|switch|p2a: Rhyhorn|Rhyhorn, L5, F|24\/24
|-damage|p2a: Rhyhorn|23\/24|[from] Stealth Rock
|move|p1a: Chara|Flamethrower|p2a: Rhyhorn
|-resisted|p2a: Rhyhorn
|-damage|p2a: Rhyhorn|18\/24
|
|turn|4
|choice|switch 3|move earthquake
|
|switch|p1a: Smugleaf|Snivy, L5, F|21\/21
|move|p2a: Rhyhorn|Earthquake|p1a: Smugleaf
|-resisted|p1a: Smugleaf
|-damage|p1a: Smugleaf|13\/21
|
|turn|5
|choice|move leafstorm|switch 4
|
|switch|p2a: Hoothoot|Hoothoot, L5, M, shiny|23\/23
|-damage|p2a: Hoothoot|18\/23|[from] Stealth Rock
|move|p1a: Smugleaf|Leaf Storm|p2a: Hoothoot
|-resisted|p2a: Hoothoot
|-damage|p2a: Hoothoot|9\/23
|-boost|p1a: Smugleaf|spa|2
|
|turn|6
|choice|move leafstorm|move airslash
|
|move|p1a: Smugleaf|Leaf Storm|p2a: Hoothoot
|-resisted|p2a: Hoothoot
|-damage|p2a: Hoothoot|0 fnt
|-boost|p1a: Smugleaf|spa|2
|faint|p2a: Hoothoot
|
|choice||switch 3
|
|switch|p2a: Darumaka|Darumaka, L5, M|23\/23
|-damage|p2a: Darumaka|18\/23|[from] Stealth Rock
|turn|7
|choice|move leafstorm|move flareblitz
|
|move|p2a: Darumaka|Flare Blitz|p1a: Smugleaf
|-supereffective|p1a: Smugleaf
|-damage|p1a: Smugleaf|0 fnt
|-damage|p2a: Darumaka|14\/23|[from] recoil|[of] p1a: Smugleaf
|faint|p1a: Smugleaf
|
|choice|switch 5|
|
|switch|p1a: Pingas|Onix, L5, F|21\/21
|turn|8
|choice|move dragontail|switch 2
|
|switch|p2a: Turtwig|Turtwig, L5, F|22\/22
|-damage|p2a: Turtwig|20\/22|[from] Stealth Rock
|move|p1a: Pingas|Dragon Tail|p2a: Turtwig
|-damage|p2a: Turtwig|14\/22
|drag|p2a: Doduo|Doduo, L5, M|20\/20
|-damage|p2a: Doduo|15\/20|[from] Stealth Rock
|
|turn|9
|choice|move rockblast|switch 6
|
|switch|p2a: Turtwig|Turtwig, L5, F|14\/22
|-damage|p2a: Turtwig|12\/22|[from] Stealth Rock
|move|p1a: Pingas|Rock Blast|p2a: Turtwig
|-damage|p2a: Turtwig|8\/22
|-damage|p2a: Turtwig|4\/22
|-hitcount|p2a: Turtwig|2
|
|turn|10
|choice|switch 3|move gigadrain
|
|switch|p1a: Chara|Charmander, L5, M|15\/21
|move|p2a: Turtwig|Giga Drain|p1a: Chara
|-resisted|p1a: Chara
|-damage|p1a: Chara|9\/21
|-heal|p2a: Turtwig|7\/22|[from] drain|[of] p1a: Chara
|
|turn|11
|choice|switch 4|switch 5
|
|switch|p1a: Genesect?|Kabuto, L5, M|19\/19
|switch|p2a: Vulpix|Vulpix, L5, M, shiny|21\/21
|-damage|p2a: Vulpix|16\/21|[from] Stealth Rock
|
|turn|12
|choice|move scald|move energyball
|
|move|p1a: Genesect?|Scald|p2a: Vulpix
|-supereffective|p2a: Vulpix
|-crit|p2a: Vulpix
|-damage|p2a: Vulpix|0 fnt
|-damage|p1a: Genesect?|18\/19|[from] item: Life Orb
|faint|p2a: Vulpix
|
|choice||switch 5
|
|switch|p2a: Turtwig|Turtwig, L5, F|7\/22
|-damage|p2a: Turtwig|5\/22|[from] Stealth Rock
|turn|13
|choice|move icebeam|move gigadrain
|
|move|p1a: Genesect?|Ice Beam|p2a: Turtwig
|-supereffective|p2a: Turtwig
|-damage|p2a: Turtwig|0 fnt
|-damage|p1a: Genesect?|17\/19|[from] item: Life Orb
|faint|p2a: Turtwig
|
|choice||switch 2
|
|switch|p2a: Darumaka|Darumaka, L5, M|14\/23
|-damage|p2a: Darumaka|9\/23|[from] Stealth Rock
|turn|14
|choice|switch 3|move brickbreak
|
|switch|p1a: Pingas|Onix, L5, F|21\/21
|move|p2a: Darumaka|Brick Break|p1a: Pingas
|-supereffective|p1a: Pingas
|-damage|p1a: Pingas|11\/21
|
|turn|15
|choice|move rockblast|move brickbreak
|
|move|p2a: Darumaka|Brick Break|p1a: Pingas
|-supereffective|p1a: Pingas
|-damage|p1a: Pingas|1\/21
|move|p1a: Pingas|Rock Blast|p2a: Darumaka
|-supereffective|p2a: Darumaka
|-damage|p2a: Darumaka|1\/23
|-supereffective|p2a: Darumaka
|-damage|p2a: Darumaka|0 fnt
|-hitcount|p2a: Darumaka|2
|faint|p2a: Darumaka
|
|choice||switch 6
|
|switch|p2a: Doduo|Doduo, L5, M|15\/20
|-damage|p2a: Doduo|10\/20|[from] Stealth Rock
|turn|16
|choice|move rockblast|move pursuit
|
|move|p2a: Doduo|Pursuit|p1a: Pingas
|-crit|p1a: Pingas
|-damage|p1a: Pingas|0 fnt
|-damage|p2a: Doduo|8\/20|[from] item: Life Orb
|faint|p1a: Pingas
|
|choice|switch 3|
|
|switch|p1a: Genesect?|Kabuto, L5, M|17\/19
|turn|17
|choice|move icebeam|move knockoff
|
|move|p2a: Doduo|Knock Off|p1a: Genesect?
|-damage|p1a: Genesect?|5\/19
|-ability|p1a: Genesect?|Weak Armor|boost
|-unboost|p1a: Genesect?|def|1
|-boost|p1a: Genesect?|spe|1
|-enditem|p1a: Genesect?|Life Orb|[from] move: Knock Off|[of] p2a: Doduo
|-damage|p2a: Doduo|6\/20|[from] item: Life Orb
|move|p1a: Genesect?|Ice Beam|p2a: Doduo
|-supereffective|p2a: Doduo
|-damage|p2a: Doduo|0 fnt
|faint|p2a: Doduo
|
|choice||switch 4
|
|switch|p2a: Rhyhorn|Rhyhorn, L5, F|18\/24
|-damage|p2a: Rhyhorn|17\/24|[from] Stealth Rock
|turn|18
|choice|move gigadrain|move earthquake
|
|move|p1a: Genesect?|Giga Drain|p2a: Rhyhorn
|-supereffective|p2a: Rhyhorn
|-damage|p2a: Rhyhorn|0 fnt
|-heal|p1a: Genesect?|14\/19|[from] drain|[of] p2a: Rhyhorn
|faint|p2a: Rhyhorn
|
|win|maxmustermann34
|player|p1
|player|p2
|c|★maxmustermann34|gg
|l|HielOwStarR</script>
</div>
<div class="battle-log battle-log-inline"><div class="inner"><div class="battle-options"></div><div class="inner"><div class="chat"><small>maxmustermann34 joined.</small></div><div class="chat"><small>HielOwStarR joined.</small></div><div class=""><small>Format:</small> <br><strong>LC</strong></div><div class="rated"><strong>Rated battle</strong></div><div class=""><small><em>Sleep Clause Mod:</em> Limit one foe put to sleep</small></div><div class=""><small><em>Species Clause:</em> Limit one of each Pokémon</small></div><div class=""><small><em>OHKO Clause:</em> OHKO moves are banned</small></div><div class=""><small><em>Moody Clause:</em> Moody is banned</small></div><div class=""><small><em>Evasion Moves Clause:</em> Evasion moves are banned</small></div><div class=""><small><em>Endless Battle Clause:</em> Forcing endless battles is banned</small></div><div class=""><small><em>HP Percentage Mod:</em> HP is shown in percentages</small></div><div class="chat battle-history"><strong>maxmustermann34's team:</strong> <em style="color:#445566;display:block;">Bidoof / Onix / Snivy / Kabuto / Charmander / Froakie</em></div><div class="chat battle-history"><strong>HielOwStarR's team:</strong> <em style="color:#445566;display:block;">Vulpix / Rhyhorn / Darumaka / Hoothoot / Turtwig / Doduo</em></div><div class="spacer battle-history"><br></div><div class="battle-history">Battle started between maxmustermann34 and HielOwStarR!<br></div><div class="spacer battle-history"><br></div><div class="battle-history">Go! Pingas (<strong>Onix</strong>)!<br></div><div class="spacer battle-history"><br></div><div class="battle-history">HielOwStarR sent out <strong>Turtwig</strong>!<br></div><div class="spacer battle-history"><br></div><h2 class="battle-history">Turn 1</h2><div class="spacer battle-history"><br></div><div class="battle-history">Pingas used <strong>Stealth Rock</strong>!<br></div><div class="battle-history"><small>Pointed stones float in the air around the opposing team!</small><br></div><div class="spacer battle-history"><br></div><div class="battle-history">The opposing Turtwig used <strong>Giga Drain</strong>!<br></div><div class="battle-history"><small>It's super effective!</small><br></div><div class="battle-history"><small>[Pingas's Sturdy]</small><br><small>Pingas endured the hit!</small><br></div><div class="battle-history"><small>(Pingas lost <abbr title="−20/21">95.2%</abbr> of its health!)</small><br></div><div class="battle-history"><small>(Pingas used its Berry Juice!)</small><br></div><div class="battle-history"><small>Pingas restored HP using its Berry Juice!</small><br></div><div class="spacer battle-history"><br></div><h2 class="battle-history">Turn 2</h2><div class="spacer battle-history"><br></div><div class="battle-history">Pingas, come back!<br></div><div class="battle-history">Go! Chara (<strong>Charmander</strong>)!<br></div><div class="spacer battle-history"><br></div><div class="battle-history">The opposing Turtwig used <strong>Giga Drain</strong>!<br></div><div class="battle-history"><small>It's not very effective...</small><br></div><div class="battle-history"><small>(Chara lost <abbr title="−6/21">28.6%</abbr> of its health!)</small><br></div><div class="spacer battle-history"><br></div><h2 class="battle-history">Turn 3</h2><div class="spacer battle-history"><br></div><div class="battle-history">HielOwStarR withdrew Turtwig!<br></div><div class="battle-history">HielOwStarR sent out <strong>Rhyhorn</strong>!<br></div><div class="battle-history"><small>Pointed stones dug into the opposing Rhyhorn!</small><br></div><div class="spacer battle-history"><br></div><div class="battle-history">Chara used <strong>Flamethrower</strong>!<br></div><div class="battle-history"><small>It's not very effective...</small><br></div><div class="battle-history"><small>(The opposing Rhyhorn lost <abbr title="−5/24">20.8%</abbr> of its health!)</small><br></div><div class="spacer battle-history"><br></div><h2 class="battle-history">Turn 4</h2><div class="spacer battle-history"><br></div><div class="battle-history">Chara, come back!<br></div><div class="battle-history">Go! Smugleaf (<strong>Snivy</strong>)!<br></div><div class="spacer battle-history"><br></div><div class="battle-history">The opposing Rhyhorn used <strong>Earthquake</strong>!<br></div><div class="battle-history"><small>It's not very effective...</small><br></div><div class="battle-history"><small>(Smugleaf lost <abbr title="−8/21">38.1%</abbr> of its health!)</small><br></div><div class="spacer battle-history"><br></div><h2 class="battle-history">Turn 5</h2><div class="spacer battle-history"><br></div><div class="battle-history">HielOwStarR withdrew Rhyhorn!<br></div><div class="battle-history">HielOwStarR sent out <strong>Hoothoot</strong>!<br></div><div class="battle-history"><small>Pointed stones dug into the opposing Hoothoot!</small><br></div><div class="spacer battle-history"><br></div><div class="battle-history">Smugleaf used <strong>Leaf Storm</strong>!<br></div><div class="battle-history"><small>It's not very effective...</small><br></div><div class="battle-history"><small>(The opposing Hoothoot lost <abbr title="−9/23">39.1%</abbr> of its health!)</small><br></div><div class="battle-history"><small>Smugleaf's Special Attack rose sharply!</small><br></div><div class="spacer battle-history"><br></div><h2 class="battle-history">Turn 6</h2><div class="spacer battle-history"><br></div><div class="battle-history">Smugleaf used <strong>Leaf Storm</strong>!<br></div><div class="battle-history"><small>It's not very effective...</small><br></div><div class="battle-history"><small>(The opposing Hoothoot lost <abbr title="−9/23">39.1%</abbr> of its health!)</small><br></div><div class="battle-history"><small>Smugleaf's Special Attack rose sharply!</small><br></div><div class="spacer battle-history"><br></div><div class="battle-history">The opposing Hoothoot fainted!<br></div><div class="spacer battle-history"><br></div><div class="battle-history">HielOwStarR sent out <strong>Darumaka</strong>!<br></div><div class="battle-history"><small>Pointed stones dug into the opposing Darumaka!</small><br></div><div class="spacer battle-history"><br></div><h2 class="battle-history">Turn 7</h2><div class="spacer battle-history"><br></div><div class="battle-history">The opposing Darumaka used <strong>Flare Blitz</strong>!<br></div><div class="battle-history"><small>It's super effective!</small><br></div><div class="battle-history"><small>(Smugleaf lost <abbr title="−13/21">61.9%</abbr> of its health!)</small><br></div><div class="battle-history"><small>The opposing Darumaka is damaged by the recoil!</small><br></div><div class="spacer battle-history"><br></div><div class="battle-history">Smugleaf fainted!<br></div><div class="spacer battle-history"><br></div><div class="battle-history">Go! Pingas (<strong>Onix</strong>)!<br></div><div class="spacer battle-history"><br></div><h2 class="battle-history">Turn 8</h2><div class="spacer battle-history"><br></div><div class="battle-history">HielOwStarR withdrew Darumaka!<br></div><div class="battle-history">HielOwStarR sent out <strong>Turtwig</strong>!<br></div><div class="battle-history"><small>Pointed stones dug into the opposing Turtwig!</small><br></div><div class="spacer battle-history"><br></div><div class="battle-history">Pingas used <strong>Dragon Tail</strong>!<br></div><div class="battle-history"><small>(The opposing Turtwig lost <abbr title="−6/22">27.3%</abbr> of its health!)</small><br></div><div class="spacer battle-history"><br></div><div class="battle-history"><strong>Doduo</strong> was dragged out!<br></div><div class="battle-history"><small>Pointed stones dug into the opposing Doduo!</small><br></div><div class="spacer battle-history"><br></div><h2 class="battle-history">Turn 9</h2><div class="spacer battle-history"><br></div><div class="battle-history">HielOwStarR withdrew Doduo!<br></div><div class="battle-history">HielOwStarR sent out <strong>Turtwig</strong>!<br></div><div class="battle-history"><small>Pointed stones dug into the opposing Turtwig!</small><br></div><div class="spacer battle-history"><br></div><div class="battle-history">Pingas used <strong>Rock Blast</strong>!<br></div><div class="battle-history"><small>(The opposing Turtwig lost <abbr title="−4/22">18.2%</abbr> of its health!)</small><br></div><div class="battle-history"><small>(The opposing Turtwig lost <abbr title="−4/22">18.2%</abbr> of its health!)</small><br></div><div class="battle-history"><small>Hit 2 times!</small><br></div><div class="spacer battle-history"><br></div><h2 class="battle-history">Turn 10</h2><div class="spacer battle-history"><br></div><div class="battle-history">Pingas, come back!<br></div><div class="battle-history">Go! Chara (<strong>Charmander</strong>)!<br></div><div class="spacer battle-history"><br></div><div class="battle-history">The opposing Turtwig used <strong>Giga Drain</strong>!<br></div><div class="battle-history"><small>It's not very effective...</small><br></div><div class="battle-history"><small>(Chara lost <abbr title="−6/21">28.6%</abbr> of its health!)</small><br></div><div class="battle-history"><small>Chara had its energy drained!</small><br></div><div class="spacer battle-history"><br></div><h2 class="battle-history">Turn 11</h2><div class="spacer battle-history"><br></div><div class="battle-history">Chara, come back!<br></div><div class="battle-history">Go! Genesect? (<strong>Kabuto</strong>)!<br></div><div class="spacer battle-history"><br></div><div class="battle-history">HielOwStarR withdrew Turtwig!<br></div><div class="battle-history">HielOwStarR sent out <strong>Vulpix</strong>!<br></div><div class="battle-history"><small>Pointed stones dug into the opposing Vulpix!</small><br></div><div class="spacer battle-history"><br></div><h2 class="battle-history">Turn 12</h2><div class="spacer battle-history"><br></div><div class="battle-history">Genesect? used <strong>Scald</strong>!<br></div><div class="battle-history"><small>It's super effective!</small><br></div><div class="battle-history"><small>A critical hit!</small><br></div><div class="battle-history"><small>(The opposing Vulpix lost <abbr title="−16/21">76.2%</abbr> of its health!)</small><br></div><div class="battle-history"><small>Genesect? lost some of its HP!</small><br></div><div class="spacer battle-history"><br></div><div class="battle-history">The opposing Vulpix fainted!<br></div><div class="spacer battle-history"><br></div><div class="battle-history">HielOwStarR sent out <strong>Turtwig</strong>!<br></div><div class="battle-history"><small>Pointed stones dug into the opposing Turtwig!</small><br></div><div class="spacer battle-history"><br></div><h2 class="battle-history">Turn 13</h2><div class="spacer battle-history"><br></div><div class="battle-history">Genesect? used <strong>Ice Beam</strong>!<br></div><div class="battle-history"><small>It's super effective!</small><br></div><div class="battle-history"><small>(The opposing Turtwig lost <abbr title="−5/22">22.7%</abbr> of its health!)</small><br></div><div class="battle-history"><small>Genesect? lost some of its HP!</small><br></div><div class="spacer battle-history"><br></div><div class="battle-history">The opposing Turtwig fainted!<br></div><div class="spacer battle-history"><br></div><div class="battle-history">HielOwStarR sent out <strong>Darumaka</strong>!<br></div><div class="battle-history"><small>Pointed stones dug into the opposing Darumaka!</small><br></div><div class="spacer battle-history"><br></div><h2 class="battle-history">Turn 14</h2><div class="spacer battle-history"><br></div><div class="battle-history">Genesect?, come back!<br></div><div class="battle-history">Go! Pingas (<strong>Onix</strong>)!<br></div><div class="spacer battle-history"><br></div><div class="battle-history">The opposing Darumaka used <strong>Brick Break</strong>!<br></div><div class="battle-history"><small>It's super effective!</small><br></div><div class="battle-history"><small>(Pingas lost <abbr title="−10/21">47.6%</abbr> of its health!)</small><br></div><div class="spacer battle-history"><br></div><h2 class="battle-history">Turn 15</h2><div class="spacer battle-history"><br></div><div class="battle-history">The opposing Darumaka used <strong>Brick Break</strong>!<br></div><div class="battle-history"><small>It's super effective!</small><br></div><div class="battle-history"><small>(Pingas lost <abbr title="−10/21">47.6%</abbr> of its health!)</small><br></div><div class="spacer battle-history"><br></div><div class="battle-history">Pingas used <strong>Rock Blast</strong>!<br></div><div class="battle-history"><small>It's super effective!</small><br></div><div class="battle-history"><small>(The opposing Darumaka lost <abbr title="−8/23">34.8%</abbr> of its health!)</small><br></div><div class="battle-history"><small>It's super effective!</small><br></div><div class="battle-history"><small>(The opposing Darumaka lost <abbr title="−1/23">4.3%</abbr> of its health!)</small><br></div><div class="battle-history"><small>Hit 2 times!</small><br></div><div class="spacer battle-history"><br></div><div class="battle-history">The opposing Darumaka fainted!<br></div><div class="spacer battle-history"><br></div><div class="battle-history">HielOwStarR sent out <strong>Doduo</strong>!<br></div><div class="battle-history"><small>Pointed stones dug into the opposing Doduo!</small><br></div><div class="spacer battle-history"><br></div><h2 class="battle-history">Turn 16</h2><div class="spacer battle-history"><br></div><div class="battle-history">The opposing Doduo used <strong>Pursuit</strong>!<br></div><div class="battle-history"><small>A critical hit!</small><br></div><div class="battle-history"><small>(Pingas lost <abbr title="−1/21">4.8%</abbr> of its health!)</small><br></div><div class="battle-history"><small>The opposing Doduo lost some of its HP!</small><br></div><div class="spacer battle-history"><br></div><div class="battle-history">Pingas fainted!<br></div><div class="spacer battle-history"><br></div><div class="battle-history">Go! Genesect? (<strong>Kabuto</strong>)!<br></div><div class="spacer battle-history"><br></div><h2 class="battle-history">Turn 17</h2><div class="spacer battle-history"><br></div><div class="battle-history">The opposing Doduo used <strong>Knock Off</strong>!<br></div><div class="battle-history"><small>(Genesect? lost <abbr title="−12/19">63.2%</abbr> of its health!)</small><br></div><div class="battle-history"><small>[Genesect?'s Weak Armor]</small><br></div><div class="battle-history"><small>Genesect?'s Defense fell!</small><br></div><div class="battle-history"><small>Genesect?'s Speed rose!</small><br></div><div class="battle-history"><small>The opposing Doduo knocked off Genesect?'s Life Orb!</small><br></div><div class="battle-history"><small>The opposing Doduo lost some of its HP!</small><br></div><div class="spacer battle-history"><br></div><div class="battle-history">Genesect? used <strong>Ice Beam</strong>!<br></div><div class="battle-history"><small>It's super effective!</small><br></div><div class="battle-history"><small>(The opposing Doduo lost <abbr title="−6/20">30%</abbr> of its health!)</small><br></div><div class="spacer battle-history"><br></div><div class="battle-history">The opposing Doduo fainted!<br></div><div class="spacer battle-history"><br></div><div class="battle-history">HielOwStarR sent out <strong>Rhyhorn</strong>!<br></div><div class="battle-history"><small>Pointed stones dug into the opposing Rhyhorn!</small><br></div><div class="spacer battle-history"><br></div><h2 class="battle-history">Turn 18</h2><div class="spacer battle-history"><br></div><div class="battle-history">Genesect? used <strong>Giga Drain</strong>!<br></div><div class="battle-history"><small>It's super effective!</small><br></div><div class="battle-history"><small>(The opposing Rhyhorn lost <abbr title="−17/24">70.8%</abbr> of its health!)</small><br></div><div class="battle-history"><small>The opposing Rhyhorn had its energy drained!</small><br></div><div class="spacer battle-history"><br></div><div class="battle-history">The opposing Rhyhorn fainted!<br></div><div class="spacer battle-history"><br></div><div class="battle-history"><strong>maxmustermann34</strong> won the battle!<br></div><div class="chat chatmessage-maxmustermann34"><strong style="color:hsl(304,42%,50.44672615438982%)"><small>★</small><span class="username" data-name="maxmustermann34">maxmustermann34</span>:</strong> <em>gg</em></div><div class="chat"><small>HielOwStarR left.</small></div></div><div class="inner-preempt"></div></div></div>
</div>
<script>
let daily = Math.floor(Date.now()/1000/60/60/24);document.write('<script src="https://play.pokemonshowdown.com/js/replay-embed.js?version'+daily+'"></'+'script>');
</script>
