<!DOCTYPE html>
<meta charset="utf-8" />
<!-- version 1 -->
<title>LC replay: snabs vs. 48th_Breadstick</title>
<style>
html,body {font-family:Verdana, sans-serif;font-size:10pt;margin:0;padding:0;}body{padding:12px 0;} .battle-log {font-family:Verdana, sans-serif;font-size:10pt;} .battle-log-inline {border:1px solid #AAAAAA;background:#EEF2F5;color:black;max-width:640px;margin:0 auto 80px;padding-bottom:5px;} .battle-log .inner {padding:4px 8px 0px 8px;} .battle-log .inner-preempt {padding:0 8px 4px 8px;} .battle-log .inner-after {margin-top:0.5em;} .battle-log h2 {margin:0.5em -8px;padding:4px 8px;border:1px solid #AAAAAA;background:#E0E7EA;border-left:0;border-right:0;font-family:Verdana, sans-serif;font-size:13pt;} .battle-log .chat {vertical-align:middle;padding:3px 0 3px 0;font-size:8pt;} .battle-log .chat strong {color:#40576A;} .battle-log .chat em {padding:1px 4px 1px 3px;color:#000000;font-style:normal;} .chat.mine {background:rgba(0,0,0,0.05);margin-left:-8px;margin-right:-8px;padding-left:8px;padding-right:8px;} .spoiler {color:#BBBBBB;background:#BBBBBB;padding:0px 3px;} .spoiler:hover, .spoiler:active, .spoiler-shown {color:#000000;background:#E2E2E2;padding:0px 3px;} .spoiler a {color:#BBBBBB;} .spoiler:hover a, .spoiler:active a, .spoiler-shown a {color:#2288CC;} .chat code, .chat .spoiler:hover code, .chat .spoiler:active code, .chat .spoiler-shown code {border:1px solid #C0C0C0;background:#EEEEEE;color:black;padding:0 2px;} .chat .spoiler code {border:1px solid #CCCCCC;background:#CCCCCC;color:#CCCCCC;} .battle-log .rated {padding:3px 4px;} .battle-log .rated strong {color:white;background:#89A;padding:1px 4px;border-radius:4px;} .spacer {margin-top:0.5em;} .message-announce {background:#6688AA;color:white;padding:1px 4px 2px;} .message-announce a, .broadcast-green a, .broadcast-blue a, .broadcast-red a {color:#DDEEFF;} .broadcast-green {background-color:#559955;color:white;padding:2px 4px;} .broadcast-blue {background-color:#6688AA;color:white;padding:2px 4px;} .infobox {border:1px solid #6688AA;padding:2px 4px;} .infobox-limited {max-height:200px;overflow:auto;overflow-x:hidden;} .broadcast-red {background-color:#AA5544;color:white;padding:2px 4px;} .message-learn-canlearn {font-weight:bold;color:#228822;text-decoration:underline;} .message-learn-cannotlearn {font-weight:bold;color:#CC2222;text-decoration:underline;} .message-effect-weak {font-weight:bold;color:#CC2222;} .message-effect-resist {font-weight:bold;color:#6688AA;} .message-effect-immune {font-weight:bold;color:#666666;} .message-learn-list {margin-top:0;margin-bottom:0;} .message-throttle-notice, .message-error {color:#992222;} .message-overflow, .chat small.message-overflow {font-size:0pt;} .message-overflow::before {font-size:9pt;content:'...';} .subtle {color:#3A4A66;}
</style>
<div class="wrapper replay-wrapper" style="max-width:1180px;margin:0 auto">
<input type="hidden" name="replayid" value="lc-504172472" />
<div class="battle"></div><div class="battle-log"></div><div class="replay-controls"></div><div class="replay-controls-2"></div>
<h1 style="font-weight:normal;text-align:center"><strong>LC</strong><br /><a href="http://pokemonshowdown.com/users/snabs" class="subtle" target="_blank">snabs</a> vs. <a href="http://pokemonshowdown.com/users/48thbreadstick" class="subtle" target="_blank">48th_Breadstick</a></h1>
<script type="text/plain" class="battle-log-data">|j|snabs
|j|48th_Breadstick
|player|p1|snabs|23
|player|p2|48th_Breadstick|209
|gametype|singles
|gen|6
|tier|LC
|seed|19525,17819,11233,42224
|clearpoke
|poke|p1|Vulpix, L5, F|item
|poke|p1|Cherubi, L5, F|item
|poke|p1|Cranidos, L5, M|item
|poke|p1|Bellsprout, L5, F|item
|poke|p1|Ponyta, L5, M|item
|poke|p1|Abra, L5, M|item
|poke|p2|Aipom, L5, F, shiny|item
|poke|p2|Abra, L5, F, shiny|item
|poke|p2|Phantump, L5, M, shiny|item
|poke|p2|Scraggy, L5, M, shiny|item
|poke|p2|Shellder, L5, F, shiny|item
|poke|p2|Phanpy, L5, F|item
|rule|Sleep Clause Mod: Limit one foe put to sleep
|rule|Species Clause: Limit one of each Pokémon
|rule|OHKO Clause: OHKO moves are banned
|rule|Moody Clause: Moody is banned
|rule|Evasion Moves Clause: Evasion moves are banned
|rule|Endless Battle Clause: Forcing endless battles is banned
|rule|HP Percentage Mod: HP is shown in percentages
|teampreview
|choice|team 1, team 2, team 3, team 4, team 5, team 6|team 2, team 1, team 3, team 4, team 5, team 6
|
|start
|switch|p1a: Ah-Tah|Vulpix, L5, F|21\/21
|switch|p2a: Abra|Abra, L5, F, shiny|19\/19
|-weather|SunnyDay|[from] ability: Drought|[of] p1a: Ah-Tah
|turn|1
|choice|move fireblast|move psychic
|
|move|p2a: Abra|Psychic|p1a: Ah-Tah
|-damage|p1a: Ah-Tah|0 fnt
|faint|p1a: Ah-Tah
|
|-weather|SunnyDay|[upkeep]
|upkeep
|choice|switch 6|
|
|switch|p1a: I'm Depressed|Abra, L5, M|19\/19
|turn|2
|choice|move shadowball|move shadowball
|
|move|p1a: I'm Depressed|Shadow Ball|p2a: Abra
|-supereffective|p2a: Abra
|-damage|p2a: Abra|0 fnt
|faint|p2a: Abra
|
|-weather|SunnyDay|[upkeep]
|upkeep
|choice||switch 4
|
|switch|p2a: Scraggy|Scraggy, L5, M, shiny|21\/21
|-ability|p2a: Scraggy|Intimidate|boost
|-unboost|p1a: I'm Depressed|atk|1
|turn|3
|choice|move dazzlinggleam|move crunch
|
|move|p1a: I'm Depressed|Dazzling Gleam|p2a: Scraggy
|-supereffective|p2a: Scraggy
|-damage|p2a: Scraggy|0 fnt
|faint|p2a: Scraggy
|
|-weather|SunnyDay|[upkeep]
|upkeep
|choice||switch 2
|
|switch|p2a: Aipom|Aipom, L5, F, shiny|22\/22
|turn|4
|choice|switch 5|move fakeout
|
|switch|p1a: Poneroni|Ponyta, L5, M|21\/21
|move|p2a: Aipom|Fake Out|p1a: Poneroni
|-enditem|p2a: Aipom|Normal Gem|[from] gem|[move] Fake Out
|-damage|p1a: Poneroni|15\/21
|
|-weather|SunnyDay|[upkeep]
|upkeep
|turn|5
|choice|move willowisp|move return
|
|move|p2a: Aipom|Return|p1a: Poneroni
|-damage|p1a: Poneroni|6\/21
|move|p1a: Poneroni|Will-O-Wisp|p2a: Aipom
|-status|p2a: Aipom|brn
|
|-weather|SunnyDay|[upkeep]
|-damage|p2a: Aipom|20\/22 brn|[from] brn
|upkeep
|turn|6
|choice|move morningsun|move return
|
|move|p2a: Aipom|Return|p1a: Poneroni
|-damage|p1a: Poneroni|1\/21
|move|p1a: Poneroni|Morning Sun|p1a: Poneroni
|-heal|p1a: Poneroni|15\/21
|
|-weather|SunnyDay|[upkeep]
|-damage|p2a: Aipom|18\/22 brn|[from] brn
|upkeep
|turn|7
|choice|move morningsun|switch 5
|
|switch|p2a: Shellder|Shellder, L5, F, shiny|19\/19
|move|p1a: Poneroni|Morning Sun|p1a: Poneroni
|-heal|p1a: Poneroni|21\/21
|
|-weather|SunnyDay|[upkeep]
|upkeep
|turn|8
|choice|move wildcharge|move shellsmash
|
|move|p1a: Poneroni|Wild Charge|p2a: Shellder
|-supereffective|p2a: Shellder
|-damage|p2a: Shellder|3\/19
|-damage|p1a: Poneroni|17\/21|[from] recoil|[of] p2a: Shellder
|move|p2a: Shellder|Shell Smash|p2a: Shellder
|-unboost|p2a: Shellder|def|1
|-unboost|p2a: Shellder|spd|1
|-boost|p2a: Shellder|atk|2
|-boost|p2a: Shellder|spa|2
|-boost|p2a: Shellder|spe|2
|-enditem|p2a: Shellder|White Herb
|-clearnegativeboost|p2a: Shellder|[silent]
|
|-weather|none
|upkeep
|turn|9
|choice|move wildcharge|move razorshell
|
|move|p2a: Shellder|Razor Shell|p1a: Poneroni
|-supereffective|p1a: Poneroni
|-damage|p1a: Poneroni|0 fnt
|-status|p2a: Shellder|brn|[from] ability: Flame Body|[of] p1a: Poneroni
|faint|p1a: Poneroni
|
|-damage|p2a: Shellder|1\/19 brn|[from] brn
|upkeep
|choice|switch 5|
|
|switch|p1a: I'm Depressed|Abra, L5, M|19\/19
|turn|10
|choice|move protect|move iciclespear
|
|move|p1a: I'm Depressed|Protect|p1a: I'm Depressed
|-singleturn|p1a: I'm Depressed|Protect
|move|p2a: Shellder|Icicle Spear|p1a: I'm Depressed
|-activate|p1a: I'm Depressed|move: Protect
|
|-damage|p2a: Shellder|0 fnt|[from] brn
|upkeep
|faint|p2a: Shellder
|choice||switch 5
|
|switch|p2a: Aipom|Aipom, L5, F, shiny|18\/22 brn
|turn|11
|choice|move protect|move fakeout
|
|move|p1a: I'm Depressed|Protect|p1a: I'm Depressed
|-fail|p1a: I'm Depressed
|move|p2a: Aipom|Fake Out|p1a: I'm Depressed
|-damage|p1a: I'm Depressed|14\/19
|
|-damage|p2a: Aipom|16\/22 brn|[from] brn
|upkeep
|turn|12
|choice|move psychic|move return
|
|move|p1a: I'm Depressed|Psychic|p2a: Aipom
|-damage|p2a: Aipom|0 fnt
|faint|p2a: Aipom
|
|upkeep
|choice||switch 6
|
|switch|p2a: Phanpy|Phanpy, L5, F|25\/25
|turn|13
|choice|move psychic|move earthquake
|
|move|p1a: I'm Depressed|Psychic|p2a: Phanpy
|-damage|p2a: Phanpy|9\/25
|-unboost|p2a: Phanpy|spd|1
|move|p2a: Phanpy|Earthquake|p1a: I'm Depressed
|-crit|p1a: I'm Depressed
|-damage|p1a: I'm Depressed|0 fnt
|-damage|p2a: Phanpy|7\/25|[from] item: Life Orb
|faint|p1a: I'm Depressed
|
|upkeep
|choice|switch 2|
|
|switch|p1a: Cher|Cherubi, L5, F|21\/21
|turn|14
|choice|move dazzlinggleam|move iceshard
|
|move|p2a: Phanpy|Ice Shard|p1a: Cher
|-supereffective|p1a: Cher
|-damage|p1a: Cher|8\/21
|-damage|p2a: Phanpy|5\/25|[from] item: Life Orb
|move|p1a: Cher|Dazzling Gleam|p2a: Phanpy
|-damage|p2a: Phanpy|0 fnt
|-damage|p1a: Cher|6\/21|[from] item: Life Orb
|faint|p2a: Phanpy
|
|upkeep
|choice||switch 3
|
|switch|p2a: Phantump|Phantump, L5, M, shiny|22\/22
|turn|15
|choice|move solarbeam|move willowisp
|
|move|p1a: Cher|Solar Beam|p2a: Phantump|[still]
|-prepare|p1a: Cher|Solar Beam|p2a: Phantump
|move|p2a: Phantump|Will-O-Wisp|p1a: Cher
|-status|p1a: Cher|brn
|
|-damage|p1a: Cher|4\/21 brn|[from] brn
|upkeep
|turn|16
|choice|move solarbeam 1|move substitute
|
|move|p1a: Cher|Solar Beam|p2a: Phantump|[from]lockedmove
|-resisted|p2a: Phantump
|-damage|p2a: Phantump|14\/22
|-damage|p1a: Cher|2\/21 brn|[from] item: Life Orb
|move|p2a: Phantump|Substitute|p2a: Phantump
|-start|p2a: Phantump|Substitute
|-damage|p2a: Phantump|9\/22
|-enditem|p2a: Phantump|Sitrus Berry|[eat]
|-heal|p2a: Phantump|14\/22|[from] item: Sitrus Berry
|
|-damage|p1a: Cher|0 fnt|[from] brn
|-item|p2a: Phantump|Sitrus Berry|[from] ability: Harvest
|upkeep
|faint|p1a: Cher
|choice|switch 3|
|
|switch|p1a: Oh Baby|Cranidos, L5, M|23\/23
|turn|17
|choice|move pursuit|move leechseed
|
|move|p1a: Oh Baby|Pursuit|p2a: Phantump
|-supereffective|p2a: Phantump
|-end|p2a: Phantump|Substitute
|move|p2a: Phantump|Leech Seed|p1a: Oh Baby
|-start|p1a: Oh Baby|move: Leech Seed
|
|-damage|p1a: Oh Baby|21\/23|[from] Leech Seed|[of] p2a: Phantump
|-heal|p2a: Phantump|16\/22|[silent]
|upkeep
|turn|18
|choice|switch 4|move willowisp
|
|switch|p1a: Twigger|Bellsprout, L5, F|22\/22
|move|p2a: Phantump|Will-O-Wisp|p1a: Twigger|[miss]
|-miss|p2a: Phantump|p1a: Twigger
|
|upkeep
|turn|19
|choice|move sludgebomb|move willowisp
|
|move|p1a: Twigger|Sludge Bomb|p2a: Phantump
|-damage|p2a: Phantump|4\/22
|-enditem|p2a: Phantump|Sitrus Berry|[eat]
|-heal|p2a: Phantump|9\/22|[from] item: Sitrus Berry
|move|p2a: Phantump|Will-O-Wisp|p1a: Twigger
|-status|p1a: Twigger|brn
|
|-damage|p1a: Twigger|20\/22 brn|[from] brn
|-item|p2a: Phantump|Sitrus Berry|[from] ability: Harvest
|upkeep
|-enditem|p2a: Phantump|Sitrus Berry|[eat]
|-heal|p2a: Phantump|14\/22|[from] item: Sitrus Berry
|turn|20
|choice|move sludgebomb|move hornleech
|
|move|p1a: Twigger|Sludge Bomb|p2a: Phantump
|-damage|p2a: Phantump|2\/22
|-status|p2a: Phantump|psn
|move|p2a: Phantump|Horn Leech|p1a: Twigger
|-resisted|p1a: Twigger
|-damage|p1a: Twigger|19\/22 brn
|-heal|p2a: Phantump|3\/22 psn|[from] drain|[of] p1a: Twigger
|
|-damage|p1a: Twigger|17\/22 brn|[from] brn
|-damage|p2a: Phantump|1\/22 psn|[from] psn
|-item|p2a: Phantump|Sitrus Berry|[from] ability: Harvest
|upkeep
|-enditem|p2a: Phantump|Sitrus Berry|[eat]
|-heal|p2a: Phantump|6\/22 psn|[from] item: Sitrus Berry
|turn|21
|choice|move sludgebomb|move hornleech
|
|move|p1a: Twigger|Sludge Bomb|p2a: Phantump
|-damage|p2a: Phantump|0 fnt
|faint|p2a: Phantump
|
|win|snabs
|player|p1
|player|p2
|l|48th_Breadstick</script>
</div>
<div class="battle-log battle-log-inline"><div class="inner"><div class="battle-options"></div><div class="inner"><div class="chat"><small>snabs joined.</small></div><div class="chat"><small>48th_Breadstick joined.</small></div><div class=""><small>Format:</small> <br><strong>LC</strong></div><div class=""><small><em>Sleep Clause Mod:</em> Limit one foe put to sleep</small></div><div class=""><small><em>Species Clause:</em> Limit one of each Pokémon</small></div><div class=""><small><em>OHKO Clause:</em> OHKO moves are banned</small></div><div class=""><small><em>Moody Clause:</em> Moody is banned</small></div><div class=""><small><em>Evasion Moves Clause:</em> Evasion moves are banned</small></div><div class=""><small><em>Endless Battle Clause:</em> Forcing endless battles is banned</small></div><div class=""><small><em>HP Percentage Mod:</em> HP is shown in percentages</small></div><div class="chat battle-history"><strong>snabs's team:</strong> <em style="color:#445566;display:block;">Vulpix / Cherubi / Cranidos / Bellsprout / Ponyta / Abra</em></div><div class="chat battle-history"><strong>48th_Breadstick's team:</strong> <em style="color:#445566;display:block;">Aipom / Abra / Phantump / Scraggy / Shellder / Phanpy</em></div><div class="spacer battle-history"><br></div><div class="battle-history">Battle started between snabs and 48th_Breadstick!<br></div><div class="spacer battle-history"><br></div><div class="battle-history">Go! Ah-Tah (<strong>Vulpix</strong>)!<br></div><div class="spacer battle-history"><br></div><div class="battle-history">48th_Breadstick sent out <strong>Abra</strong>!<br></div><div class="battle-history"><small>[Ah-Tah's Drought]</small><br><small>The sunlight turned harsh!</small><br></div><div class="spacer battle-history"><br></div><h2 class="battle-history">Turn 1</h2><div class="spacer battle-history"><br></div><div class="battle-history">The opposing Abra used <strong>Psychic</strong>!<br></div><div class="battle-history"><small>(Ah-Tah lost <abbr title="−21/21">100%</abbr> of its health!)</small><br></div><div class="spacer battle-history"><br></div><div class="battle-history">Ah-Tah fainted!<br></div><div class="spacer battle-history"><br></div><div class="battle-history"><small>(The sunlight is strong!)</small><br></div><div class="spacer battle-history"><br></div><div class="battle-history">Go! I'm Depressed (<strong>Abra</strong>)!<br></div><div class="spacer battle-history"><br></div><h2 class="battle-history">Turn 2</h2><div class="spacer battle-history"><br></div><div class="battle-history">I'm Depressed used <strong>Shadow Ball</strong>!<br></div><div class="battle-history"><small>It's super effective!</small><br></div><div class="battle-history"><small>(The opposing Abra lost <abbr title="−19/19">100%</abbr> of its health!)</small><br></div><div class="spacer battle-history"><br></div><div class="battle-history">The opposing Abra fainted!<br></div><div class="spacer battle-history"><br></div><div class="battle-history"><small>(The sunlight is strong!)</small><br></div><div class="spacer battle-history"><br></div><div class="battle-history">48th_Breadstick sent out <strong>Scraggy</strong>!<br></div><div class="battle-history"><small>[The opposing Scraggy's Intimidate]</small><br></div><div class="battle-history"><small>I'm Depressed's Attack fell!</small><br></div><div class="spacer battle-history"><br></div><h2 class="battle-history">Turn 3</h2><div class="spacer battle-history"><br></div><div class="battle-history">I'm Depressed used <strong>Dazzling Gleam</strong>!<br></div><div class="battle-history"><small>It's super effective!</small><br></div><div class="battle-history"><small>(The opposing Scraggy lost <abbr title="−21/21">100%</abbr> of its health!)</small><br></div><div class="spacer battle-history"><br></div><div class="battle-history">The opposing Scraggy fainted!<br></div><div class="spacer battle-history"><br></div><div class="battle-history"><small>(The sunlight is strong!)</small><br></div><div class="spacer battle-history"><br></div><div class="battle-history">48th_Breadstick sent out <strong>Aipom</strong>!<br></div><div class="spacer battle-history"><br></div><h2 class="battle-history">Turn 4</h2><div class="spacer battle-history"><br></div><div class="battle-history">I'm Depressed, come back!<br></div><div class="battle-history">Go! Poneroni (<strong>Ponyta</strong>)!<br></div><div class="spacer battle-history"><br></div><div class="battle-history">The opposing Aipom used <strong>Fake Out</strong>!<br></div><div class="battle-history"><small>The Normal Gem strengthened the opposing Aipom's power!</small><br></div><div class="battle-history"><small>(Poneroni lost <abbr title="−6/21">28.6%</abbr> of its health!)</small><br></div><div class="spacer battle-history"><br></div><div class="battle-history"><small>(The sunlight is strong!)</small><br></div><div class="spacer battle-history"><br></div><h2 class="battle-history">Turn 5</h2><div class="spacer battle-history"><br></div><div class="battle-history">The opposing Aipom used <strong>Return</strong>!<br></div><div class="battle-history"><small>(Poneroni lost <abbr title="−9/21">42.9%</abbr> of its health!)</small><br></div><div class="spacer battle-history"><br></div><div class="battle-history">Poneroni used <strong>Will-O-Wisp</strong>!<br></div><div class="battle-history"><small>The opposing Aipom was burned!</small><br></div><div class="spacer battle-history"><br></div><div class="battle-history"><small>(The sunlight is strong!)</small><br></div><div class="battle-history"><small>The opposing Aipom was hurt by its burn!</small><br></div><div class="spacer battle-history"><br></div><h2 class="battle-history">Turn 6</h2><div class="spacer battle-history"><br></div><div class="battle-history">The opposing Aipom used <strong>Return</strong>!<br></div><div class="battle-history"><small>(Poneroni lost <abbr title="−5/21">23.8%</abbr> of its health!)</small><br></div><div class="spacer battle-history"><br></div><div class="battle-history">Poneroni used <strong>Morning Sun</strong>!<br></div><div class="battle-history"><small>Poneroni restored its HP.</small><br></div><div class="spacer battle-history"><br></div><div class="battle-history"><small>(The sunlight is strong!)</small><br></div><div class="battle-history"><small>The opposing Aipom was hurt by its burn!</small><br></div><div class="spacer battle-history"><br></div><h2 class="battle-history">Turn 7</h2><div class="spacer battle-history"><br></div><div class="battle-history">48th_Breadstick withdrew Aipom!<br></div><div class="battle-history">48th_Breadstick sent out <strong>Shellder</strong>!<br></div><div class="spacer battle-history"><br></div><div class="battle-history">Poneroni used <strong>Morning Sun</strong>!<br></div><div class="battle-history"><small>Poneroni restored its HP.</small><br></div><div class="spacer battle-history"><br></div><div class="battle-history"><small>(The sunlight is strong!)</small><br></div><div class="spacer battle-history"><br></div><h2 class="battle-history">Turn 8</h2><div class="spacer battle-history"><br></div><div class="battle-history">Poneroni used <strong>Wild Charge</strong>!<br></div><div class="battle-history"><small>It's super effective!</small><br></div><div class="battle-history"><small>(The opposing Shellder lost <abbr title="−16/19">84.2%</abbr> of its health!)</small><br></div><div class="battle-history"><small>Poneroni is damaged by the recoil!</small><br></div><div class="spacer battle-history"><br></div><div class="battle-history">The opposing Shellder used <strong>Shell Smash</strong>!<br></div><div class="battle-history"><small>The opposing Shellder's Defense fell!</small><br></div><div class="battle-history"><small>The opposing Shellder's Special Defense fell!</small><br></div><div class="battle-history"><small>The opposing Shellder's Attack rose sharply!</small><br></div><div class="battle-history"><small>The opposing Shellder's Special Attack rose sharply!</small><br></div><div class="battle-history"><small>The opposing Shellder's Speed rose sharply!</small><br></div><div class="battle-history"><small>The opposing Shellder returned its status to normal using its White Herb!</small><br></div><div class="spacer battle-history"><br></div><div class="battle-history"><small>The sunlight faded.</small><br></div><div class="spacer battle-history"><br></div><h2 class="battle-history">Turn 9</h2><div class="spacer battle-history"><br></div><div class="battle-history">The opposing Shellder used <strong>Razor Shell</strong>!<br></div><div class="battle-history"><small>It's super effective!</small><br></div><div class="battle-history"><small>(Poneroni lost <abbr title="−17/21">81.0%</abbr> of its health!)</small><br></div><div class="battle-history"><small>[Poneroni's Flame Body]</small><br><small>The opposing Shellder was burned!</small><br></div><div class="spacer battle-history"><br></div><div class="battle-history">Poneroni fainted!<br></div><div class="spacer battle-history"><br></div><div class="battle-history"><small>The opposing Shellder was hurt by its burn!</small><br></div><div class="spacer battle-history"><br></div><div class="battle-history">Go! I'm Depressed (<strong>Abra</strong>)!<br></div><div class="spacer battle-history"><br></div><h2 class="battle-history">Turn 10</h2><div class="spacer battle-history"><br></div><div class="battle-history">I'm Depressed used <strong>Protect</strong>!<br></div><div class="battle-history"><small>I'm Depressed protected itself!</small><br></div><div class="spacer battle-history"><br></div><div class="battle-history">The opposing Shellder used <strong>Icicle Spear</strong>!<br></div><div class="battle-history"><small>I'm Depressed protected itself!</small><br></div><div class="spacer battle-history"><br></div><div class="battle-history"><small>The opposing Shellder was hurt by its burn!</small><br></div><div class="spacer battle-history"><br></div><div class="battle-history">The opposing Shellder fainted!<br></div><div class="spacer battle-history"><br></div><div class="battle-history">48th_Breadstick sent out <strong>Aipom</strong>!<br></div><div class="spacer battle-history"><br></div><h2 class="battle-history">Turn 11</h2><div class="spacer battle-history"><br></div><div class="battle-history">I'm Depressed used <strong>Protect</strong>!<br></div><div class="battle-history"><small>But it failed!</small><br></div><div class="spacer battle-history"><br></div><div class="battle-history">The opposing Aipom used <strong>Fake Out</strong>!<br></div><div class="battle-history"><small>(I'm Depressed lost <abbr title="−5/19">26.3%</abbr> of its health!)</small><br></div><div class="spacer battle-history"><br></div><div class="battle-history"><small>The opposing Aipom was hurt by its burn!</small><br></div><div class="spacer battle-history"><br></div><h2 class="battle-history">Turn 12</h2><div class="spacer battle-history"><br></div><div class="battle-history">I'm Depressed used <strong>Psychic</strong>!<br></div><div class="battle-history"><small>(The opposing Aipom lost <abbr title="−16/22">72.7%</abbr> of its health!)</small><br></div><div class="spacer battle-history"><br></div><div class="battle-history">The opposing Aipom fainted!<br></div><div class="spacer battle-history"><br></div><div class="battle-history">48th_Breadstick sent out <strong>Phanpy</strong>!<br></div><div class="spacer battle-history"><br></div><h2 class="battle-history">Turn 13</h2><div class="spacer battle-history"><br></div><div class="battle-history">I'm Depressed used <strong>Psychic</strong>!<br></div><div class="battle-history"><small>(The opposing Phanpy lost <abbr title="−16/25">64%</abbr> of its health!)</small><br></div><div class="battle-history"><small>The opposing Phanpy's Special Defense fell!</small><br></div><div class="spacer battle-history"><br></div><div class="battle-history">The opposing Phanpy used <strong>Earthquake</strong>!<br></div><div class="battle-history"><small>A critical hit!</small><br></div><div class="battle-history"><small>(I'm Depressed lost <abbr title="−14/19">73.7%</abbr> of its health!)</small><br></div><div class="battle-history"><small>The opposing Phanpy lost some of its HP!</small><br></div><div class="spacer battle-history"><br></div><div class="battle-history">I'm Depressed fainted!<br></div><div class="spacer battle-history"><br></div><div class="battle-history">Go! Cher (<strong>Cherubi</strong>)!<br></div><div class="spacer battle-history"><br></div><h2 class="battle-history">Turn 14</h2><div class="spacer battle-history"><br></div><div class="battle-history">The opposing Phanpy used <strong>Ice Shard</strong>!<br></div><div class="battle-history"><small>It's super effective!</small><br></div><div class="battle-history"><small>(Cher lost <abbr title="−13/21">61.9%</abbr> of its health!)</small><br></div><div class="battle-history"><small>The opposing Phanpy lost some of its HP!</small><br></div><div class="spacer battle-history"><br></div><div class="battle-history">Cher used <strong>Dazzling Gleam</strong>!<br></div><div class="battle-history"><small>(The opposing Phanpy lost <abbr title="−5/25">20%</abbr> of its health!)</small><br></div><div class="battle-history"><small>Cher lost some of its HP!</small><br></div><div class="spacer battle-history"><br></div><div class="battle-history">The opposing Phanpy fainted!<br></div><div class="spacer battle-history"><br></div><div class="battle-history">48th_Breadstick sent out <strong>Phantump</strong>!<br></div><div class="spacer battle-history"><br></div><h2 class="battle-history">Turn 15</h2><div class="spacer battle-history"><br></div><div class="battle-history">Cher used <strong>Solar Beam</strong>!<br></div><div class="battle-history"><small>Cher absorbed light!</small><br></div><div class="spacer battle-history"><br></div><div class="battle-history">The opposing Phantump used <strong>Will-O-Wisp</strong>!<br></div><div class="battle-history"><small>Cher was burned!</small><br></div><div class="spacer battle-history"><br></div><div class="battle-history"><small>Cher was hurt by its burn!</small><br></div><div class="spacer battle-history"><br></div><h2 class="battle-history">Turn 16</h2><div class="spacer battle-history"><br></div><div class="battle-history">Cher used <strong>Solar Beam</strong>!<br></div><div class="battle-history"><small>It's not very effective...</small><br></div><div class="battle-history"><small>(The opposing Phantump lost <abbr title="−8/22">36.4%</abbr> of its health!)</small><br></div><div class="battle-history"><small>Cher lost some of its HP!</small><br></div><div class="spacer battle-history"><br></div><div class="battle-history">The opposing Phantump used <strong>Substitute</strong>!<br></div><div class="battle-history"><small>The opposing Phantump put in a substitute!</small><br></div><div class="battle-history"><small>(The opposing Phantump lost <abbr title="−5/22">22.7%</abbr> of its health!)</small><br></div><div class="battle-history"><small>The opposing Phantump ate its Sitrus Berry!</small><br></div><div class="battle-history"><small>The opposing Phantump restored HP using its Sitrus Berry!</small><br></div><div class="spacer battle-history"><br></div><div class="battle-history"><small>Cher was hurt by its burn!</small><br></div><div class="battle-history"><small>[The opposing Phantump's Harvest]</small><br><small>The opposing Phantump harvested one Sitrus Berry!</small><br></div><div class="spacer battle-history"><br></div><div class="battle-history">Cher fainted!<br></div><div class="spacer battle-history"><br></div><div class="battle-history">Go! Oh Baby (<strong>Cranidos</strong>)!<br></div><div class="spacer battle-history"><br></div><h2 class="battle-history">Turn 17</h2><div class="spacer battle-history"><br></div><div class="battle-history">Oh Baby used <strong>Pursuit</strong>!<br></div><div class="battle-history"><small>It's super effective!</small><br></div><div class="battle-history"><small>The opposing Phantump's substitute faded!</small><br></div><div class="spacer battle-history"><br></div><div class="battle-history">The opposing Phantump used <strong>Leech Seed</strong>!<br></div><div class="battle-history"><small>Oh Baby was seeded!</small><br></div><div class="spacer battle-history"><br></div><div class="battle-history"><small>Oh Baby's health is sapped by Leech Seed!</small><br></div><div class="spacer battle-history"><br></div><h2 class="battle-history">Turn 18</h2><div class="spacer battle-history"><br></div><div class="battle-history">Oh Baby, come back!<br></div><div class="battle-history">Go! Twigger (<strong>Bellsprout</strong>)!<br></div><div class="spacer battle-history"><br></div><div class="battle-history">The opposing Phantump used <strong>Will-O-Wisp</strong>!<br></div><div class="battle-history"><small>Twigger avoided the attack!</small><br></div><div class="spacer battle-history"><br></div><h2 class="battle-history">Turn 19</h2><div class="spacer battle-history"><br></div><div class="battle-history">Twigger used <strong>Sludge Bomb</strong>!<br></div><div class="battle-history"><small>(The opposing Phantump lost <abbr title="−12/22">54.5%</abbr> of its health!)</small><br></div><div class="battle-history"><small>The opposing Phantump ate its Sitrus Berry!</small><br></div><div class="battle-history"><small>The opposing Phantump restored HP using its Sitrus Berry!</small><br></div><div class="spacer battle-history"><br></div><div class="battle-history">The opposing Phantump used <strong>Will-O-Wisp</strong>!<br></div><div class="battle-history"><small>Twigger was burned!</small><br></div><div class="spacer battle-history"><br></div><div class="battle-history"><small>Twigger was hurt by its burn!</small><br></div><div class="battle-history"><small>[The opposing Phantump's Harvest]</small><br><small>The opposing Phantump harvested one Sitrus Berry!</small><br></div><div class="spacer battle-history"><br></div><div class="battle-history"><small>The opposing Phantump ate its Sitrus Berry!</small><br></div><div class="battle-history"><small>The opposing Phantump restored HP using its Sitrus Berry!</small><br></div><div class="spacer battle-history"><br></div><h2 class="battle-history">Turn 20</h2><div class="spacer battle-history"><br></div><div class="battle-history">Twigger used <strong>Sludge Bomb</strong>!<br></div><div class="battle-history"><small>(The opposing Phantump lost <abbr title="−12/22">54.5%</abbr> of its health!)</small><br></div><div class="battle-history"><small>The opposing Phantump was poisoned!</small><br></div><div class="spacer battle-history"><br></div><div class="battle-history">The opposing Phantump used <strong>Horn Leech</strong>!<br></div><div class="battle-history"><small>It's not very effective...</small><br></div><div class="battle-history"><small>(Twigger lost <abbr title="−1/22">4.5%</abbr> of its health!)</small><br></div><div class="battle-history"><small>Twigger had its energy drained!</small><br></div><div class="spacer battle-history"><br></div><div class="battle-history"><small>Twigger was hurt by its burn!</small><br></div><div class="battle-history"><small>The opposing Phantump was hurt by poison!</small><br></div><div class="battle-history"><small>[The opposing Phantump's Harvest]</small><br><small>The opposing Phantump harvested one Sitrus Berry!</small><br></div><div class="spacer battle-history"><br></div><div class="battle-history"><small>The opposing Phantump ate its Sitrus Berry!</small><br></div><div class="battle-history"><small>The opposing Phantump restored HP using its Sitrus Berry!</small><br></div><div class="spacer battle-history"><br></div><h2 class="battle-history">Turn 21</h2><div class="spacer battle-history"><br></div><div class="battle-history">Twigger used <strong>Sludge Bomb</strong>!<br></div><div class="battle-history"><small>(The opposing Phantump lost <abbr title="−6/22">27.3%</abbr> of its health!)</small><br></div><div class="spacer battle-history"><br></div><div class="battle-history">The opposing Phantump fainted!<br></div><div class="spacer battle-history"><br></div><div class="battle-history"><strong>snabs</strong> won the battle!<br></div><div class="chat"><small>48th_Breadstick left.</small></div></div><div class="inner-preempt"></div></div></div>
</div>
<script>
let daily = Math.floor(Date.now()/1000/60/60/24);document.write('<script src="https://play.pokemonshowdown.com/js/replay-embed.js?version'+daily+'"></'+'script>');
</script>
