<!DOCTYPE html>
<meta charset="utf-8" />
<!-- version 1 -->
<title>LC replay: Oaks vs. NDF Chesnaught</title>
<style>
html,body {font-family:Verdana, sans-serif;font-size:10pt;margin:0;padding:0;}body{padding:12px 0;} .battle-log {font-family:Verdana, sans-serif;font-size:10pt;} .battle-log-inline {border:1px solid #AAAAAA;background:#EEF2F5;color:black;max-width:640px;margin:0 auto 80px;padding-bottom:5px;} .battle-log .inner {padding:4px 8px 0px 8px;} .battle-log .inner-preempt {padding:0 8px 4px 8px;} .battle-log .inner-after {margin-top:0.5em;} .battle-log h2 {margin:0.5em -8px;padding:4px 8px;border:1px solid #AAAAAA;background:#E0E7EA;border-left:0;border-right:0;font-family:Verdana, sans-serif;font-size:13pt;} .battle-log .chat {vertical-align:middle;padding:3px 0 3px 0;font-size:8pt;} .battle-log .chat strong {color:#40576A;} .battle-log .chat em {padding:1px 4px 1px 3px;color:#000000;font-style:normal;} .chat.mine {background:rgba(0,0,0,0.05);margin-left:-8px;margin-right:-8px;padding-left:8px;padding-right:8px;} .spoiler {color:#BBBBBB;background:#BBBBBB;padding:0px 3px;} .spoiler:hover, .spoiler:active, .spoiler-shown {color:#000000;background:#E2E2E2;padding:0px 3px;} .spoiler a {color:#BBBBBB;} .spoiler:hover a, .spoiler:active a, .spoiler-shown a {color:#2288CC;} .chat code, .chat .spoiler:hover code, .chat .spoiler:active code, .chat .spoiler-shown code {border:1px solid #C0C0C0;background:#EEEEEE;color:black;padding:0 2px;} .chat .spoiler code {border:1px solid #CCCCCC;background:#CCCCCC;color:#CCCCCC;} .battle-log .rated {padding:3px 4px;} .battle-log .rated strong {color:white;background:#89A;padding:1px 4px;border-radius:4px;} .spacer {margin-top:0.5em;} .message-announce {background:#6688AA;color:white;padding:1px 4px 2px;} .message-announce a, .broadcast-green a, .broadcast-blue a, .broadcast-red a {color:#DDEEFF;} .broadcast-green {background-color:#559955;color:white;padding:2px 4px;} .broadcast-blue {background-color:#6688AA;color:white;padding:2px 4px;} .infobox {border:1px solid #6688AA;padding:2px 4px;} .infobox-limited {max-height:200px;overflow:auto;overflow-x:hidden;} .broadcast-red {background-color:#AA5544;color:white;padding:2px 4px;} .message-learn-canlearn {font-weight:bold;color:#228822;text-decoration:underline;} .message-learn-cannotlearn {font-weight:bold;color:#CC2222;text-decoration:underline;} .message-effect-weak {font-weight:bold;color:#CC2222;} .message-effect-resist {font-weight:bold;color:#6688AA;} .message-effect-immune {font-weight:bold;color:#666666;} .message-learn-list {margin-top:0;margin-bottom:0;} .message-throttle-notice, .message-error {color:#992222;} .message-overflow, .chat small.message-overflow {font-size:0pt;} .message-overflow::before {font-size:9pt;content:'...';} .subtle {color:#3A4A66;}
</style>
<div class="wrapper replay-wrapper" style="max-width:1180px;margin:0 auto">
<input type="hidden" name="replayid" value="lc-488970207" />
<div class="battle"></div><div class="battle-log"></div><div class="replay-controls"></div><div class="replay-controls-2"></div>
<h1 style="font-weight:normal;text-align:center"><strong>LC</strong><br /><a href="http://pokemonshowdown.com/users/oaks" class="subtle" target="_blank">Oaks</a> vs. <a href="http://pokemonshowdown.com/users/ndfchesnaught" class="subtle" target="_blank">NDF Chesnaught</a></h1>
<script type="text/plain" class="battle-log-data">|j|Oaks
|j|NDF Chesnaught
|player|p1|Oaks|266
|player|p2|NDF Chesnaught|261
|gametype|singles
|gen|6
|tier|LC
|seed|1224,34715,6021,45134
|clearpoke
|poke|p1|Oshawott, L5, M|item
|poke|p1|Gastly, L5, F|item
|poke|p1|Binacle, L5, M|item
|poke|p1|Sandile, L5, F|item
|poke|p1|Torchic, L5, F|item
|poke|p1|Geodude, L5, F|item
|poke|p2|Trapinch, L5, F|item
|poke|p2|Houndour, L5, F|item
|poke|p2|Honedge, L5, F|item
|poke|p2|Shelmet, L5, M|item
|poke|p2|Cacnea, L5, F|item
|poke|p2|Nosepass, L5, M|item
|rule|Sleep Clause Mod: Limit one foe put to sleep
|rule|Species Clause: Limit one of each Pokémon
|rule|OHKO Clause: OHKO moves are banned
|rule|Moody Clause: Moody is banned
|rule|Evasion Moves Clause: Evasion moves are banned
|rule|Endless Battle Clause: Forcing endless battles is banned
|rule|HP Percentage Mod: HP is shown in percentages
|teampreview
|c|★NDF Chesnaught|Hf
|choice|team 3, team 2, team 1, team 4, team 5, team 6|team 6, team 2, team 3, team 4, team 5, team 1
|
|start
|switch|p1a: Nexus|Binacle, L5, M|21\/21
|switch|p2a: Nosepass|Nosepass, L5, M|19\/19
|turn|1
|c|★Oaks|yt
|choice|move earthquake|move stealthrock
|
|move|p1a: Nexus|Earthquake|p2a: Nosepass
|-supereffective|p2a: Nosepass
|-damage|p2a: Nosepass|5\/19
|-enditem|p2a: Nosepass|Berry Juice
|-heal|p2a: Nosepass|19\/19|[from] item: Berry Juice
|move|p2a: Nosepass|Stealth Rock|p1a: Nexus
|-sidestart|p1: Oaks|move: Stealth Rock
|
|turn|2
|j|Arkaes
|c|★NDF Chesnaught|Damn it i forgot my nicknames
|c| Arkaes|grim
|choice|move earthquake|move voltswitch
|
|move|p1a: Nexus|Earthquake|p2a: Nosepass
|-supereffective|p2a: Nosepass
|-damage|p2a: Nosepass|7\/19
|move|p2a: Nosepass|Volt Switch|p1a: Nexus
|-supereffective|p1a: Nexus
|-damage|p1a: Nexus|7\/21
|choice||switch 5
|
|switch|p2a: Cacnea|Cacnea, L5, F|21\/21
|
|turn|3
|choice|move poisonjab|move energyball
|
|move|p1a: Nexus|Poison Jab|p2a: Cacnea
|-supereffective|p2a: Cacnea
|-damage|p2a: Cacnea|0 fnt
|faint|p2a: Cacnea
|
|j|metalfrider
|c|★Oaks|lol
|c|★NDF Chesnaught|Oh that sucks
|j|The Holiday Spirit
|choice||switch 2
|
|switch|p2a: Houndour|Houndour, L5, F|21\/21
|-ability|p2a: Houndour|Unnerve|p1: Oaks
|turn|4
|c|★NDF Chesnaught|Risk a speed tie if you are max speed
|choice|move earthquake|move darkpulse
|
|move|p2a: Houndour|Dark Pulse|p1a: Nexus
|-damage|p1a: Nexus|0 fnt
|faint|p1a: Nexus
|
|choice|switch 4|
|
|switch|p1a: Little RJ|Sandile, L5, F|21\/21
|-damage|p1a: Little RJ|20\/21|[from] Stealth Rock
|turn|5
|c| Arkaes|imposter rj
|c|★Oaks|lol
|choice|move earthquake|switch 5
|
|switch|p2a: Nosepass|Nosepass, L5, M|7\/19
|move|p1a: Little RJ|Earthquake|p2a: Nosepass
|-supereffective|p2a: Nosepass
|-damage|p2a: Nosepass|0 fnt
|faint|p2a: Nosepass
|-ability|p1a: Little RJ|Moxie|boost
|-boost|p1a: Little RJ|atk|1
|
|c|★Oaks|i just kinda named it that
|c| The Holiday Spirit|We wish you a Merry Christmas
|c|★NDF Chesnaught|Wait oak just wondering did you have speed invest on binacle or does it just naturally outspeed cacnea
|c| Arkaes|jay pls
|choice||switch 6
|
|switch|p2a: Trapinch|Trapinch, L5, F|21\/21
|turn|6
|c|★Oaks|i had max speed lol
|choice|move earthquake|move superpower
|
|move|p1a: Little RJ|Earthquake|p2a: Trapinch
|-damage|p2a: Trapinch|0 fnt
|faint|p2a: Trapinch
|-ability|p1a: Little RJ|Moxie|boost
|-boost|p1a: Little RJ|atk|1
|
|c| Arkaes|binacle also outspeeds
|c| Arkaes|normally
|choice||switch 5
|
|switch|p2a: Houndour|Houndour, L5, F|21\/21
|-ability|p2a: Houndour|Unnerve|p1: Oaks
|turn|7
|c| Arkaes|i think
|c| The Holiday Spirit|Youre a mean on mr grinch
|choice|move earthquake|move destinybond
|
|move|p1a: Little RJ|Earthquake|p2a: Houndour
|-supereffective|p2a: Houndour
|-damage|p2a: Houndour|0 fnt
|faint|p2a: Houndour
|-ability|p1a: Little RJ|Moxie|boost
|-boost|p1a: Little RJ|atk|1
|
|c|★Oaks|so....
|c|★NDF Chesnaught|Where you scarf
|c|★NDF Chesnaught|i was scarf DBond
|c|★Oaks|yeah im scarf
|c|★NDF Chesnaught|Damnit
|choice||switch 4
|
|switch|p2a: Shelmet|Shelmet, L5, M|22\/22
|turn|8
|c| Arkaes|dude you wouldve outsped lol
|c|★NDF Chesnaught|gg
|choice|move earthquake|move finalgambit
|
|move|p1a: Little RJ|Earthquake|p2a: Shelmet
|-resisted|p2a: Shelmet
|-damage|p2a: Shelmet|14\/22
|move|p2a: Shelmet|Final Gambit|p1a: Little RJ
|-damage|p1a: Little RJ|6\/21
|faint|p2a: Shelmet
|
|choice||switch 3
|
|switch|p2a: Honedge|Honedge, L5, F|21\/21
|turn|9
|c|★Oaks|gg
|choice|move earthquake|move autotomize
|
|move|p1a: Little RJ|Earthquake|p2a: Honedge
|-supereffective|p2a: Honedge
|-damage|p2a: Honedge|0 fnt
|faint|p2a: Honedge
|
|win|Oaks
|player|p1
|player|p2
|c|★NDF Chesnaught|gg
|c|★Oaks|lol
|l|metalfrider
|c|★NDF Chesnaught|I love how a croc outsped a dog
|c|★Oaks|well you know
|c| Arkaes|did ur shelmet
|c|★NDF Chesnaught|lol
|c| Arkaes|not have a bug move
|c|★NDF Chesnaught|no</script>
</div>
<div class="battle-log battle-log-inline"><div class="inner"><div class="battle-options"></div><div class="inner"><div class="chat"><small>Oaks joined.</small></div><div class="chat"><small>NDF Chesnaught joined.</small></div><div class=""><small>Format:</small> <br><strong>LC</strong></div><div class=""><small><em>Sleep Clause Mod:</em> Limit one foe put to sleep</small></div><div class=""><small><em>Species Clause:</em> Limit one of each Pokémon</small></div><div class=""><small><em>OHKO Clause:</em> OHKO moves are banned</small></div><div class=""><small><em>Moody Clause:</em> Moody is banned</small></div><div class=""><small><em>Evasion Moves Clause:</em> Evasion moves are banned</small></div><div class=""><small><em>Endless Battle Clause:</em> Forcing endless battles is banned</small></div><div class=""><small><em>HP Percentage Mod:</em> HP is shown in percentages</small></div><div class="chat battle-history"><strong>Oaks's team:</strong> <em style="color:#445566;display:block;">Oshawott / Gastly / Binacle / Sandile / Torchic / Geodude</em></div><div class="chat battle-history"><strong>NDF Chesnaught's team:</strong> <em style="color:#445566;display:block;">Trapinch / Houndour / Honedge / Shelmet / Cacnea / Nosepass</em></div><div class="chat chatmessage-ndfchesnaught"><strong style="color:hsl(56,67%,34%)"><small>★</small><span class="username" data-name="NDF Chesnaught">NDF Chesnaught</span>:</strong> <em>Hf</em></div><div class="spacer battle-history"><br></div><div class="battle-history">Battle started between Oaks and NDF Chesnaught!<br></div><div class="spacer battle-history"><br></div><div class="battle-history">Go! Nexus (<strong>Binacle</strong>)!<br></div><div class="spacer battle-history"><br></div><div class="battle-history">NDF Chesnaught sent out <strong>Nosepass</strong>!<br></div><div class="spacer battle-history"><br></div><h2 class="battle-history">Turn 1</h2><div class="chat chatmessage-oaks"><strong style="color:hsl(356,56%,51.19260510630965%)"><small>★</small><span class="username" data-name="Oaks">Oaks</span>:</strong> <em>yt</em></div><div class="spacer battle-history"><br></div><div class="battle-history">Nexus used <strong>Earthquake</strong>!<br></div><div class="battle-history"><small>It's super effective!</small><br></div><div class="battle-history"><small>(The opposing Nosepass lost <abbr title="−14/19">73.7%</abbr> of its health!)</small><br></div><div class="battle-history"><small>(The opposing Nosepass used its Berry Juice!)</small><br></div><div class="battle-history"><small>The opposing Nosepass restored HP using its Berry Juice!</small><br></div><div class="spacer battle-history"><br></div><div class="battle-history">The opposing Nosepass used <strong>Stealth Rock</strong>!<br></div><div class="battle-history"><small>Pointed stones float in the air around your team!</small><br></div><div class="spacer battle-history"><br></div><h2 class="battle-history">Turn 2</h2><div class="chat"><small>Arkaes joined.</small></div><div class="chat chatmessage-ndfchesnaught"><strong style="color:hsl(56,67%,34%)"><small>★</small><span class="username" data-name="NDF Chesnaught">NDF Chesnaught</span>:</strong> <em>Damn it i forgot my nicknames</em></div><div class="chat chatmessage-arkaes"><strong style="color:hsl(92,62%,40.02750212322353%)"><small> </small><span class="username" data-name="Arkaes">Arkaes</span>:</strong> <em>grim</em></div><div class="spacer battle-history"><br></div><div class="battle-history">Nexus used <strong>Earthquake</strong>!<br></div><div class="battle-history"><small>It's super effective!</small><br></div><div class="battle-history"><small>(The opposing Nosepass lost <abbr title="−12/19">63.2%</abbr> of its health!)</small><br></div><div class="spacer battle-history"><br></div><div class="battle-history">The opposing Nosepass used <strong>Volt Switch</strong>!<br></div><div class="battle-history"><small>It's super effective!</small><br></div><div class="battle-history"><small>(Nexus lost <abbr title="−14/21">66.7%</abbr> of its health!)</small><br></div><div class="spacer battle-history"><br></div><div class="battle-history">The opposing Nosepass went back to NDF Chesnaught!<br></div><div class="battle-history">NDF Chesnaught sent out <strong>Cacnea</strong>!<br></div><div class="spacer battle-history"><br></div><h2 class="battle-history">Turn 3</h2><div class="spacer battle-history"><br></div><div class="battle-history">Nexus used <strong>Poison Jab</strong>!<br></div><div class="battle-history"><small>It's super effective!</small><br></div><div class="battle-history"><small>(The opposing Cacnea lost <abbr title="−21/21">100%</abbr> of its health!)</small><br></div><div class="spacer battle-history"><br></div><div class="battle-history">The opposing Cacnea fainted!<br></div><div class="chat"><small>metalfrider joined.</small></div><div class="chat chatmessage-oaks"><strong style="color:hsl(356,56%,51.19260510630965%)"><small>★</small><span class="username" data-name="Oaks">Oaks</span>:</strong> <em>lol</em></div><div class="chat chatmessage-ndfchesnaught"><strong style="color:hsl(56,67%,34%)"><small>★</small><span class="username" data-name="NDF Chesnaught">NDF Chesnaught</span>:</strong> <em>Oh that sucks</em></div><div class="chat"><small>The Holiday Spirit joined.</small></div><div class="spacer battle-history"><br></div><div class="battle-history">NDF Chesnaught sent out <strong>Houndour</strong>!<br></div><div class="battle-history"><small>[The opposing Houndour's Unnerve]</small><br><small>Your team is too nervous to eat Berries!</small><br></div><div class="spacer battle-history"><br></div><h2 class="battle-history">Turn 4</h2><div class="chat chatmessage-ndfchesnaught"><strong style="color:hsl(56,67%,34%)"><small>★</small><span class="username" data-name="NDF Chesnaught">NDF Chesnaught</span>:</strong> <em>Risk a speed tie if you are max speed</em></div><div class="spacer battle-history"><br></div><div class="battle-history">The opposing Houndour used <strong>Dark Pulse</strong>!<br></div><div class="battle-history"><small>(Nexus lost <abbr title="−7/21">33.3%</abbr> of its health!)</small><br></div><div class="spacer battle-history"><br></div><div class="battle-history">Nexus fainted!<br></div><div class="spacer battle-history"><br></div><div class="battle-history">Go! Little RJ (<strong>Sandile</strong>)!<br></div><div class="battle-history"><small>Pointed stones dug into Little RJ!</small><br></div><div class="spacer battle-history"><br></div><h2 class="battle-history">Turn 5</h2><div class="chat chatmessage-arkaes"><strong style="color:hsl(92,62%,40.02750212322353%)"><small> </small><span class="username" data-name="Arkaes">Arkaes</span>:</strong> <em>imposter rj</em></div><div class="chat chatmessage-oaks"><strong style="color:hsl(356,56%,51.19260510630965%)"><small>★</small><span class="username" data-name="Oaks">Oaks</span>:</strong> <em>lol</em></div><div class="spacer battle-history"><br></div><div class="battle-history">NDF Chesnaught withdrew Houndour!<br></div><div class="battle-history">NDF Chesnaught sent out <strong>Nosepass</strong>!<br></div><div class="spacer battle-history"><br></div><div class="battle-history">Little RJ used <strong>Earthquake</strong>!<br></div><div class="battle-history"><small>It's super effective!</small><br></div><div class="battle-history"><small>(The opposing Nosepass lost <abbr title="−7/19">36.8%</abbr> of its health!)</small><br></div><div class="spacer battle-history"><br></div><div class="battle-history">The opposing Nosepass fainted!<br></div><div class="battle-history"><small>[Little RJ's Moxie]</small><br></div><div class="battle-history"><small>Little RJ's Attack rose!</small><br></div><div class="chat chatmessage-oaks"><strong style="color:hsl(356,56%,51.19260510630965%)"><small>★</small><span class="username" data-name="Oaks">Oaks</span>:</strong> <em>i just kinda named it that</em></div><div class="chat chatmessage-theholidayspirit"><strong style="color:hsl(320,79%,40.94790271305397%)"><small> </small><span class="username" data-name="The Holiday Spirit">The Holiday Spirit</span>:</strong> <em>We wish you a Merry Christmas</em></div><div class="chat chatmessage-ndfchesnaught"><strong style="color:hsl(56,67%,34%)"><small>★</small><span class="username" data-name="NDF Chesnaught">NDF Chesnaught</span>:</strong> <em>Wait oak just wondering did you have speed invest on binacle or does it just naturally outspeed cacnea</em></div><div class="chat chatmessage-arkaes"><strong style="color:hsl(92,62%,40.02750212322353%)"><small> </small><span class="username" data-name="Arkaes">Arkaes</span>:</strong> <em>jay pls</em></div><div class="spacer battle-history"><br></div><div class="battle-history">NDF Chesnaught sent out <strong>Trapinch</strong>!<br></div><div class="spacer battle-history"><br></div><h2 class="battle-history">Turn 6</h2><div class="chat chatmessage-oaks"><strong style="color:hsl(356,56%,51.19260510630965%)"><small>★</small><span class="username" data-name="Oaks">Oaks</span>:</strong> <em>i had max speed lol</em></div><div class="spacer battle-history"><br></div><div class="battle-history">Little RJ used <strong>Earthquake</strong>!<br></div><div class="battle-history"><small>(The opposing Trapinch lost <abbr title="−21/21">100%</abbr> of its health!)</small><br></div><div class="spacer battle-history"><br></div><div class="battle-history">The opposing Trapinch fainted!<br></div><div class="battle-history"><small>[Little RJ's Moxie]</small><br></div><div class="battle-history"><small>Little RJ's Attack rose!</small><br></div><div class="chat chatmessage-arkaes"><strong style="color:hsl(92,62%,40.02750212322353%)"><small> </small><span class="username" data-name="Arkaes">Arkaes</span>:</strong> <em>binacle also outspeeds</em></div><div class="chat chatmessage-arkaes"><strong style="color:hsl(92,62%,40.02750212322353%)"><small> </small><span class="username" data-name="Arkaes">Arkaes</span>:</strong> <em>normally</em></div><div class="spacer battle-history"><br></div><div class="battle-history">NDF Chesnaught sent out <strong>Houndour</strong>!<br></div><div class="battle-history"><small>[The opposing Houndour's Unnerve]</small><br><small>Your team is too nervous to eat Berries!</small><br></div><div class="spacer battle-history"><br></div><h2 class="battle-history">Turn 7</h2><div class="chat chatmessage-arkaes"><strong style="color:hsl(92,62%,40.02750212322353%)"><small> </small><span class="username" data-name="Arkaes">Arkaes</span>:</strong> <em>i think</em></div><div class="chat chatmessage-theholidayspirit"><strong style="color:hsl(320,79%,40.94790271305397%)"><small> </small><span class="username" data-name="The Holiday Spirit">The Holiday Spirit</span>:</strong> <em>Youre a mean on mr grinch</em></div><div class="spacer battle-history"><br></div><div class="battle-history">Little RJ used <strong>Earthquake</strong>!<br></div><div class="battle-history"><small>It's super effective!</small><br></div><div class="battle-history"><small>(The opposing Houndour lost <abbr title="−21/21">100%</abbr> of its health!)</small><br></div><div class="spacer battle-history"><br></div><div class="battle-history">The opposing Houndour fainted!<br></div><div class="battle-history"><small>[Little RJ's Moxie]</small><br></div><div class="battle-history"><small>Little RJ's Attack rose!</small><br></div><div class="chat chatmessage-oaks"><strong style="color:hsl(356,56%,51.19260510630965%)"><small>★</small><span class="username" data-name="Oaks">Oaks</span>:</strong> <em>so....</em></div><div class="chat chatmessage-ndfchesnaught"><strong style="color:hsl(56,67%,34%)"><small>★</small><span class="username" data-name="NDF Chesnaught">NDF Chesnaught</span>:</strong> <em>Where you scarf</em></div><div class="chat chatmessage-ndfchesnaught"><strong style="color:hsl(56,67%,34%)"><small>★</small><span class="username" data-name="NDF Chesnaught">NDF Chesnaught</span>:</strong> <em>i was scarf DBond</em></div><div class="chat chatmessage-oaks"><strong style="color:hsl(356,56%,51.19260510630965%)"><small>★</small><span class="username" data-name="Oaks">Oaks</span>:</strong> <em>yeah im scarf</em></div><div class="chat chatmessage-ndfchesnaught"><strong style="color:hsl(56,67%,34%)"><small>★</small><span class="username" data-name="NDF Chesnaught">NDF Chesnaught</span>:</strong> <em>Damnit</em></div><div class="spacer battle-history"><br></div><div class="battle-history">NDF Chesnaught sent out <strong>Shelmet</strong>!<br></div><div class="spacer battle-history"><br></div><h2 class="battle-history">Turn 8</h2><div class="chat chatmessage-arkaes"><strong style="color:hsl(92,62%,40.02750212322353%)"><small> </small><span class="username" data-name="Arkaes">Arkaes</span>:</strong> <em>dude you wouldve outsped lol</em></div><div class="chat chatmessage-ndfchesnaught"><strong style="color:hsl(56,67%,34%)"><small>★</small><span class="username" data-name="NDF Chesnaught">NDF Chesnaught</span>:</strong> <em>gg</em></div><div class="spacer battle-history"><br></div><div class="battle-history">Little RJ used <strong>Earthquake</strong>!<br></div><div class="battle-history"><small>It's not very effective...</small><br></div><div class="battle-history"><small>(The opposing Shelmet lost <abbr title="−8/22">36.4%</abbr> of its health!)</small><br></div><div class="spacer battle-history"><br></div><div class="battle-history">The opposing Shelmet used <strong>Final Gambit</strong>!<br></div><div class="battle-history"><small>(Little RJ lost <abbr title="−14/21">66.7%</abbr> of its health!)</small><br></div><div class="spacer battle-history"><br></div><div class="battle-history">The opposing Shelmet fainted!<br></div><div class="spacer battle-history"><br></div><div class="battle-history">NDF Chesnaught sent out <strong>Honedge</strong>!<br></div><div class="spacer battle-history"><br></div><h2 class="battle-history">Turn 9</h2><div class="chat chatmessage-oaks"><strong style="color:hsl(356,56%,51.19260510630965%)"><small>★</small><span class="username" data-name="Oaks">Oaks</span>:</strong> <em>gg</em></div><div class="spacer battle-history"><br></div><div class="battle-history">Little RJ used <strong>Earthquake</strong>!<br></div><div class="battle-history"><small>It's super effective!</small><br></div><div class="battle-history"><small>(The opposing Honedge lost <abbr title="−21/21">100%</abbr> of its health!)</small><br></div><div class="spacer battle-history"><br></div><div class="battle-history">The opposing Honedge fainted!<br></div><div class="spacer battle-history"><br></div><div class="battle-history"><strong>Oaks</strong> won the battle!<br></div><div class="chat chatmessage-ndfchesnaught"><strong style="color:hsl(56,67%,34%)"><small>★</small><span class="username" data-name="NDF Chesnaught">NDF Chesnaught</span>:</strong> <em>gg</em></div><div class="chat chatmessage-oaks"><strong style="color:hsl(356,56%,51.19260510630965%)"><small>★</small><span class="username" data-name="Oaks">Oaks</span>:</strong> <em>lol</em></div><div class="chat"><small>metalfrider left.</small></div><div class="chat chatmessage-ndfchesnaught"><strong style="color:hsl(56,67%,34%)"><small>★</small><span class="username" data-name="NDF Chesnaught">NDF Chesnaught</span>:</strong> <em>I love how a croc outsped a dog</em></div><div class="chat chatmessage-oaks"><strong style="color:hsl(356,56%,51.19260510630965%)"><small>★</small><span class="username" data-name="Oaks">Oaks</span>:</strong> <em>well you know</em></div><div class="chat chatmessage-arkaes"><strong style="color:hsl(92,62%,40.02750212322353%)"><small> </small><span class="username" data-name="Arkaes">Arkaes</span>:</strong> <em>did ur shelmet</em></div><div class="chat chatmessage-ndfchesnaught"><strong style="color:hsl(56,67%,34%)"><small>★</small><span class="username" data-name="NDF Chesnaught">NDF Chesnaught</span>:</strong> <em>lol</em></div><div class="chat chatmessage-arkaes"><strong style="color:hsl(92,62%,40.02750212322353%)"><small> </small><span class="username" data-name="Arkaes">Arkaes</span>:</strong> <em>not have a bug move</em></div><div class="chat chatmessage-ndfchesnaught"><strong style="color:hsl(56,67%,34%)"><small>★</small><span class="username" data-name="NDF Chesnaught">NDF Chesnaught</span>:</strong> <em>no</em></div></div><div class="inner-preempt"></div></div></div>
</div>
<script>
let daily = Math.floor(Date.now()/1000/60/60/24);document.write('<script src="https://play.pokemonshowdown.com/js/replay-embed.js?version'+daily+'"></'+'script>');
</script>
