<!DOCTYPE html>
<meta charset="utf-8" />
<!-- version 1 -->
<title>LC replay: BreederGangBoss vs. pikaboy00001</title>
<style>
html,body {font-family:Verdana, sans-serif;font-size:10pt;margin:0;padding:0;}body{padding:12px 0;} .battle-log {font-family:Verdana, sans-serif;font-size:10pt;} .battle-log-inline {border:1px solid #AAAAAA;background:#EEF2F5;color:black;max-width:640px;margin:0 auto 80px;padding-bottom:5px;} .battle-log .inner {padding:4px 8px 0px 8px;} .battle-log .inner-preempt {padding:0 8px 4px 8px;} .battle-log .inner-after {margin-top:0.5em;} .battle-log h2 {margin:0.5em -8px;padding:4px 8px;border:1px solid #AAAAAA;background:#E0E7EA;border-left:0;border-right:0;font-family:Verdana, sans-serif;font-size:13pt;} .battle-log .chat {vertical-align:middle;padding:3px 0 3px 0;font-size:8pt;} .battle-log .chat strong {color:#40576A;} .battle-log .chat em {padding:1px 4px 1px 3px;color:#000000;font-style:normal;} .chat.mine {background:rgba(0,0,0,0.05);margin-left:-8px;margin-right:-8px;padding-left:8px;padding-right:8px;} .spoiler {color:#BBBBBB;background:#BBBBBB;padding:0px 3px;} .spoiler:hover, .spoiler:active, .spoiler-shown {color:#000000;background:#E2E2E2;padding:0px 3px;} .spoiler a {color:#BBBBBB;} .spoiler:hover a, .spoiler:active a, .spoiler-shown a {color:#2288CC;} .chat code, .chat .spoiler:hover code, .chat .spoiler:active code, .chat .spoiler-shown code {border:1px solid #C0C0C0;background:#EEEEEE;color:black;padding:0 2px;} .chat .spoiler code {border:1px solid #CCCCCC;background:#CCCCCC;color:#CCCCCC;} .battle-log .rated {padding:3px 4px;} .battle-log .rated strong {color:white;background:#89A;padding:1px 4px;border-radius:4px;} .spacer {margin-top:0.5em;} .message-announce {background:#6688AA;color:white;padding:1px 4px 2px;} .message-announce a, .broadcast-green a, .broadcast-blue a, .broadcast-red a {color:#DDEEFF;} .broadcast-green {background-color:#559955;color:white;padding:2px 4px;} .broadcast-blue {background-color:#6688AA;color:white;padding:2px 4px;} .infobox {border:1px solid #6688AA;padding:2px 4px;} .infobox-limited {max-height:200px;overflow:auto;overflow-x:hidden;} .broadcast-red {background-color:#AA5544;color:white;padding:2px 4px;} .message-learn-canlearn {font-weight:bold;color:#228822;text-decoration:underline;} .message-learn-cannotlearn {font-weight:bold;color:#CC2222;text-decoration:underline;} .message-effect-weak {font-weight:bold;color:#CC2222;} .message-effect-resist {font-weight:bold;color:#6688AA;} .message-effect-immune {font-weight:bold;color:#666666;} .message-learn-list {margin-top:0;margin-bottom:0;} .message-throttle-notice, .message-error {color:#992222;} .message-overflow, .chat small.message-overflow {font-size:0pt;} .message-overflow::before {font-size:9pt;content:'...';} .subtle {color:#3A4A66;}
</style>
<div class="wrapper replay-wrapper" style="max-width:1180px;margin:0 auto">
<input type="hidden" name="replayid" value="lc-479762719" />
<div class="battle"></div><div class="battle-log"></div><div class="replay-controls"></div><div class="replay-controls-2"></div>
<h1 style="font-weight:normal;text-align:center"><strong>LC</strong><br /><a href="http://pokemonshowdown.com/users/breedergangboss" class="subtle" target="_blank">BreederGangBoss</a> vs. <a href="http://pokemonshowdown.com/users/pikaboy00001" class="subtle" target="_blank">pikaboy00001</a></h1>
<script type="text/plain" class="battle-log-data">|j|BreederGangBoss
|j|pikaboy00001
|player|p1|BreederGangBoss|186
|player|p2|pikaboy00001|17
|gametype|singles
|gen|6
|tier|LC
|seed|31853,6406,31799,12134
|clearpoke
|poke|p1|Dwebble, L5, F, shiny|item
|poke|p1|Stunky, L5, F, shiny|item
|poke|p1|Cottonee, L5, F, shiny|item
|poke|p1|Timburr, L5, F, shiny|item
|poke|p1|Gothita, L5, F, shiny|item
|poke|p1|Zigzagoon, L5, F, shiny|item
|poke|p2|Cranidos, L5, M|item
|poke|p2|Elgyem, L5, M|item
|poke|p2|Pichu, L5, M, shiny|item
|poke|p2|Bagon, L5, M|item
|poke|p2|Chinchou, L5, M|item
|poke|p2|Riolu, L5, M|item
|rule|Sleep Clause Mod: Limit one foe put to sleep
|rule|Species Clause: Limit one of each Pokémon
|rule|OHKO Clause: OHKO moves are banned
|rule|Moody Clause: Moody is banned
|rule|Evasion Moves Clause: Evasion moves are banned
|rule|Endless Battle Clause: Forcing endless battles is banned
|rule|HP Percentage Mod: HP is shown in percentages
|teampreview
|choice|team 1, team 2, team 3, team 4, team 5, team 6|team 1, team 2, team 3, team 4, team 5, team 6
|
|start
|switch|p1a: Hermit Jr.|Dwebble, L5, F, shiny|21\/21
|switch|p2a: Cranidos|Cranidos, L5, M|24\/24
|-ability|p2a: Cranidos|Mold Breaker
|turn|1
|c|★pikaboy00001|lets go
|choice|switch 4|move ironhead
|
|switch|p1a: Rachet Jr.|Timburr, L5, F, shiny|24\/24
|move|p2a: Cranidos|Iron Head|p1a: Rachet Jr.
|-damage|p1a: Rachet Jr.|17\/24
|
|turn|2
|choice|move drainpunch|move zenheadbutt
|
|move|p2a: Cranidos|Zen Headbutt|p1a: Rachet Jr.
|-supereffective|p1a: Rachet Jr.
|-damage|p1a: Rachet Jr.|3\/24
|move|p1a: Rachet Jr.|Drain Punch|p2a: Cranidos
|-supereffective|p2a: Cranidos
|-damage|p2a: Cranidos|4\/24
|-heal|p1a: Rachet Jr.|13\/24|[from] drain|[of] p2a: Cranidos
|
|turn|3
|choice|move machpunch|move zenheadbutt
|
|move|p1a: Rachet Jr.|Mach Punch|p2a: Cranidos
|-supereffective|p2a: Cranidos
|-damage|p2a: Cranidos|0 fnt
|faint|p2a: Cranidos
|
|choice||switch 2
|
|switch|p2a: Elgyem|Elgyem, L5, M|22\/22
|turn|4
|choice|switch 2|move psychic
|
|switch|p1a: Skunkington Jr.|Stunky, L5, F, shiny|25\/25
|move|p2a: Elgyem|Psychic|p1a: Skunkington Jr.
|-immune|p1a: Skunkington Jr.|[msg]
|
|turn|5
|choice|move pursuit|switch 6
|
|-activate|p2a: Elgyem|move: Pursuit
|move|p1a: Skunkington Jr.|Pursuit|p2a: Elgyem|[from]Pursuit
|-supereffective|p2a: Elgyem
|-damage|p2a: Elgyem|10\/22
|switch|p2a: Riolu|Riolu, L5, M|22\/22
|
|turn|6
|choice|switch 3|move drainpunch
|
|switch|p1a: Mangopuff Jr.|Cottonee, L5, F, shiny|21\/21
|move|p2a: Riolu|Drain Punch|p1a: Mangopuff Jr.
|-resisted|p1a: Mangopuff Jr.
|-damage|p1a: Mangopuff Jr.|18\/21
|
|turn|7
|choice|move dazzlinggleam|move blazekick
|
|move|p1a: Mangopuff Jr.|Dazzling Gleam|p2a: Riolu
|-supereffective|p2a: Riolu
|-damage|p2a: Riolu|8\/22
|move|p2a: Riolu|Blaze Kick|p1a: Mangopuff Jr.
|-supereffective|p1a: Mangopuff Jr.
|-crit|p1a: Mangopuff Jr.
|-damage|p1a: Mangopuff Jr.|2\/21
|
|turn|8
|c|★pikaboy00001|heh
|choice|move encore|move drainpunch
|
|move|p1a: Mangopuff Jr.|Encore|p2a: Riolu
|-start|p2a: Riolu|Encore
|move|p2a: Riolu|Blaze Kick|p1a: Mangopuff Jr.|[miss]
|-miss|p2a: Riolu|p1a: Mangopuff Jr.
|
|turn|9
|choice|move memento|move blazekick
|
|move|p1a: Mangopuff Jr.|Memento|p2a: Riolu
|-unboost|p2a: Riolu|atk|2
|-unboost|p2a: Riolu|spa|2
|faint|p1a: Mangopuff Jr.
|move|p2a: Riolu|Blaze Kick|p1: Mangopuff Jr.|[notarget]
|-notarget
|
|c|★BreederGangBoss|wait
|c|★BreederGangBoss|why didnt you cppoy cat
|c|★BreederGangBoss|lolz
|c|★pikaboy00001|?
|c|★BreederGangBoss|cotonee still outspeeds and just kills you lolz
|c|★BreederGangBoss|copy cat prevents that
|choice|switch 6|
|
|switch|p1a: Winsauce Jr.|Zigzagoon, L5, F, shiny|22\/22
|turn|10
|c|★pikaboy00001|idk
|choice|move bellydrum|move blazekick
|
|move|p1a: Winsauce Jr.|Belly Drum|p1a: Winsauce Jr.
|-damage|p1a: Winsauce Jr.|11\/22
|-setboost|p1a: Winsauce Jr.|atk|6|[from] move: Belly Drum
|-enditem|p1a: Winsauce Jr.|Berry Juice
|-heal|p1a: Winsauce Jr.|22\/22|[from] item: Berry Juice
|move|p2a: Riolu|Blaze Kick|p1a: Winsauce Jr.
|-damage|p1a: Winsauce Jr.|18\/22
|
|-end|p2a: Riolu|Encore
|turn|11
|c|★BreederGangBoss|why are you slower
|c|★BreederGangBoss|lmao
|c|★BreederGangBoss|who are you?
|choice|move extremespeed|move circlethrow
|
|move|p1a: Winsauce Jr.|Extreme Speed|p2a: Riolu
|-damage|p2a: Riolu|0 fnt
|faint|p2a: Riolu
|
|c|★pikaboy00001|heh
|choice||switch 4
|
|switch|p2a: Bagon|Bagon, L5, M|21\/21
|turn|12
|c|★BreederGangBoss|and why did u challenge me
|c|★pikaboy00001|i was bored
|choice|move extremespeed|move roar
|
|move|p1a: Winsauce Jr.|Extreme Speed|p2a: Bagon
|-damage|p2a: Bagon|0 fnt
|faint|p2a: Bagon
|
|choice||switch 5
|
|switch|p2a: Chinchou|Chinchou, L5, M|26\/26
|turn|13
|c|★BreederGangBoss|but this is a waste of time
|c|★pikaboy00001|plus u seemed like a challeng
|c|★BreederGangBoss|your not even trying to win
|c|★BreederGangBoss|>.>
|choice|move extremespeed|move dive
|
|move|p1a: Winsauce Jr.|Extreme Speed|p2a: Chinchou
|-damage|p2a: Chinchou|0 fnt
|faint|p2a: Chinchou
|
|choice||switch 3
|
|switch|p2a: Pichu|Pichu, L5, M, shiny|21\/21
|turn|14
|choice|move extremespeed|move fakeout
|
|move|p2a: Pichu|Fake Out|p1a: Winsauce Jr.
|-damage|p1a: Winsauce Jr.|15\/22
|cant|p1a: Winsauce Jr.|flinch
|
|turn|15
|choice|move extremespeed|move irontail
|
|move|p1a: Winsauce Jr.|Extreme Speed|p2a: Pichu
|-damage|p2a: Pichu|0 fnt
|faint|p2a: Pichu
|
|choice||switch 6
|
|switch|p2a: Elgyem|Elgyem, L5, M|10\/22
|turn|16
|c|★BreederGangBoss|no challenge i perfected you lolz
|choice|move thief|move recover
|
|move|p1a: Winsauce Jr.|Thief|p2a: Elgyem
|-supereffective|p2a: Elgyem
|-damage|p2a: Elgyem|0 fnt
|-item|p1a: Winsauce Jr.|Eviolite|[from] move: Thief|[of] p2a: Elgyem
|faint|p2a: Elgyem
|
|win|BreederGangBoss
|player|p1
|player|p2
|c|★pikaboy00001|gg
|c|★BreederGangBoss|gg
|l|pikaboy00001</script>
</div>
<div class="battle-log battle-log-inline"><div class="inner"><div class="battle-options"></div><div class="inner"><div class="chat"><small>BreederGangBoss joined.</small></div><div class="chat"><small>pikaboy00001 joined.</small></div><div class=""><small>Format:</small> <br><strong>LC</strong></div><div class=""><small><em>Sleep Clause Mod:</em> Limit one foe put to sleep</small></div><div class=""><small><em>Species Clause:</em> Limit one of each Pokémon</small></div><div class=""><small><em>OHKO Clause:</em> OHKO moves are banned</small></div><div class=""><small><em>Moody Clause:</em> Moody is banned</small></div><div class=""><small><em>Evasion Moves Clause:</em> Evasion moves are banned</small></div><div class=""><small><em>Endless Battle Clause:</em> Forcing endless battles is banned</small></div><div class=""><small><em>HP Percentage Mod:</em> HP is shown in percentages</small></div><div class="chat battle-history"><strong>BreederGangBoss's team:</strong> <em style="color:#445566;display:block;">Dwebble / Stunky / Cottonee / Timburr / Gothita / Zigzagoon</em></div><div class="chat battle-history"><strong>pikaboy00001's team:</strong> <em style="color:#445566;display:block;">Cranidos / Elgyem / Pichu / Bagon / Chinchou / Riolu</em></div><div class="spacer battle-history"><br></div><div class="battle-history">Battle started between BreederGangBoss and pikaboy00001!<br></div><div class="spacer battle-history"><br></div><div class="battle-history">Go! Hermit Jr. (<strong>Dwebble</strong>)!<br></div><div class="spacer battle-history"><br></div><div class="battle-history">pikaboy00001 sent out <strong>Cranidos</strong>!<br></div><div class="battle-history"><small>[The opposing Cranidos's Mold Breaker]</small><br><small>The opposing Cranidos breaks the mold!</small><br></div><div class="spacer battle-history"><br></div><h2 class="battle-history">Turn 1</h2><div class="chat chatmessage-pikaboy00001"><strong style="color:hsl(295,88%,38%)"><small>★</small><span class="username" data-name="pikaboy00001">pikaboy00001</span>:</strong> <em>lets go</em></div><div class="spacer battle-history"><br></div><div class="battle-history">Hermit Jr., come back!<br></div><div class="battle-history">Go! Rachet Jr. (<strong>Timburr</strong>)!<br></div><div class="spacer battle-history"><br></div><div class="battle-history">The opposing Cranidos used <strong>Iron Head</strong>!<br></div><div class="battle-history"><small>(Rachet Jr. lost <abbr title="−7/24">29.2%</abbr> of its health!)</small><br></div><div class="spacer battle-history"><br></div><h2 class="battle-history">Turn 2</h2><div class="spacer battle-history"><br></div><div class="battle-history">The opposing Cranidos used <strong>Zen Headbutt</strong>!<br></div><div class="battle-history"><small>It's super effective!</small><br></div><div class="battle-history"><small>(Rachet Jr. lost <abbr title="−14/24">58.3%</abbr> of its health!)</small><br></div><div class="spacer battle-history"><br></div><div class="battle-history">Rachet Jr. used <strong>Drain Punch</strong>!<br></div><div class="battle-history"><small>It's super effective!</small><br></div><div class="battle-history"><small>(The opposing Cranidos lost <abbr title="−20/24">83.3%</abbr> of its health!)</small><br></div><div class="battle-history"><small>The opposing Cranidos had its energy drained!</small><br></div><div class="spacer battle-history"><br></div><h2 class="battle-history">Turn 3</h2><div class="spacer battle-history"><br></div><div class="battle-history">Rachet Jr. used <strong>Mach Punch</strong>!<br></div><div class="battle-history"><small>It's super effective!</small><br></div><div class="battle-history"><small>(The opposing Cranidos lost <abbr title="−4/24">16.7%</abbr> of its health!)</small><br></div><div class="spacer battle-history"><br></div><div class="battle-history">The opposing Cranidos fainted!<br></div><div class="spacer battle-history"><br></div><div class="battle-history">pikaboy00001 sent out <strong>Elgyem</strong>!<br></div><div class="spacer battle-history"><br></div><h2 class="battle-history">Turn 4</h2><div class="spacer battle-history"><br></div><div class="battle-history">Rachet Jr., come back!<br></div><div class="battle-history">Go! Skunkington Jr. (<strong>Stunky</strong>)!<br></div><div class="spacer battle-history"><br></div><div class="battle-history">The opposing Elgyem used <strong>Psychic</strong>!<br></div><div class="battle-history"><small>It doesn't affect Skunkington Jr....</small><br></div><div class="spacer battle-history"><br></div><h2 class="battle-history">Turn 5</h2><div class="spacer battle-history"><br></div><div class="battle-history"><small>(The opposing Elgyem is being withdrawn...)</small><br></div><div class="spacer battle-history"><br></div><div class="battle-history">Skunkington Jr. used <strong>Pursuit</strong>!<br></div><div class="battle-history"><small>It's super effective!</small><br></div><div class="battle-history"><small>(The opposing Elgyem lost <abbr title="−12/22">54.5%</abbr> of its health!)</small><br></div><div class="spacer battle-history"><br></div><div class="battle-history">pikaboy00001 withdrew Elgyem!<br></div><div class="battle-history">pikaboy00001 sent out <strong>Riolu</strong>!<br></div><div class="spacer battle-history"><br></div><h2 class="battle-history">Turn 6</h2><div class="spacer battle-history"><br></div><div class="battle-history">Skunkington Jr., come back!<br></div><div class="battle-history">Go! Mangopuff Jr. (<strong>Cottonee</strong>)!<br></div><div class="spacer battle-history"><br></div><div class="battle-history">The opposing Riolu used <strong>Drain Punch</strong>!<br></div><div class="battle-history"><small>It's not very effective...</small><br></div><div class="battle-history"><small>(Mangopuff Jr. lost <abbr title="−3/21">14.3%</abbr> of its health!)</small><br></div><div class="spacer battle-history"><br></div><h2 class="battle-history">Turn 7</h2><div class="spacer battle-history"><br></div><div class="battle-history">Mangopuff Jr. used <strong>Dazzling Gleam</strong>!<br></div><div class="battle-history"><small>It's super effective!</small><br></div><div class="battle-history"><small>(The opposing Riolu lost <abbr title="−14/22">63.6%</abbr> of its health!)</small><br></div><div class="spacer battle-history"><br></div><div class="battle-history">The opposing Riolu used <strong>Blaze Kick</strong>!<br></div><div class="battle-history"><small>It's super effective!</small><br></div><div class="battle-history"><small>A critical hit!</small><br></div><div class="battle-history"><small>(Mangopuff Jr. lost <abbr title="−16/21">76.2%</abbr> of its health!)</small><br></div><div class="spacer battle-history"><br></div><h2 class="battle-history">Turn 8</h2><div class="chat chatmessage-pikaboy00001"><strong style="color:hsl(295,88%,38%)"><small>★</small><span class="username" data-name="pikaboy00001">pikaboy00001</span>:</strong> <em>heh</em></div><div class="spacer battle-history"><br></div><div class="battle-history">Mangopuff Jr. used <strong>Encore</strong>!<br></div><div class="battle-history"><small>The opposing Riolu received an encore!</small><br></div><div class="spacer battle-history"><br></div><div class="battle-history">The opposing Riolu used <strong>Blaze Kick</strong>!<br></div><div class="battle-history"><small>Mangopuff Jr. avoided the attack!</small><br></div><div class="spacer battle-history"><br></div><h2 class="battle-history">Turn 9</h2><div class="spacer battle-history"><br></div><div class="battle-history">Mangopuff Jr. used <strong>Memento</strong>!<br></div><div class="battle-history"><small>The opposing Riolu's Attack fell harshly!</small><br></div><div class="battle-history"><small>The opposing Riolu's Special Attack fell harshly!</small><br></div><div class="spacer battle-history"><br></div><div class="battle-history">Mangopuff Jr. fainted!<br></div><div class="battle-history">The opposing Riolu used <strong>Blaze Kick</strong>!<br></div><div class="battle-history"><small>But there was no target...</small><br></div><div class="chat chatmessage-breedergangboss"><strong style="color:hsl(9,76%,41%)"><small>★</small><span class="username" data-name="BreederGangBoss">BreederGangBoss</span>:</strong> <em>wait</em></div><div class="chat chatmessage-breedergangboss"><strong style="color:hsl(9,76%,41%)"><small>★</small><span class="username" data-name="BreederGangBoss">BreederGangBoss</span>:</strong> <em>why didnt you cppoy cat</em></div><div class="chat chatmessage-breedergangboss"><strong style="color:hsl(9,76%,41%)"><small>★</small><span class="username" data-name="BreederGangBoss">BreederGangBoss</span>:</strong> <em>lolz</em></div><div class="chat chatmessage-pikaboy00001"><strong style="color:hsl(295,88%,38%)"><small>★</small><span class="username" data-name="pikaboy00001">pikaboy00001</span>:</strong> <em>?</em></div><div class="chat chatmessage-breedergangboss"><strong style="color:hsl(9,76%,41%)"><small>★</small><span class="username" data-name="BreederGangBoss">BreederGangBoss</span>:</strong> <em>cotonee still outspeeds and just kills you lolz</em></div><div class="chat chatmessage-breedergangboss"><strong style="color:hsl(9,76%,41%)"><small>★</small><span class="username" data-name="BreederGangBoss">BreederGangBoss</span>:</strong> <em>copy cat prevents that</em></div><div class="spacer battle-history"><br></div><div class="battle-history">Go! Winsauce Jr. (<strong>Zigzagoon</strong>)!<br></div><div class="spacer battle-history"><br></div><h2 class="battle-history">Turn 10</h2><div class="chat chatmessage-pikaboy00001"><strong style="color:hsl(295,88%,38%)"><small>★</small><span class="username" data-name="pikaboy00001">pikaboy00001</span>:</strong> <em>idk</em></div><div class="spacer battle-history"><br></div><div class="battle-history">Winsauce Jr. used <strong>Belly Drum</strong>!<br></div><div class="battle-history"><small>(Winsauce Jr. lost <abbr title="−11/22">50%</abbr> of its health!)</small><br></div><div class="battle-history"><small>Winsauce Jr. cut its own HP and maximized its Attack!</small><br></div><div class="battle-history"><small>(Winsauce Jr. used its Berry Juice!)</small><br></div><div class="battle-history"><small>Winsauce Jr. restored HP using its Berry Juice!</small><br></div><div class="spacer battle-history"><br></div><div class="battle-history">The opposing Riolu used <strong>Blaze Kick</strong>!<br></div><div class="battle-history"><small>(Winsauce Jr. lost <abbr title="−4/22">18.2%</abbr> of its health!)</small><br></div><div class="spacer battle-history"><br></div><div class="battle-history"><small>The opposing Riolu's encore ended!</small><br></div><div class="spacer battle-history"><br></div><h2 class="battle-history">Turn 11</h2><div class="chat chatmessage-breedergangboss"><strong style="color:hsl(9,76%,41%)"><small>★</small><span class="username" data-name="BreederGangBoss">BreederGangBoss</span>:</strong> <em>why are you slower</em></div><div class="chat chatmessage-breedergangboss"><strong style="color:hsl(9,76%,41%)"><small>★</small><span class="username" data-name="BreederGangBoss">BreederGangBoss</span>:</strong> <em>lmao</em></div><div class="chat chatmessage-breedergangboss"><strong style="color:hsl(9,76%,41%)"><small>★</small><span class="username" data-name="BreederGangBoss">BreederGangBoss</span>:</strong> <em>who are you?</em></div><div class="spacer battle-history"><br></div><div class="battle-history">Winsauce Jr. used <strong>Extreme Speed</strong>!<br></div><div class="battle-history"><small>(The opposing Riolu lost <abbr title="−8/22">36.4%</abbr> of its health!)</small><br></div><div class="spacer battle-history"><br></div><div class="battle-history">The opposing Riolu fainted!<br></div><div class="chat chatmessage-pikaboy00001"><strong style="color:hsl(295,88%,38%)"><small>★</small><span class="username" data-name="pikaboy00001">pikaboy00001</span>:</strong> <em>heh</em></div><div class="spacer battle-history"><br></div><div class="battle-history">pikaboy00001 sent out <strong>Bagon</strong>!<br></div><div class="spacer battle-history"><br></div><h2 class="battle-history">Turn 12</h2><div class="chat chatmessage-breedergangboss"><strong style="color:hsl(9,76%,41%)"><small>★</small><span class="username" data-name="BreederGangBoss">BreederGangBoss</span>:</strong> <em>and why did u challenge me</em></div><div class="chat chatmessage-pikaboy00001"><strong style="color:hsl(295,88%,38%)"><small>★</small><span class="username" data-name="pikaboy00001">pikaboy00001</span>:</strong> <em>i was bored</em></div><div class="spacer battle-history"><br></div><div class="battle-history">Winsauce Jr. used <strong>Extreme Speed</strong>!<br></div><div class="battle-history"><small>(The opposing Bagon lost <abbr title="−21/21">100%</abbr> of its health!)</small><br></div><div class="spacer battle-history"><br></div><div class="battle-history">The opposing Bagon fainted!<br></div><div class="spacer battle-history"><br></div><div class="battle-history">pikaboy00001 sent out <strong>Chinchou</strong>!<br></div><div class="spacer battle-history"><br></div><h2 class="battle-history">Turn 13</h2><div class="chat chatmessage-breedergangboss"><strong style="color:hsl(9,76%,41%)"><small>★</small><span class="username" data-name="BreederGangBoss">BreederGangBoss</span>:</strong> <em>but this is a waste of time</em></div><div class="chat chatmessage-pikaboy00001"><strong style="color:hsl(295,88%,38%)"><small>★</small><span class="username" data-name="pikaboy00001">pikaboy00001</span>:</strong> <em>plus u seemed like a challeng</em></div><div class="chat chatmessage-breedergangboss"><strong style="color:hsl(9,76%,41%)"><small>★</small><span class="username" data-name="BreederGangBoss">BreederGangBoss</span>:</strong> <em>your not even trying to win</em></div><div class="chat chatmessage-breedergangboss"><strong style="color:hsl(9,76%,41%)"><small>★</small><span class="username" data-name="BreederGangBoss">BreederGangBoss</span>:</strong> <em>&gt;.&gt;</em></div><div class="spacer battle-history"><br></div><div class="battle-history">Winsauce Jr. used <strong>Extreme Speed</strong>!<br></div><div class="battle-history"><small>(The opposing Chinchou lost <abbr title="−26/26">100%</abbr> of its health!)</small><br></div><div class="spacer battle-history"><br></div><div class="battle-history">The opposing Chinchou fainted!<br></div><div class="spacer battle-history"><br></div><div class="battle-history">pikaboy00001 sent out <strong>Pichu</strong>!<br></div><div class="spacer battle-history"><br></div><h2 class="battle-history">Turn 14</h2><div class="spacer battle-history"><br></div><div class="battle-history">The opposing Pichu used <strong>Fake Out</strong>!<br></div><div class="battle-history"><small>(Winsauce Jr. lost <abbr title="−3/22">13.6%</abbr> of its health!)</small><br></div><div class="spacer battle-history"><br></div><div class="battle-history">Winsauce Jr. flinched and couldn't move!<br></div><div class="spacer battle-history"><br></div><h2 class="battle-history">Turn 15</h2><div class="spacer battle-history"><br></div><div class="battle-history">Winsauce Jr. used <strong>Extreme Speed</strong>!<br></div><div class="battle-history"><small>(The opposing Pichu lost <abbr title="−21/21">100%</abbr> of its health!)</small><br></div><div class="spacer battle-history"><br></div><div class="battle-history">The opposing Pichu fainted!<br></div><div class="spacer battle-history"><br></div><div class="battle-history">pikaboy00001 sent out <strong>Elgyem</strong>!<br></div><div class="spacer battle-history"><br></div><h2 class="battle-history">Turn 16</h2><div class="chat chatmessage-breedergangboss"><strong style="color:hsl(9,76%,41%)"><small>★</small><span class="username" data-name="BreederGangBoss">BreederGangBoss</span>:</strong> <em>no challenge i perfected you lolz</em></div><div class="spacer battle-history"><br></div><div class="battle-history">Winsauce Jr. used <strong>Thief</strong>!<br></div><div class="battle-history"><small>It's super effective!</small><br></div><div class="battle-history"><small>(The opposing Elgyem lost <abbr title="−10/22">45.5%</abbr> of its health!)</small><br></div><div class="battle-history"><small>Winsauce Jr. stole the opposing Elgyem's Eviolite!</small><br></div><div class="spacer battle-history"><br></div><div class="battle-history">The opposing Elgyem fainted!<br></div><div class="spacer battle-history"><br></div><div class="battle-history"><strong>BreederGangBoss</strong> won the battle!<br></div><div class="chat chatmessage-pikaboy00001"><strong style="color:hsl(295,88%,38%)"><small>★</small><span class="username" data-name="pikaboy00001">pikaboy00001</span>:</strong> <em>gg</em></div><div class="chat chatmessage-breedergangboss"><strong style="color:hsl(9,76%,41%)"><small>★</small><span class="username" data-name="BreederGangBoss">BreederGangBoss</span>:</strong> <em>gg</em></div><div class="chat"><small>pikaboy00001 left.</small></div></div><div class="inner-preempt"></div></div></div>
</div>
<script>
let daily = Math.floor(Date.now()/1000/60/60/24);document.write('<script src="https://play.pokemonshowdown.com/js/replay-embed.js?version'+daily+'"></'+'script>');
</script>
