<!DOCTYPE html>
<meta charset="utf-8" />
<!-- version 1 -->
<title>LC replay: PokeKetchem vs. gungywamp</title>
<style>
html,body {font-family:Verdana, sans-serif;font-size:10pt;margin:0;padding:0;}body{padding:12px 0;} .battle-log {font-family:Verdana, sans-serif;font-size:10pt;} .battle-log-inline {border:1px solid #AAAAAA;background:#EEF2F5;color:black;max-width:640px;margin:0 auto 80px;padding-bottom:5px;} .battle-log .inner {padding:4px 8px 0px 8px;} .battle-log .inner-preempt {padding:0 8px 4px 8px;} .battle-log .inner-after {margin-top:0.5em;} .battle-log h2 {margin:0.5em -8px;padding:4px 8px;border:1px solid #AAAAAA;background:#E0E7EA;border-left:0;border-right:0;font-family:Verdana, sans-serif;font-size:13pt;} .battle-log .chat {vertical-align:middle;padding:3px 0 3px 0;font-size:8pt;} .battle-log .chat strong {color:#40576A;} .battle-log .chat em {padding:1px 4px 1px 3px;color:#000000;font-style:normal;} .chat.mine {background:rgba(0,0,0,0.05);margin-left:-8px;margin-right:-8px;padding-left:8px;padding-right:8px;} .spoiler {color:#BBBBBB;background:#BBBBBB;padding:0px 3px;} .spoiler:hover, .spoiler:active, .spoiler-shown {color:#000000;background:#E2E2E2;padding:0px 3px;} .spoiler a {color:#BBBBBB;} .spoiler:hover a, .spoiler:active a, .spoiler-shown a {color:#2288CC;} .chat code, .chat .spoiler:hover code, .chat .spoiler:active code, .chat .spoiler-shown code {border:1px solid #C0C0C0;background:#EEEEEE;color:black;padding:0 2px;} .chat .spoiler code {border:1px solid #CCCCCC;background:#CCCCCC;color:#CCCCCC;} .battle-log .rated {padding:3px 4px;} .battle-log .rated strong {color:white;background:#89A;padding:1px 4px;border-radius:4px;} .spacer {margin-top:0.5em;} .message-announce {background:#6688AA;color:white;padding:1px 4px 2px;} .message-announce a, .broadcast-green a, .broadcast-blue a, .broadcast-red a {color:#DDEEFF;} .broadcast-green {background-color:#559955;color:white;padding:2px 4px;} .broadcast-blue {background-color:#6688AA;color:white;padding:2px 4px;} .infobox {border:1px solid #6688AA;padding:2px 4px;} .infobox-limited {max-height:200px;overflow:auto;overflow-x:hidden;} .broadcast-red {background-color:#AA5544;color:white;padding:2px 4px;} .message-learn-canlearn {font-weight:bold;color:#228822;text-decoration:underline;} .message-learn-cannotlearn {font-weight:bold;color:#CC2222;text-decoration:underline;} .message-effect-weak {font-weight:bold;color:#CC2222;} .message-effect-resist {font-weight:bold;color:#6688AA;} .message-effect-immune {font-weight:bold;color:#666666;} .message-learn-list {margin-top:0;margin-bottom:0;} .message-throttle-notice, .message-error {color:#992222;} .message-overflow, .chat small.message-overflow {font-size:0pt;} .message-overflow::before {font-size:9pt;content:'...';} .subtle {color:#3A4A66;}
</style>
<div class="wrapper replay-wrapper" style="max-width:1180px;margin:0 auto">
<input type="hidden" name="replayid" value="lc-483790610" />
<div class="battle"></div><div class="battle-log"></div><div class="replay-controls"></div><div class="replay-controls-2"></div>
<h1 style="font-weight:normal;text-align:center"><strong>LC</strong><br /><a href="http://pokemonshowdown.com/users/pokeketchem" class="subtle" target="_blank">PokeKetchem</a> vs. <a href="http://pokemonshowdown.com/users/gungywamp" class="subtle" target="_blank">gungywamp</a></h1>
<script type="text/plain" class="battle-log-data">|j|PokeKetchem
|j|gungywamp
|player|p1|PokeKetchem|102
|player|p2|gungywamp|114
|gametype|singles
|gen|6
|tier|LC
|rated
|seed|6274,10678,44648,60578
|clearpoke
|poke|p1|Abra, L5, F|item
|poke|p1|Snivy, L5, M|item
|poke|p1|Onix, L5, M|item
|poke|p1|Bronzor, L5|item
|poke|p1|Elekid, L5, M|item
|poke|p1|Pawniard, L5, F|item
|poke|p2|Cottonee, L5, F|item
|poke|p2|Magnemite, L5, shiny|item
|poke|p2|Inkay, L5, M|item
|poke|p2|Shellder, L5, F|item
|poke|p2|Dwebble, L5, F|item
|poke|p2|Growlithe, L5, M|item
|rule|Sleep Clause Mod: Limit one foe put to sleep
|rule|Species Clause: Limit one of each Pokémon
|rule|OHKO Clause: OHKO moves are banned
|rule|Moody Clause: Moody is banned
|rule|Evasion Moves Clause: Evasion moves are banned
|rule|Endless Battle Clause: Forcing endless battles is banned
|rule|HP Percentage Mod: HP is shown in percentages
|teampreview
|choice|team 5, team 2, team 3, team 4, team 1, team 6|team 5, team 2, team 3, team 4, team 1, team 6
|
|start
|switch|p1a: Elekid|Elekid, L5, M|21\/21
|switch|p2a: Dwebble|Dwebble, L5, F|22\/22
|turn|1
|choice|move voltswitch|move shellsmash
|
|move|p1a: Elekid|Volt Switch|p2a: Dwebble
|-damage|p2a: Dwebble|3\/22
|choice|switch 4|
|
|switch|p1a: Bronzor|Bronzor, L5|25\/25
|move|p2a: Dwebble|Shell Smash|p2a: Dwebble
|-unboost|p2a: Dwebble|def|1
|-unboost|p2a: Dwebble|spd|1
|-boost|p2a: Dwebble|atk|2
|-boost|p2a: Dwebble|spa|2
|-boost|p2a: Dwebble|spe|2
|-enditem|p2a: Dwebble|White Herb
|-clearnegativeboost|p2a: Dwebble|[silent]
|
|turn|2
|choice|move flashcannon|move xscissor
|
|move|p2a: Dwebble|X-Scissor|p1a: Bronzor
|-damage|p1a: Bronzor|10\/25
|move|p1a: Bronzor|Flash Cannon|p2a: Dwebble
|-supereffective|p2a: Dwebble
|-damage|p2a: Dwebble|0 fnt
|faint|p2a: Dwebble
|
|choice||switch 3
|
|switch|p2a: Inkay|Inkay, L5, M|22\/22
|turn|3
|choice|switch 6|move superpower
|
|switch|p1a: Pawniard|Pawniard, L5, F|23\/23
|move|p2a: Inkay|Superpower|p1a: Pawniard
|-supereffective|p1a: Pawniard
|-damage|p1a: Pawniard|0 fnt
|-boost|p2a: Inkay|atk|1
|-boost|p2a: Inkay|def|1
|faint|p1a: Pawniard
|
|choice|switch 5|
|
|switch|p1a: Abra|Abra, L5, F|19\/19
|turn|4
|choice|move dazzlinggleam|switch 2
|
|switch|p2a: Magnemite|Magnemite, L5, shiny|19\/19
|move|p1a: Abra|Dazzling Gleam|p2a: Magnemite
|-resisted|p2a: Magnemite
|-damage|p2a: Magnemite|15\/19
|
|turn|5
|choice|switch 3|move flashcannon
|
|switch|p1a: Onix|Onix, L5, M|20\/20
|move|p2a: Magnemite|Flash Cannon|p1a: Onix
|-supereffective|p1a: Onix
|-damage|p1a: Onix|2\/20
|-unboost|p1a: Onix|spd|1
|
|turn|6
|choice|move stealthrock|move flashcannon
|
|move|p1a: Onix|Stealth Rock|p2a: Magnemite
|-sidestart|p2: gungywamp|move: Stealth Rock
|move|p2a: Magnemite|Flash Cannon|p1a: Onix
|-supereffective|p1a: Onix
|-damage|p1a: Onix|0 fnt
|faint|p1a: Onix
|
|choice|switch 2|
|
|switch|p1a: Snivy|Snivy, L5, M|24\/24
|turn|7
|choice|move hiddenpower|move thunderwave
|
|move|p1a: Snivy|Hidden Power|p2a: Magnemite
|-supereffective|p2a: Magnemite
|-damage|p2a: Magnemite|5\/19
|-enditem|p2a: Magnemite|Berry Juice
|-heal|p2a: Magnemite|19\/19|[from] item: Berry Juice
|move|p2a: Magnemite|Thunder Wave|p1a: Snivy
|-status|p1a: Snivy|par
|
|turn|8
|choice|move leechseed|move recycle
|
|move|p2a: Magnemite|Recycle|p2a: Magnemite
|-item|p2a: Magnemite|Berry Juice|[from] move: Recycle
|move|p1a: Snivy|Leech Seed|p2a: Magnemite
|-start|p2a: Magnemite|move: Leech Seed
|
|-damage|p2a: Magnemite|17\/19|[from] Leech Seed|[of] p1a: Snivy
|turn|9
|choice|move leafstorm|move flashcannon
|
|move|p2a: Magnemite|Flash Cannon|p1a: Snivy
|-damage|p1a: Snivy|11\/24 par
|move|p1a: Snivy|Leaf Storm|p2a: Magnemite
|-resisted|p2a: Magnemite
|-damage|p2a: Magnemite|9\/19
|-boost|p1a: Snivy|spa|2
|-enditem|p2a: Magnemite|Berry Juice
|-heal|p2a: Magnemite|19\/19|[from] item: Berry Juice
|
|-heal|p1a: Snivy|12\/24 par|[from] item: Leftovers
|-damage|p2a: Magnemite|17\/19|[from] Leech Seed|[of] p1a: Snivy
|-heal|p1a: Snivy|14\/24 par|[silent]
|turn|10
|choice|move hiddenpower|move flashcannon
|
|move|p2a: Magnemite|Flash Cannon|p1a: Snivy
|-damage|p1a: Snivy|1\/24 par
|move|p1a: Snivy|Hidden Power|p2a: Magnemite
|-supereffective|p2a: Magnemite
|-damage|p2a: Magnemite|0 fnt
|faint|p2a: Magnemite
|
|-heal|p1a: Snivy|2\/24 par|[from] item: Leftovers
|choice||switch 6
|
|switch|p2a: Growlithe|Growlithe, L5, M|22\/22
|-damage|p2a: Growlithe|17\/22|[from] Stealth Rock
|turn|11
|choice|move hiddenpower|move flamecharge
|
|move|p2a: Growlithe|Flame Charge|p1a: Snivy
|-supereffective|p1a: Snivy
|-damage|p1a: Snivy|0 fnt
|-boost|p2a: Growlithe|spe|1
|faint|p1a: Snivy
|
|choice|switch 3|
|
|switch|p1a: Abra|Abra, L5, F|19\/19
|turn|12
|choice|move dazzlinggleam|move crunch
|
|move|p1a: Abra|Dazzling Gleam|p2a: Growlithe
|-resisted|p2a: Growlithe
|-damage|p2a: Growlithe|12\/22
|move|p2a: Growlithe|Crunch|p1a: Abra
|-supereffective|p1a: Abra
|-damage|p1a: Abra|0 fnt
|faint|p1a: Abra
|
|choice|switch 4|
|
|switch|p1a: Elekid|Elekid, L5, M|21\/21
|turn|13
|choice|move voltswitch|move closecombat
|
|move|p2a: Growlithe|Close Combat|p1a: Elekid
|-crit|p1a: Elekid
|-damage|p1a: Elekid|0 fnt
|-unboost|p2a: Growlithe|def|1
|-unboost|p2a: Growlithe|spd|1
|faint|p1a: Elekid
|
|choice|switch 6|
|
|switch|p1a: Bronzor|Bronzor, L5|10\/25
|turn|14
|choice|move psychic|move closecombat
|
|move|p2a: Growlithe|Close Combat|p1a: Bronzor
|-damage|p1a: Bronzor|3\/25
|-unboost|p2a: Growlithe|def|1
|-unboost|p2a: Growlithe|spd|1
|move|p1a: Bronzor|Psychic|p2a: Growlithe
|-damage|p2a: Growlithe|0 fnt
|faint|p2a: Growlithe
|
|choice||switch 2
|
|switch|p2a: Inkay|Inkay, L5, M|22\/22
|-damage|p2a: Inkay|20\/22|[from] Stealth Rock
|turn|15
|choice|move flashcannon|move superpower
|
|move|p2a: Inkay|Superpower|p1a: Bronzor
|-damage|p1a: Bronzor|0 fnt
|-boost|p2a: Inkay|atk|1
|-boost|p2a: Inkay|def|1
|faint|p1a: Bronzor
|
|win|gungywamp
|player|p1
|player|p2
|l|PokeKetchem</script>
</div>
<div class="battle-log battle-log-inline"><div class="inner"><div class="battle-options"></div><div class="inner"><div class="chat"><small>PokeKetchem joined.</small></div><div class="chat"><small>gungywamp joined.</small></div><div class=""><small>Format:</small> <br><strong>LC</strong></div><div class="rated"><strong>Rated battle</strong></div><div class=""><small><em>Sleep Clause Mod:</em> Limit one foe put to sleep</small></div><div class=""><small><em>Species Clause:</em> Limit one of each Pokémon</small></div><div class=""><small><em>OHKO Clause:</em> OHKO moves are banned</small></div><div class=""><small><em>Moody Clause:</em> Moody is banned</small></div><div class=""><small><em>Evasion Moves Clause:</em> Evasion moves are banned</small></div><div class=""><small><em>Endless Battle Clause:</em> Forcing endless battles is banned</small></div><div class=""><small><em>HP Percentage Mod:</em> HP is shown in percentages</small></div><div class="chat battle-history"><strong>PokeKetchem's team:</strong> <em style="color:#445566;display:block;">Abra / Snivy / Onix / Bronzor / Elekid / Pawniard</em></div><div class="chat battle-history"><strong>gungywamp's team:</strong> <em style="color:#445566;display:block;">Cottonee / Magnemite / Inkay / Shellder / Dwebble / Growlithe</em></div><div class="spacer battle-history"><br></div><div class="battle-history">Battle started between PokeKetchem and gungywamp!<br></div><div class="spacer battle-history"><br></div><div class="battle-history">Go! <strong>Elekid</strong>!<br></div><div class="spacer battle-history"><br></div><div class="battle-history">gungywamp sent out <strong>Dwebble</strong>!<br></div><div class="spacer battle-history"><br></div><h2 class="battle-history">Turn 1</h2><div class="spacer battle-history"><br></div><div class="battle-history">Elekid used <strong>Volt Switch</strong>!<br></div><div class="battle-history"><small>(The opposing Dwebble lost <abbr title="−19/22">86.4%</abbr> of its health!)</small><br></div><div class="spacer battle-history"><br></div><div class="battle-history">Elekid went back to PokeKetchem!<br></div><div class="battle-history">Go! <strong>Bronzor</strong>!<br></div><div class="spacer battle-history"><br></div><div class="battle-history">The opposing Dwebble used <strong>Shell Smash</strong>!<br></div><div class="battle-history"><small>The opposing Dwebble's Defense fell!</small><br></div><div class="battle-history"><small>The opposing Dwebble's Special Defense fell!</small><br></div><div class="battle-history"><small>The opposing Dwebble's Attack rose sharply!</small><br></div><div class="battle-history"><small>The opposing Dwebble's Special Attack rose sharply!</small><br></div><div class="battle-history"><small>The opposing Dwebble's Speed rose sharply!</small><br></div><div class="battle-history"><small>The opposing Dwebble returned its status to normal using its White Herb!</small><br></div><div class="spacer battle-history"><br></div><h2 class="battle-history">Turn 2</h2><div class="spacer battle-history"><br></div><div class="battle-history">The opposing Dwebble used <strong>X-Scissor</strong>!<br></div><div class="battle-history"><small>(Bronzor lost <abbr title="−15/25">60%</abbr> of its health!)</small><br></div><div class="spacer battle-history"><br></div><div class="battle-history">Bronzor used <strong>Flash Cannon</strong>!<br></div><div class="battle-history"><small>It's super effective!</small><br></div><div class="battle-history"><small>(The opposing Dwebble lost <abbr title="−3/22">13.6%</abbr> of its health!)</small><br></div><div class="spacer battle-history"><br></div><div class="battle-history">The opposing Dwebble fainted!<br></div><div class="spacer battle-history"><br></div><div class="battle-history">gungywamp sent out <strong>Inkay</strong>!<br></div><div class="spacer battle-history"><br></div><h2 class="battle-history">Turn 3</h2><div class="spacer battle-history"><br></div><div class="battle-history">Bronzor, come back!<br></div><div class="battle-history">Go! <strong>Pawniard</strong>!<br></div><div class="spacer battle-history"><br></div><div class="battle-history">The opposing Inkay used <strong>Superpower</strong>!<br></div><div class="battle-history"><small>It's super effective!</small><br></div><div class="battle-history"><small>(Pawniard lost <abbr title="−23/23">100%</abbr> of its health!)</small><br></div><div class="battle-history"><small>The opposing Inkay's Attack rose!</small><br></div><div class="battle-history"><small>The opposing Inkay's Defense rose!</small><br></div><div class="spacer battle-history"><br></div><div class="battle-history">Pawniard fainted!<br></div><div class="spacer battle-history"><br></div><div class="battle-history">Go! <strong>Abra</strong>!<br></div><div class="spacer battle-history"><br></div><h2 class="battle-history">Turn 4</h2><div class="spacer battle-history"><br></div><div class="battle-history">gungywamp withdrew Inkay!<br></div><div class="battle-history">gungywamp sent out <strong>Magnemite</strong>!<br></div><div class="spacer battle-history"><br></div><div class="battle-history">Abra used <strong>Dazzling Gleam</strong>!<br></div><div class="battle-history"><small>It's not very effective...</small><br></div><div class="battle-history"><small>(The opposing Magnemite lost <abbr title="−4/19">21.1%</abbr> of its health!)</small><br></div><div class="spacer battle-history"><br></div><h2 class="battle-history">Turn 5</h2><div class="spacer battle-history"><br></div><div class="battle-history">Abra, come back!<br></div><div class="battle-history">Go! <strong>Onix</strong>!<br></div><div class="spacer battle-history"><br></div><div class="battle-history">The opposing Magnemite used <strong>Flash Cannon</strong>!<br></div><div class="battle-history"><small>It's super effective!</small><br></div><div class="battle-history"><small>(Onix lost <abbr title="−18/20">90%</abbr> of its health!)</small><br></div><div class="battle-history"><small>Onix's Special Defense fell!</small><br></div><div class="spacer battle-history"><br></div><h2 class="battle-history">Turn 6</h2><div class="spacer battle-history"><br></div><div class="battle-history">Onix used <strong>Stealth Rock</strong>!<br></div><div class="battle-history"><small>Pointed stones float in the air around the opposing team!</small><br></div><div class="spacer battle-history"><br></div><div class="battle-history">The opposing Magnemite used <strong>Flash Cannon</strong>!<br></div><div class="battle-history"><small>It's super effective!</small><br></div><div class="battle-history"><small>(Onix lost <abbr title="−2/20">10%</abbr> of its health!)</small><br></div><div class="spacer battle-history"><br></div><div class="battle-history">Onix fainted!<br></div><div class="spacer battle-history"><br></div><div class="battle-history">Go! <strong>Snivy</strong>!<br></div><div class="spacer battle-history"><br></div><h2 class="battle-history">Turn 7</h2><div class="spacer battle-history"><br></div><div class="battle-history">Snivy used <strong>Hidden Power</strong>!<br></div><div class="battle-history"><small>It's super effective!</small><br></div><div class="battle-history"><small>(The opposing Magnemite lost <abbr title="−10/19">52.6%</abbr> of its health!)</small><br></div><div class="battle-history"><small>(The opposing Magnemite used its Berry Juice!)</small><br></div><div class="battle-history"><small>The opposing Magnemite restored HP using its Berry Juice!</small><br></div><div class="spacer battle-history"><br></div><div class="battle-history">The opposing Magnemite used <strong>Thunder Wave</strong>!<br></div><div class="battle-history"><small>Snivy is paralyzed! It may be unable to move!</small><br></div><div class="spacer battle-history"><br></div><h2 class="battle-history">Turn 8</h2><div class="spacer battle-history"><br></div><div class="battle-history">The opposing Magnemite used <strong>Recycle</strong>!<br></div><div class="battle-history"><small>The opposing Magnemite found one Berry Juice!</small><br></div><div class="spacer battle-history"><br></div><div class="battle-history">Snivy used <strong>Leech Seed</strong>!<br></div><div class="battle-history"><small>The opposing Magnemite was seeded!</small><br></div><div class="spacer battle-history"><br></div><div class="battle-history"><small>The opposing Magnemite's health is sapped by Leech Seed!</small><br></div><div class="spacer battle-history"><br></div><h2 class="battle-history">Turn 9</h2><div class="spacer battle-history"><br></div><div class="battle-history">The opposing Magnemite used <strong>Flash Cannon</strong>!<br></div><div class="battle-history"><small>(Snivy lost <abbr title="−13/24">54.2%</abbr> of its health!)</small><br></div><div class="spacer battle-history"><br></div><div class="battle-history">Snivy used <strong>Leaf Storm</strong>!<br></div><div class="battle-history"><small>It's not very effective...</small><br></div><div class="battle-history"><small>(The opposing Magnemite lost <abbr title="−8/19">42.1%</abbr> of its health!)</small><br></div><div class="battle-history"><small>Snivy's Special Attack rose sharply!</small><br></div><div class="battle-history"><small>(The opposing Magnemite used its Berry Juice!)</small><br></div><div class="battle-history"><small>The opposing Magnemite restored HP using its Berry Juice!</small><br></div><div class="spacer battle-history"><br></div><div class="battle-history"><small>Snivy restored a little HP using its Leftovers!</small><br></div><div class="battle-history"><small>The opposing Magnemite's health is sapped by Leech Seed!</small><br></div><div class="spacer battle-history"><br></div><h2 class="battle-history">Turn 10</h2><div class="spacer battle-history"><br></div><div class="battle-history">The opposing Magnemite used <strong>Flash Cannon</strong>!<br></div><div class="battle-history"><small>(Snivy lost <abbr title="−13/24">54.2%</abbr> of its health!)</small><br></div><div class="spacer battle-history"><br></div><div class="battle-history">Snivy used <strong>Hidden Power</strong>!<br></div><div class="battle-history"><small>It's super effective!</small><br></div><div class="battle-history"><small>(The opposing Magnemite lost <abbr title="−17/19">89.5%</abbr> of its health!)</small><br></div><div class="spacer battle-history"><br></div><div class="battle-history">The opposing Magnemite fainted!<br></div><div class="spacer battle-history"><br></div><div class="battle-history"><small>Snivy restored a little HP using its Leftovers!</small><br></div><div class="spacer battle-history"><br></div><div class="battle-history">gungywamp sent out <strong>Growlithe</strong>!<br></div><div class="battle-history"><small>Pointed stones dug into the opposing Growlithe!</small><br></div><div class="spacer battle-history"><br></div><h2 class="battle-history">Turn 11</h2><div class="spacer battle-history"><br></div><div class="battle-history">The opposing Growlithe used <strong>Flame Charge</strong>!<br></div><div class="battle-history"><small>It's super effective!</small><br></div><div class="battle-history"><small>(Snivy lost <abbr title="−2/24">8.3%</abbr> of its health!)</small><br></div><div class="battle-history"><small>The opposing Growlithe's Speed rose!</small><br></div><div class="spacer battle-history"><br></div><div class="battle-history">Snivy fainted!<br></div><div class="spacer battle-history"><br></div><div class="battle-history">Go! <strong>Abra</strong>!<br></div><div class="spacer battle-history"><br></div><h2 class="battle-history">Turn 12</h2><div class="spacer battle-history"><br></div><div class="battle-history">Abra used <strong>Dazzling Gleam</strong>!<br></div><div class="battle-history"><small>It's not very effective...</small><br></div><div class="battle-history"><small>(The opposing Growlithe lost <abbr title="−5/22">22.7%</abbr> of its health!)</small><br></div><div class="spacer battle-history"><br></div><div class="battle-history">The opposing Growlithe used <strong>Crunch</strong>!<br></div><div class="battle-history"><small>It's super effective!</small><br></div><div class="battle-history"><small>(Abra lost <abbr title="−19/19">100%</abbr> of its health!)</small><br></div><div class="spacer battle-history"><br></div><div class="battle-history">Abra fainted!<br></div><div class="spacer battle-history"><br></div><div class="battle-history">Go! <strong>Elekid</strong>!<br></div><div class="spacer battle-history"><br></div><h2 class="battle-history">Turn 13</h2><div class="spacer battle-history"><br></div><div class="battle-history">The opposing Growlithe used <strong>Close Combat</strong>!<br></div><div class="battle-history"><small>A critical hit!</small><br></div><div class="battle-history"><small>(Elekid lost <abbr title="−21/21">100%</abbr> of its health!)</small><br></div><div class="battle-history"><small>The opposing Growlithe's Defense fell!</small><br></div><div class="battle-history"><small>The opposing Growlithe's Special Defense fell!</small><br></div><div class="spacer battle-history"><br></div><div class="battle-history">Elekid fainted!<br></div><div class="spacer battle-history"><br></div><div class="battle-history">Go! <strong>Bronzor</strong>!<br></div><div class="spacer battle-history"><br></div><h2 class="battle-history">Turn 14</h2><div class="spacer battle-history"><br></div><div class="battle-history">The opposing Growlithe used <strong>Close Combat</strong>!<br></div><div class="battle-history"><small>(Bronzor lost <abbr title="−7/25">28.0%</abbr> of its health!)</small><br></div><div class="battle-history"><small>The opposing Growlithe's Defense fell!</small><br></div><div class="battle-history"><small>The opposing Growlithe's Special Defense fell!</small><br></div><div class="spacer battle-history"><br></div><div class="battle-history">Bronzor used <strong>Psychic</strong>!<br></div><div class="battle-history"><small>(The opposing Growlithe lost <abbr title="−12/22">54.5%</abbr> of its health!)</small><br></div><div class="spacer battle-history"><br></div><div class="battle-history">The opposing Growlithe fainted!<br></div><div class="spacer battle-history"><br></div><div class="battle-history">gungywamp sent out <strong>Inkay</strong>!<br></div><div class="battle-history"><small>Pointed stones dug into the opposing Inkay!</small><br></div><div class="spacer battle-history"><br></div><h2 class="battle-history">Turn 15</h2><div class="spacer battle-history"><br></div><div class="battle-history">The opposing Inkay used <strong>Superpower</strong>!<br></div><div class="battle-history"><small>(Bronzor lost <abbr title="−3/25">12%</abbr> of its health!)</small><br></div><div class="battle-history"><small>The opposing Inkay's Attack rose!</small><br></div><div class="battle-history"><small>The opposing Inkay's Defense rose!</small><br></div><div class="spacer battle-history"><br></div><div class="battle-history">Bronzor fainted!<br></div><div class="spacer battle-history"><br></div><div class="battle-history"><strong>gungywamp</strong> won the battle!<br></div><div class="chat"><small>PokeKetchem left.</small></div></div><div class="inner-preempt"></div></div></div>
</div>
<script>
let daily = Math.floor(Date.now()/1000/60/60/24);document.write('<script src="https://play.pokemonshowdown.com/js/replay-embed.js?version'+daily+'"></'+'script>');
</script>
