<!DOCTYPE html>
<meta charset="utf-8" />
<!-- version 1 -->
<title>LC replay: Blinkboy vs. yay0</title>
<style>
html,body {font-family:Verdana, sans-serif;font-size:10pt;margin:0;padding:0;}body{padding:12px 0;} .battle-log {font-family:Verdana, sans-serif;font-size:10pt;} .battle-log-inline {border:1px solid #AAAAAA;background:#EEF2F5;color:black;max-width:640px;margin:0 auto 80px;padding-bottom:5px;} .battle-log .inner {padding:4px 8px 0px 8px;} .battle-log .inner-preempt {padding:0 8px 4px 8px;} .battle-log .inner-after {margin-top:0.5em;} .battle-log h2 {margin:0.5em -8px;padding:4px 8px;border:1px solid #AAAAAA;background:#E0E7EA;border-left:0;border-right:0;font-family:Verdana, sans-serif;font-size:13pt;} .battle-log .chat {vertical-align:middle;padding:3px 0 3px 0;font-size:8pt;} .battle-log .chat strong {color:#40576A;} .battle-log .chat em {padding:1px 4px 1px 3px;color:#000000;font-style:normal;} .chat.mine {background:rgba(0,0,0,0.05);margin-left:-8px;margin-right:-8px;padding-left:8px;padding-right:8px;} .spoiler {color:#BBBBBB;background:#BBBBBB;padding:0px 3px;} .spoiler:hover, .spoiler:active, .spoiler-shown {color:#000000;background:#E2E2E2;padding:0px 3px;} .spoiler a {color:#BBBBBB;} .spoiler:hover a, .spoiler:active a, .spoiler-shown a {color:#2288CC;} .chat code, .chat .spoiler:hover code, .chat .spoiler:active code, .chat .spoiler-shown code {border:1px solid #C0C0C0;background:#EEEEEE;color:black;padding:0 2px;} .chat .spoiler code {border:1px solid #CCCCCC;background:#CCCCCC;color:#CCCCCC;} .battle-log .rated {padding:3px 4px;} .battle-log .rated strong {color:white;background:#89A;padding:1px 4px;border-radius:4px;} .spacer {margin-top:0.5em;} .message-announce {background:#6688AA;color:white;padding:1px 4px 2px;} .message-announce a, .broadcast-green a, .broadcast-blue a, .broadcast-red a {color:#DDEEFF;} .broadcast-green {background-color:#559955;color:white;padding:2px 4px;} .broadcast-blue {background-color:#6688AA;color:white;padding:2px 4px;} .infobox {border:1px solid #6688AA;padding:2px 4px;} .infobox-limited {max-height:200px;overflow:auto;overflow-x:hidden;} .broadcast-red {background-color:#AA5544;color:white;padding:2px 4px;} .message-learn-canlearn {font-weight:bold;color:#228822;text-decoration:underline;} .message-learn-cannotlearn {font-weight:bold;color:#CC2222;text-decoration:underline;} .message-effect-weak {font-weight:bold;color:#CC2222;} .message-effect-resist {font-weight:bold;color:#6688AA;} .message-effect-immune {font-weight:bold;color:#666666;} .message-learn-list {margin-top:0;margin-bottom:0;} .message-throttle-notice, .message-error {color:#992222;} .message-overflow, .chat small.message-overflow {font-size:0pt;} .message-overflow::before {font-size:9pt;content:'...';} .subtle {color:#3A4A66;}
</style>
<div class="wrapper replay-wrapper" style="max-width:1180px;margin:0 auto">
<input type="hidden" name="replayid" value="lc-503435437" />
<div class="battle"></div><div class="battle-log"></div><div class="replay-controls"></div><div class="replay-controls-2"></div>
<h1 style="font-weight:normal;text-align:center"><strong>LC</strong><br /><a href="http://pokemonshowdown.com/users/blinkboy" class="subtle" target="_blank">Blinkboy</a> vs. <a href="http://pokemonshowdown.com/users/yay0" class="subtle" target="_blank">yay0</a></h1>
<script type="text/plain" class="battle-log-data">|j|Blinkboy
|j|yay0
|player|p1|Blinkboy|89
|player|p2|yay0|209
|gametype|singles
|gen|6
|tier|LC
|seed|17847,20515,18889,49471
|clearpoke
|poke|p1|Munchlax, L5, M|item
|poke|p1|Houndour, L5, M|item
|poke|p1|Blitzle, L5, F|item
|poke|p1|Shuppet, L5, M|item
|poke|p1|Yamask, L5, F|item
|poke|p1|Duskull, L5, F|item
|poke|p2|Pineco, L5, F|item
|poke|p2|Cubone, L5, M|item
|poke|p2|Froakie, L5, F|item
|poke|p2|Pawniard, L5, F|item
|poke|p2|Gastly, L5, F|item
|poke|p2|Mienfoo, L5, M|item
|rule|Sleep Clause Mod: Limit one foe put to sleep
|rule|Species Clause: Limit one of each Pokémon
|rule|OHKO Clause: OHKO moves are banned
|rule|Moody Clause: Moody is banned
|rule|Evasion Moves Clause: Evasion moves are banned
|rule|Endless Battle Clause: Forcing endless battles is banned
|rule|HP Percentage Mod: HP is shown in percentages
|teampreview
|choice|team 4, team 2, team 3, team 1, team 5, team 6|team 1, team 2, team 3, team 4, team 5, team 6
|
|start
|switch|p1a: Frisk|Shuppet, L5, M|24\/24
|switch|p2a: Pineco|Pineco, L5, F|21\/21
|turn|1
|choice|move knockoff|move stealthrock
|
|move|p2a: Pineco|Stealth Rock|p1a: Frisk
|-sidestart|p1: Blinkboy|move: Stealth Rock
|move|p1a: Frisk|Knock Off|p2a: Pineco
|-damage|p2a: Pineco|13\/21
|-enditem|p2a: Pineco|Berry Juice|[from] move: Knock Off|[of] p1a: Frisk
|
|upkeep
|turn|2
|choice|move trickroom|move spikes
|
|move|p2a: Pineco|Spikes|p1a: Frisk
|-sidestart|p1: Blinkboy|Spikes
|move|p1a: Frisk|Trick Room|p1a: Frisk
|-fieldstart|move: Trick Room|[of] p1a: Frisk
|
|upkeep
|turn|3
|choice|move knockoff|move spikes
|
|move|p1a: Frisk|Knock Off|p2a: Pineco
|-damage|p2a: Pineco|7\/21
|move|p2a: Pineco|Spikes|p1a: Frisk
|-sidestart|p1: Blinkboy|Spikes
|
|upkeep
|turn|4
|choice|move shadowsneak|move explosion
|
|move|p1a: Frisk|Shadow Sneak|p2a: Pineco
|-damage|p2a: Pineco|1\/21
|move|p2a: Pineco|Explosion|p1a: Frisk
|-immune|p1a: Frisk|[msg]
|faint|p2a: Pineco
|
|upkeep
|choice||switch 4
|
|switch|p2a: Pawniard|Pawniard, L5, F|19\/19
|turn|5
|choice|move knockoff|move suckerpunch
|
|move|p2a: Pawniard|Sucker Punch|p1a: Frisk
|-supereffective|p1a: Frisk
|-enditem|p1a: Frisk|Focus Sash
|-damage|p1a: Frisk|1\/24
|-damage|p2a: Pawniard|18\/19|[from] item: Life Orb
|move|p1a: Frisk|Knock Off|p2a: Pawniard
|-resisted|p2a: Pawniard
|-damage|p2a: Pawniard|14\/19
|-enditem|p2a: Pawniard|Life Orb|[from] move: Knock Off|[of] p1a: Frisk
|
|upkeep
|turn|6
|choice|move destinybond|move suckerpunch
|
|move|p2a: Pawniard|Sucker Punch|p1a: Frisk|[still]
|-fail|p2a: Pawniard
|move|p1a: Frisk|Destiny Bond|p1a: Frisk
|-singlemove|p1a: Frisk|Destiny Bond
|
|-fieldend|move: Trick Room
|upkeep
|turn|7
|choice|move trickroom|switch 3
|
|switch|p2a: Froakie|Froakie, L5, F|19\/19
|move|p1a: Frisk|Trick Room|p1a: Frisk
|-fieldstart|move: Trick Room|[of] p1a: Frisk
|
|upkeep
|turn|8
|choice|move destinybond|switch 2
|
|switch|p2a: Cubone|Cubone, L5, M|22\/22
|move|p1a: Frisk|Destiny Bond|p1a: Frisk
|-singlemove|p1a: Frisk|Destiny Bond
|
|upkeep
|turn|9
|choice|move knockoff|switch 5
|
|switch|p2a: Gastly|Gastly, L5, F|19\/19
|move|p1a: Frisk|Knock Off|p2a: Gastly
|-supereffective|p2a: Gastly
|-enditem|p2a: Gastly|Focus Sash
|-damage|p2a: Gastly|1\/19
|
|upkeep
|turn|10
|choice|move knockoff|move shadowball
|
|move|p1a: Frisk|Knock Off|p2a: Gastly
|-supereffective|p2a: Gastly
|-damage|p2a: Gastly|0 fnt
|faint|p2a: Gastly
|
|upkeep
|choice||switch 3
|
|switch|p2a: Pawniard|Pawniard, L5, F|14\/19
|turn|11
|choice|move destinybond|move suckerpunch
|
|move|p2a: Pawniard|Sucker Punch|p1a: Frisk|[still]
|-fail|p2a: Pawniard
|move|p1a: Frisk|Destiny Bond|p1a: Frisk
|-singlemove|p1a: Frisk|Destiny Bond
|
|-fieldend|move: Trick Room
|upkeep
|turn|12
|choice|move trickroom|move knockoff
|
|move|p2a: Pawniard|Knock Off|p1a: Frisk
|-supereffective|p1a: Frisk
|-damage|p1a: Frisk|0 fnt
|faint|p1a: Frisk
|-activate|p1a: Frisk|move: Destiny Bond
|faint|p2a: Pawniard
|
|upkeep
|choice|switch 5|switch 6
|
|switch|p2a: Mienfoo|Mienfoo, L5, M|21\/21
|switch|p1a: Masque|Yamask, L5, F|20\/20
|-damage|p1a: Masque|17\/20|[from] Spikes
|-damage|p1a: Masque|15\/20|[from] Stealth Rock
|turn|13
|choice|move willowisp|move knockoff
|
|move|p2a: Mienfoo|Knock Off|p1a: Masque
|-supereffective|p1a: Masque
|-damage|p1a: Masque|3\/20
|-activate|p1a: Masque|ability: Mummy|Regenerator|[of] p2a: Mienfoo
|-enditem|p1a: Masque|Eviolite|[from] move: Knock Off|[of] p2a: Mienfoo
|move|p1a: Masque|Will-O-Wisp|p2a: Mienfoo
|-status|p2a: Mienfoo|brn
|
|-damage|p2a: Mienfoo|19\/21 brn|[from] brn
|upkeep
|turn|14
|j|branden_ho
|choice|move hex|move knockoff
|
|move|p2a: Mienfoo|Knock Off|p1a: Masque
|-supereffective|p1a: Masque
|-damage|p1a: Masque|0 fnt
|faint|p1a: Masque
|
|-damage|p2a: Mienfoo|17\/21 brn|[from] brn
|upkeep
|choice|switch 6|
|
|switch|p1a: Monocle|Duskull, L5, F|18\/18
|-damage|p1a: Monocle|16\/18|[from] Stealth Rock
|turn|15
|choice|move hex|move knockoff
|
|move|p2a: Mienfoo|Knock Off|p1a: Monocle
|-supereffective|p1a: Monocle
|-damage|p1a: Monocle|10\/18
|-enditem|p1a: Monocle|Eviolite|[from] move: Knock Off|[of] p2a: Mienfoo
|move|p1a: Monocle|Hex|p2a: Mienfoo
|-crit|p2a: Mienfoo
|-damage|p2a: Mienfoo|0 fnt
|faint|p2a: Mienfoo
|
|upkeep
|choice||switch 2
|
|switch|p2a: Froakie|Froakie, L5, F|19\/19
|turn|16
|choice|move painsplit|move surf
|
|move|p2a: Froakie|Surf|p1a: Monocle
|-damage|p1a: Monocle|0 fnt
|-damage|p2a: Froakie|18\/19|[from] item: Life Orb
|faint|p1a: Monocle
|
|upkeep
|choice|switch 3|
|
|switch|p1a: Sparks & Stripes|Blitzle, L5, F|21\/21
|-damage|p1a: Sparks & Stripes|18\/21|[from] Spikes
|-damage|p1a: Sparks & Stripes|16\/21|[from] Stealth Rock
|turn|17
|choice|move wildcharge|switch 5
|
|switch|p2a: Cubone|Cubone, L5, M|22\/22
|move|p1a: Sparks & Stripes|Wild Charge|p2a: Cubone
|-immune|p2a: Cubone|[msg]
|
|upkeep
|turn|18
|choice|move doublekick|move earthquake
|
|move|p1a: Sparks & Stripes|Double Kick|p2a: Cubone
|-damage|p2a: Cubone|18\/22
|-damage|p2a: Cubone|14\/22
|-hitcount|p2a: Cubone|2
|-damage|p1a: Sparks & Stripes|14\/21|[from] item: Life Orb
|move|p2a: Cubone|Earthquake|p1a: Sparks & Stripes
|-supereffective|p1a: Sparks & Stripes
|-damage|p1a: Sparks & Stripes|0 fnt
|faint|p1a: Sparks & Stripes
|
|upkeep
|choice|switch 2|
|
|switch|p1a: Agent Skully|Houndour, L5, M|21\/21
|-damage|p1a: Agent Skully|18\/21|[from] Spikes
|-damage|p1a: Agent Skully|13\/21|[from] Stealth Rock
|turn|19
|choice|move darkpulse|move earthquake
|
|move|p1a: Agent Skully|Dark Pulse|p2a: Cubone
|-damage|p2a: Cubone|0 fnt
|faint|p2a: Cubone
|
|upkeep
|choice||switch 5
|
|switch|p2a: Froakie|Froakie, L5, F|18\/19
|turn|20
|choice|move suckerpunch|move surf
|
|move|p1a: Agent Skully|Sucker Punch|p2a: Froakie
|-damage|p2a: Froakie|5\/19
|move|p2a: Froakie|Surf|p1a: Agent Skully
|-supereffective|p1a: Agent Skully
|-damage|p1a: Agent Skully|0 fnt
|-damage|p2a: Froakie|4\/19|[from] item: Life Orb
|faint|p1a: Agent Skully
|
|upkeep
|choice|switch 4|
|
|switch|p1a: Fatters|Munchlax, L5, M|30\/30
|-damage|p1a: Fatters|27\/30|[from] Stealth Rock
|-damage|p1a: Fatters|22\/30|[from] Spikes
|turn|21
|choice|move bodyslam|move surf
|
|move|p2a: Froakie|Surf|p1a: Fatters
|-damage|p1a: Fatters|9\/30
|-enditem|p1a: Fatters|Berry Juice
|-heal|p1a: Fatters|29\/30|[from] item: Berry Juice
|-damage|p2a: Froakie|3\/19|[from] item: Life Orb
|move|p1a: Fatters|Body Slam|p2a: Froakie
|-damage|p2a: Froakie|0 fnt
|faint|p2a: Froakie
|
|win|Blinkboy
|player|p1
|player|p2
|l|Blinkboy
|l|yay0
|l|branden_ho
|j|Blinkboy</script>
</div>
<div class="battle-log battle-log-inline"><div class="inner"><div class="battle-options"></div><div class="inner"><div class="chat"><small>Blinkboy joined.</small></div><div class="chat"><small>yay0 joined.</small></div><div class=""><small>Format:</small> <br><strong>LC</strong></div><div class=""><small><em>Sleep Clause Mod:</em> Limit one foe put to sleep</small></div><div class=""><small><em>Species Clause:</em> Limit one of each Pokémon</small></div><div class=""><small><em>OHKO Clause:</em> OHKO moves are banned</small></div><div class=""><small><em>Moody Clause:</em> Moody is banned</small></div><div class=""><small><em>Evasion Moves Clause:</em> Evasion moves are banned</small></div><div class=""><small><em>Endless Battle Clause:</em> Forcing endless battles is banned</small></div><div class=""><small><em>HP Percentage Mod:</em> HP is shown in percentages</small></div><div class="chat battle-history"><strong>Blinkboy's team:</strong> <em style="color:#445566;display:block;">Munchlax / Houndour / Blitzle / Shuppet / Yamask / Duskull</em></div><div class="chat battle-history"><strong>yay0's team:</strong> <em style="color:#445566;display:block;">Pineco / Cubone / Froakie / Pawniard / Gastly / Mienfoo</em></div><div class="spacer battle-history"><br></div><div class="battle-history">Battle started between Blinkboy and yay0!<br></div><div class="spacer battle-history"><br></div><div class="battle-history">Go! Frisk (<strong>Shuppet</strong>)!<br></div><div class="spacer battle-history"><br></div><div class="battle-history">yay0 sent out <strong>Pineco</strong>!<br></div><div class="spacer battle-history"><br></div><h2 class="battle-history">Turn 1</h2><div class="spacer battle-history"><br></div><div class="battle-history">The opposing Pineco used <strong>Stealth Rock</strong>!<br></div><div class="battle-history"><small>Pointed stones float in the air around your team!</small><br></div><div class="spacer battle-history"><br></div><div class="battle-history">Frisk used <strong>Knock Off</strong>!<br></div><div class="battle-history"><small>(The opposing Pineco lost <abbr title="−8/21">38.1%</abbr> of its health!)</small><br></div><div class="battle-history"><small>Frisk knocked off the opposing Pineco's Berry Juice!</small><br></div><div class="spacer battle-history"><br></div><h2 class="battle-history">Turn 2</h2><div class="spacer battle-history"><br></div><div class="battle-history">The opposing Pineco used <strong>Spikes</strong>!<br></div><div class="battle-history"><small>Spikes were scattered on the ground all around your team!</small><br></div><div class="spacer battle-history"><br></div><div class="battle-history">Frisk used <strong>Trick Room</strong>!<br></div><div class="battle-history"><small>Frisk twisted the dimensions!</small><br></div><div class="spacer battle-history"><br></div><h2 class="battle-history">Turn 3</h2><div class="spacer battle-history"><br></div><div class="battle-history">Frisk used <strong>Knock Off</strong>!<br></div><div class="battle-history"><small>(The opposing Pineco lost <abbr title="−6/21">28.6%</abbr> of its health!)</small><br></div><div class="spacer battle-history"><br></div><div class="battle-history">The opposing Pineco used <strong>Spikes</strong>!<br></div><div class="battle-history"><small>Spikes were scattered on the ground all around your team!</small><br></div><div class="spacer battle-history"><br></div><h2 class="battle-history">Turn 4</h2><div class="spacer battle-history"><br></div><div class="battle-history">Frisk used <strong>Shadow Sneak</strong>!<br></div><div class="battle-history"><small>(The opposing Pineco lost <abbr title="−6/21">28.6%</abbr> of its health!)</small><br></div><div class="spacer battle-history"><br></div><div class="battle-history">The opposing Pineco used <strong>Explosion</strong>!<br></div><div class="battle-history"><small>It doesn't affect Frisk...</small><br></div><div class="spacer battle-history"><br></div><div class="battle-history">The opposing Pineco fainted!<br></div><div class="spacer battle-history"><br></div><div class="battle-history">yay0 sent out <strong>Pawniard</strong>!<br></div><div class="spacer battle-history"><br></div><h2 class="battle-history">Turn 5</h2><div class="spacer battle-history"><br></div><div class="battle-history">The opposing Pawniard used <strong>Sucker Punch</strong>!<br></div><div class="battle-history"><small>It's super effective!</small><br></div><div class="battle-history"><small>Frisk hung on using its Focus Sash!</small><br></div><div class="battle-history"><small>(Frisk lost <abbr title="−23/24">95.8%</abbr> of its health!)</small><br></div><div class="battle-history"><small>The opposing Pawniard lost some of its HP!</small><br></div><div class="spacer battle-history"><br></div><div class="battle-history">Frisk used <strong>Knock Off</strong>!<br></div><div class="battle-history"><small>It's not very effective...</small><br></div><div class="battle-history"><small>(The opposing Pawniard lost <abbr title="−4/19">21.1%</abbr> of its health!)</small><br></div><div class="battle-history"><small>Frisk knocked off the opposing Pawniard's Life Orb!</small><br></div><div class="spacer battle-history"><br></div><h2 class="battle-history">Turn 6</h2><div class="spacer battle-history"><br></div><div class="battle-history">The opposing Pawniard used <strong>Sucker Punch</strong>!<br></div><div class="battle-history"><small>But it failed!</small><br></div><div class="spacer battle-history"><br></div><div class="battle-history">Frisk used <strong>Destiny Bond</strong>!<br></div><div class="battle-history">Frisk is hoping to take its attacker down with it!<br></div><div class="spacer battle-history"><br></div><div class="battle-history"><small>The twisted dimensions returned to normal!</small><br></div><div class="spacer battle-history"><br></div><h2 class="battle-history">Turn 7</h2><div class="spacer battle-history"><br></div><div class="battle-history">yay0 withdrew Pawniard!<br></div><div class="battle-history">yay0 sent out <strong>Froakie</strong>!<br></div><div class="spacer battle-history"><br></div><div class="battle-history">Frisk used <strong>Trick Room</strong>!<br></div><div class="battle-history"><small>Frisk twisted the dimensions!</small><br></div><div class="spacer battle-history"><br></div><h2 class="battle-history">Turn 8</h2><div class="spacer battle-history"><br></div><div class="battle-history">yay0 withdrew Froakie!<br></div><div class="battle-history">yay0 sent out <strong>Cubone</strong>!<br></div><div class="spacer battle-history"><br></div><div class="battle-history">Frisk used <strong>Destiny Bond</strong>!<br></div><div class="battle-history">Frisk is hoping to take its attacker down with it!<br></div><div class="spacer battle-history"><br></div><h2 class="battle-history">Turn 9</h2><div class="spacer battle-history"><br></div><div class="battle-history">yay0 withdrew Cubone!<br></div><div class="battle-history">yay0 sent out <strong>Gastly</strong>!<br></div><div class="spacer battle-history"><br></div><div class="battle-history">Frisk used <strong>Knock Off</strong>!<br></div><div class="battle-history"><small>It's super effective!</small><br></div><div class="battle-history"><small>The opposing Gastly hung on using its Focus Sash!</small><br></div><div class="battle-history"><small>(The opposing Gastly lost <abbr title="−18/19">94.7%</abbr> of its health!)</small><br></div><div class="spacer battle-history"><br></div><h2 class="battle-history">Turn 10</h2><div class="spacer battle-history"><br></div><div class="battle-history">Frisk used <strong>Knock Off</strong>!<br></div><div class="battle-history"><small>It's super effective!</small><br></div><div class="battle-history"><small>(The opposing Gastly lost <abbr title="−1/19">5.3%</abbr> of its health!)</small><br></div><div class="spacer battle-history"><br></div><div class="battle-history">The opposing Gastly fainted!<br></div><div class="spacer battle-history"><br></div><div class="battle-history">yay0 sent out <strong>Pawniard</strong>!<br></div><div class="spacer battle-history"><br></div><h2 class="battle-history">Turn 11</h2><div class="spacer battle-history"><br></div><div class="battle-history">The opposing Pawniard used <strong>Sucker Punch</strong>!<br></div><div class="battle-history"><small>But it failed!</small><br></div><div class="spacer battle-history"><br></div><div class="battle-history">Frisk used <strong>Destiny Bond</strong>!<br></div><div class="battle-history">Frisk is hoping to take its attacker down with it!<br></div><div class="spacer battle-history"><br></div><div class="battle-history"><small>The twisted dimensions returned to normal!</small><br></div><div class="spacer battle-history"><br></div><h2 class="battle-history">Turn 12</h2><div class="spacer battle-history"><br></div><div class="battle-history">The opposing Pawniard used <strong>Knock Off</strong>!<br></div><div class="battle-history"><small>It's super effective!</small><br></div><div class="battle-history"><small>(Frisk lost <abbr title="−1/24">4.2%</abbr> of its health!)</small><br></div><div class="spacer battle-history"><br></div><div class="battle-history">Frisk fainted!<br></div><div class="battle-history"><small>Frisk took its attacker down with it!</small><br></div><div class="spacer battle-history"><br></div><div class="battle-history">The opposing Pawniard fainted!<br></div><div class="spacer battle-history"><br></div><div class="battle-history">yay0 sent out <strong>Mienfoo</strong>!<br></div><div class="spacer battle-history"><br></div><div class="battle-history">Go! Masque (<strong>Yamask</strong>)!<br></div><div class="battle-history"><small>Masque is hurt by the spikes!</small><br></div><div class="battle-history"><small>Pointed stones dug into Masque!</small><br></div><div class="spacer battle-history"><br></div><h2 class="battle-history">Turn 13</h2><div class="spacer battle-history"><br></div><div class="battle-history">The opposing Mienfoo used <strong>Knock Off</strong>!<br></div><div class="battle-history"><small>It's super effective!</small><br></div><div class="battle-history"><small>(Masque lost <abbr title="−12/20">60%</abbr> of its health!)</small><br></div><div class="battle-history"><small>[Masque's Mummy]</small><br><small>[The opposing Mienfoo's Regenerator]</small><br><small>[The opposing Mienfoo's Mummy]</small><br><small>The opposing Mienfoo's Ability became Mummy!</small><br></div><div class="battle-history"><small>The opposing Mienfoo knocked off Masque's Eviolite!</small><br></div><div class="spacer battle-history"><br></div><div class="battle-history">Masque used <strong>Will-O-Wisp</strong>!<br></div><div class="battle-history"><small>The opposing Mienfoo was burned!</small><br></div><div class="spacer battle-history"><br></div><div class="battle-history"><small>The opposing Mienfoo was hurt by its burn!</small><br></div><div class="spacer battle-history"><br></div><h2 class="battle-history">Turn 14</h2><div class="chat"><small>branden_ho joined.</small></div><div class="spacer battle-history"><br></div><div class="battle-history">The opposing Mienfoo used <strong>Knock Off</strong>!<br></div><div class="battle-history"><small>It's super effective!</small><br></div><div class="battle-history"><small>(Masque lost <abbr title="−3/20">15%</abbr> of its health!)</small><br></div><div class="spacer battle-history"><br></div><div class="battle-history">Masque fainted!<br></div><div class="spacer battle-history"><br></div><div class="battle-history"><small>The opposing Mienfoo was hurt by its burn!</small><br></div><div class="spacer battle-history"><br></div><div class="battle-history">Go! Monocle (<strong>Duskull</strong>)!<br></div><div class="battle-history"><small>Pointed stones dug into Monocle!</small><br></div><div class="spacer battle-history"><br></div><h2 class="battle-history">Turn 15</h2><div class="spacer battle-history"><br></div><div class="battle-history">The opposing Mienfoo used <strong>Knock Off</strong>!<br></div><div class="battle-history"><small>It's super effective!</small><br></div><div class="battle-history"><small>(Monocle lost <abbr title="−6/18">33.3%</abbr> of its health!)</small><br></div><div class="battle-history"><small>The opposing Mienfoo knocked off Monocle's Eviolite!</small><br></div><div class="spacer battle-history"><br></div><div class="battle-history">Monocle used <strong>Hex</strong>!<br></div><div class="battle-history"><small>A critical hit!</small><br></div><div class="battle-history"><small>(The opposing Mienfoo lost <abbr title="−17/21">81.0%</abbr> of its health!)</small><br></div><div class="spacer battle-history"><br></div><div class="battle-history">The opposing Mienfoo fainted!<br></div><div class="spacer battle-history"><br></div><div class="battle-history">yay0 sent out <strong>Froakie</strong>!<br></div><div class="spacer battle-history"><br></div><h2 class="battle-history">Turn 16</h2><div class="spacer battle-history"><br></div><div class="battle-history">The opposing Froakie used <strong>Surf</strong>!<br></div><div class="battle-history"><small>(Monocle lost <abbr title="−10/18">55.6%</abbr> of its health!)</small><br></div><div class="battle-history"><small>The opposing Froakie lost some of its HP!</small><br></div><div class="spacer battle-history"><br></div><div class="battle-history">Monocle fainted!<br></div><div class="spacer battle-history"><br></div><div class="battle-history">Go! Sparks &amp; Stripes (<strong>Blitzle</strong>)!<br></div><div class="battle-history"><small>Sparks &amp; Stripes is hurt by the spikes!</small><br></div><div class="battle-history"><small>Pointed stones dug into Sparks &amp; Stripes!</small><br></div><div class="spacer battle-history"><br></div><h2 class="battle-history">Turn 17</h2><div class="spacer battle-history"><br></div><div class="battle-history">yay0 withdrew Froakie!<br></div><div class="battle-history">yay0 sent out <strong>Cubone</strong>!<br></div><div class="spacer battle-history"><br></div><div class="battle-history">Sparks &amp; Stripes used <strong>Wild Charge</strong>!<br></div><div class="battle-history"><small>It doesn't affect the opposing Cubone...</small><br></div><div class="spacer battle-history"><br></div><h2 class="battle-history">Turn 18</h2><div class="spacer battle-history"><br></div><div class="battle-history">Sparks &amp; Stripes used <strong>Double Kick</strong>!<br></div><div class="battle-history"><small>(The opposing Cubone lost <abbr title="−4/22">18.2%</abbr> of its health!)</small><br></div><div class="battle-history"><small>(The opposing Cubone lost <abbr title="−4/22">18.2%</abbr> of its health!)</small><br></div><div class="battle-history"><small>Hit 2 times!</small><br></div><div class="battle-history"><small>Sparks &amp; Stripes lost some of its HP!</small><br></div><div class="spacer battle-history"><br></div><div class="battle-history">The opposing Cubone used <strong>Earthquake</strong>!<br></div><div class="battle-history"><small>It's super effective!</small><br></div><div class="battle-history"><small>(Sparks &amp; Stripes lost <abbr title="−14/21">66.7%</abbr> of its health!)</small><br></div><div class="spacer battle-history"><br></div><div class="battle-history">Sparks &amp; Stripes fainted!<br></div><div class="spacer battle-history"><br></div><div class="battle-history">Go! Agent Skully (<strong>Houndour</strong>)!<br></div><div class="battle-history"><small>Agent Skully is hurt by the spikes!</small><br></div><div class="battle-history"><small>Pointed stones dug into Agent Skully!</small><br></div><div class="spacer battle-history"><br></div><h2 class="battle-history">Turn 19</h2><div class="spacer battle-history"><br></div><div class="battle-history">Agent Skully used <strong>Dark Pulse</strong>!<br></div><div class="battle-history"><small>(The opposing Cubone lost <abbr title="−14/22">63.6%</abbr> of its health!)</small><br></div><div class="spacer battle-history"><br></div><div class="battle-history">The opposing Cubone fainted!<br></div><div class="spacer battle-history"><br></div><div class="battle-history">yay0 sent out <strong>Froakie</strong>!<br></div><div class="spacer battle-history"><br></div><h2 class="battle-history">Turn 20</h2><div class="spacer battle-history"><br></div><div class="battle-history">Agent Skully used <strong>Sucker Punch</strong>!<br></div><div class="battle-history"><small>(The opposing Froakie lost <abbr title="−13/19">68.4%</abbr> of its health!)</small><br></div><div class="spacer battle-history"><br></div><div class="battle-history">The opposing Froakie used <strong>Surf</strong>!<br></div><div class="battle-history"><small>It's super effective!</small><br></div><div class="battle-history"><small>(Agent Skully lost <abbr title="−13/21">61.9%</abbr> of its health!)</small><br></div><div class="battle-history"><small>The opposing Froakie lost some of its HP!</small><br></div><div class="spacer battle-history"><br></div><div class="battle-history">Agent Skully fainted!<br></div><div class="spacer battle-history"><br></div><div class="battle-history">Go! Fatters (<strong>Munchlax</strong>)!<br></div><div class="battle-history"><small>Pointed stones dug into Fatters!</small><br></div><div class="battle-history"><small>Fatters is hurt by the spikes!</small><br></div><div class="spacer battle-history"><br></div><h2 class="battle-history">Turn 21</h2><div class="spacer battle-history"><br></div><div class="battle-history">The opposing Froakie used <strong>Surf</strong>!<br></div><div class="battle-history"><small>(Fatters lost <abbr title="−13/30">43.3%</abbr> of its health!)</small><br></div><div class="battle-history"><small>(Fatters used its Berry Juice!)</small><br></div><div class="battle-history"><small>Fatters restored HP using its Berry Juice!</small><br></div><div class="battle-history"><small>The opposing Froakie lost some of its HP!</small><br></div><div class="spacer battle-history"><br></div><div class="battle-history">Fatters used <strong>Body Slam</strong>!<br></div><div class="battle-history"><small>(The opposing Froakie lost <abbr title="−3/19">15.8%</abbr> of its health!)</small><br></div><div class="spacer battle-history"><br></div><div class="battle-history">The opposing Froakie fainted!<br></div><div class="spacer battle-history"><br></div><div class="battle-history"><strong>Blinkboy</strong> won the battle!<br></div><div class="chat"><small>Blinkboy left.</small></div><div class="chat"><small>yay0 left.</small></div><div class="chat"><small>branden_ho left.</small></div><div class="chat"><small>Blinkboy joined.</small></div></div><div class="inner-preempt"></div></div></div>
</div>
<script>
let daily = Math.floor(Date.now()/1000/60/60/24);document.write('<script src="https://play.pokemonshowdown.com/js/replay-embed.js?version'+daily+'"></'+'script>');
</script>
