<!DOCTYPE html>
<meta charset="utf-8" />
<!-- version 1 -->
<title>LC replay: DimitriCheick vs. Kaique PX</title>
<style>
html,body {font-family:Verdana, sans-serif;font-size:10pt;margin:0;padding:0;}body{padding:12px 0;} .battle-log {font-family:Verdana, sans-serif;font-size:10pt;} .battle-log-inline {border:1px solid #AAAAAA;background:#EEF2F5;color:black;max-width:640px;margin:0 auto 80px;padding-bottom:5px;} .battle-log .inner {padding:4px 8px 0px 8px;} .battle-log .inner-preempt {padding:0 8px 4px 8px;} .battle-log .inner-after {margin-top:0.5em;} .battle-log h2 {margin:0.5em -8px;padding:4px 8px;border:1px solid #AAAAAA;background:#E0E7EA;border-left:0;border-right:0;font-family:Verdana, sans-serif;font-size:13pt;} .battle-log .chat {vertical-align:middle;padding:3px 0 3px 0;font-size:8pt;} .battle-log .chat strong {color:#40576A;} .battle-log .chat em {padding:1px 4px 1px 3px;color:#000000;font-style:normal;} .chat.mine {background:rgba(0,0,0,0.05);margin-left:-8px;margin-right:-8px;padding-left:8px;padding-right:8px;} .spoiler {color:#BBBBBB;background:#BBBBBB;padding:0px 3px;} .spoiler:hover, .spoiler:active, .spoiler-shown {color:#000000;background:#E2E2E2;padding:0px 3px;} .spoiler a {color:#BBBBBB;} .spoiler:hover a, .spoiler:active a, .spoiler-shown a {color:#2288CC;} .chat code, .chat .spoiler:hover code, .chat .spoiler:active code, .chat .spoiler-shown code {border:1px solid #C0C0C0;background:#EEEEEE;color:black;padding:0 2px;} .chat .spoiler code {border:1px solid #CCCCCC;background:#CCCCCC;color:#CCCCCC;} .battle-log .rated {padding:3px 4px;} .battle-log .rated strong {color:white;background:#89A;padding:1px 4px;border-radius:4px;} .spacer {margin-top:0.5em;} .message-announce {background:#6688AA;color:white;padding:1px 4px 2px;} .message-announce a, .broadcast-green a, .broadcast-blue a, .broadcast-red a {color:#DDEEFF;} .broadcast-green {background-color:#559955;color:white;padding:2px 4px;} .broadcast-blue {background-color:#6688AA;color:white;padding:2px 4px;} .infobox {border:1px solid #6688AA;padding:2px 4px;} .infobox-limited {max-height:200px;overflow:auto;overflow-x:hidden;} .broadcast-red {background-color:#AA5544;color:white;padding:2px 4px;} .message-learn-canlearn {font-weight:bold;color:#228822;text-decoration:underline;} .message-learn-cannotlearn {font-weight:bold;color:#CC2222;text-decoration:underline;} .message-effect-weak {font-weight:bold;color:#CC2222;} .message-effect-resist {font-weight:bold;color:#6688AA;} .message-effect-immune {font-weight:bold;color:#666666;} .message-learn-list {margin-top:0;margin-bottom:0;} .message-throttle-notice, .message-error {color:#992222;} .message-overflow, .chat small.message-overflow {font-size:0pt;} .message-overflow::before {font-size:9pt;content:'...';} .subtle {color:#3A4A66;}
</style>
<div class="wrapper replay-wrapper" style="max-width:1180px;margin:0 auto">
<input type="hidden" name="replayid" value="lc-488402715" />
<div class="battle"></div><div class="battle-log"></div><div class="replay-controls"></div><div class="replay-controls-2"></div>
<h1 style="font-weight:normal;text-align:center"><strong>LC</strong><br /><a href="http://pokemonshowdown.com/users/dimitricheick" class="subtle" target="_blank">DimitriCheick</a> vs. <a href="http://pokemonshowdown.com/users/kaiquepx" class="subtle" target="_blank">Kaique PX</a></h1>
<script type="text/plain" class="battle-log-data">|j|DimitriCheick
|j|Kaique PX
|player|p1|DimitriCheick|219
|player|p2|Kaique PX|269
|gametype|singles
|gen|6
|tier|LC
|seed|22330,45553,47604,18472
|clearpoke
|poke|p1|Honedge, L5, M|item
|poke|p1|Growlithe, L5, M|item
|poke|p1|Mienfoo, L5, M|item
|poke|p1|Tentacool, L5, F|item
|poke|p1|Stunky, L5, F|item
|poke|p1|Fletchling, L5, F|
|poke|p2|Axew, L5, F|item
|poke|p2|Archen, L5, F|item
|poke|p2|Bulbasaur, L5, F|item
|poke|p2|Vulpix, L5, F|item
|poke|p2|Tynamo, L5, F, shiny|item
|poke|p2|Mienfoo, L5, M|item
|rule|Sleep Clause Mod: Limit one foe put to sleep
|rule|Species Clause: Limit one of each Pokémon
|rule|OHKO Clause: OHKO moves are banned
|rule|Moody Clause: Moody is banned
|rule|Evasion Moves Clause: Evasion moves are banned
|rule|Endless Battle Clause: Forcing endless battles is banned
|rule|HP Percentage Mod: HP is shown in percentages
|teampreview
|choice|team 2, team 1, team 3, team 4, team 5, team 6|team 2, team 1, team 3, team 4, team 5, team 6
|
|start
|switch|p1a: Growlithe|Growlithe, L5, M|25\/25
|switch|p2a: Archen|Archen, L5, F|22\/22
|-ability|p1a: Growlithe|Intimidate|boost
|-unboost|p2a: Archen|atk|1
|turn|1
|choice|move willowisp|move earthquake
|
|move|p2a: Archen|Earthquake|p1a: Growlithe
|-supereffective|p1a: Growlithe
|-damage|p1a: Growlithe|15\/25
|move|p1a: Growlithe|Will-O-Wisp|p2a: Archen
|-status|p2a: Archen|brn
|
|-damage|p2a: Archen|20\/22 brn|[from] brn
|turn|2
|j|Gustavoamaralvenon
|choice|move morningsun|move earthquake
|
|move|p2a: Archen|Earthquake|p1a: Growlithe
|-supereffective|p1a: Growlithe
|-damage|p1a: Growlithe|10\/25
|move|p1a: Growlithe|Morning Sun|p1a: Growlithe
|-heal|p1a: Growlithe|22\/25
|
|-damage|p2a: Archen|18\/22 brn|[from] brn
|turn|3
|choice|move wildcharge|move headsmash
|
|move|p2a: Archen|Head Smash|p1a: Growlithe
|-supereffective|p1a: Growlithe
|-damage|p1a: Growlithe|9\/25
|-damage|p2a: Archen|11\/22 brn|[from] recoil|[of] p1a: Growlithe
|move|p1a: Growlithe|Wild Charge|p2a: Archen
|-supereffective|p2a: Archen
|-damage|p2a: Archen|0 fnt
|-damage|p1a: Growlithe|6\/25|[from] recoil|[of] p2a: Archen
|faint|p2a: Archen
|
|choice||switch 6
|
|switch|p2a: Mienfoo|Mienfoo, L5, M|21\/21
|turn|4
|choice|move morningsun|move highjumpkick
|
|move|p2a: Mienfoo|High Jump Kick|p1a: Growlithe
|-damage|p1a: Growlithe|0 fnt
|faint|p1a: Growlithe
|
|choice|switch 6|
|
|switch|p1a: Fletchling|Fletchling, L5, F|23\/23
|turn|5
|choice|move acrobatics|switch 5
|
|switch|p2a: Tynamo|Tynamo, L5, F, shiny|20\/20
|move|p1a: Fletchling|Acrobatics|p2a: Tynamo
|-resisted|p2a: Tynamo
|-damage|p2a: Tynamo|11\/20
|
|turn|6
|j|BeralRed2103
|choice|switch 2|move spark
|
|switch|p1a: Honedge|Honedge, L5, M|22\/22
|move|p2a: Tynamo|Spark|p1a: Honedge
|-damage|p1a: Honedge|18\/22
|-status|p1a: Honedge|par
|
|turn|7
|choice|move ironhead|move spark
|
|move|p2a: Tynamo|Spark|p1a: Honedge
|-damage|p1a: Honedge|14\/22 par
|move|p1a: Honedge|Iron Head|p2a: Tynamo
|-resisted|p2a: Tynamo
|-damage|p2a: Tynamo|5\/20
|-enditem|p2a: Tynamo|Sitrus Berry|[eat]
|-heal|p2a: Tynamo|10\/20|[from] item: Sitrus Berry
|
|turn|8
|c| BeralRed2103|kaique
|c| BeralRed2103|dps vms eu e vc?
|c| BeralRed2103|batalha amistosa
|choice|move sacredsword|move spark
|
|move|p2a: Tynamo|Spark|p1a: Honedge
|-damage|p1a: Honedge|10\/22 par
|cant|p1a: Honedge|par
|
|turn|9
|choice|move ironhead|move spark
|
|move|p2a: Tynamo|Spark|p1a: Honedge
|-crit|p1a: Honedge
|-damage|p1a: Honedge|3\/22 par
|move|p1a: Honedge|Iron Head|p2a: Tynamo
|-resisted|p2a: Tynamo
|-damage|p2a: Tynamo|3\/20
|
|turn|10
|c|★DimitriCheick|Kaique?
|c| BeralRed2103|kaique faliceu
|choice|move shadowsneak|move spark
|
|move|p1a: Honedge|Shadow Sneak|p2a: Tynamo
|-damage|p2a: Tynamo|0 fnt
|faint|p2a: Tynamo
|
|choice||switch 4
|
|switch|p2a: Vulpix|Vulpix, L5, F|20\/20
|-weather|SunnyDay|[from] ability: Drought|[of] p2a: Vulpix
|turn|11
|choice|move shadowsneak|move overheat
|
|cant|p1a: Honedge|par
|move|p2a: Vulpix|Overheat|p1a: Honedge
|-supereffective|p1a: Honedge
|-damage|p1a: Honedge|0 fnt
|-unboost|p2a: Vulpix|spa|2
|faint|p1a: Honedge
|
|-weather|SunnyDay|[upkeep]
|choice|switch 3|
|
|switch|p1a: Mienfoo|Mienfoo, L5, M|21\/21
|turn|12
|choice|move knockoff|move willowisp
|
|move|p1a: Mienfoo|Knock Off|p2a: Vulpix
|-damage|p2a: Vulpix|8\/20
|-enditem|p2a: Vulpix|Heat Rock|[from] move: Knock Off|[of] p1a: Mienfoo
|move|p2a: Vulpix|Will-O-Wisp|p1a: Mienfoo|[miss]
|-miss|p2a: Vulpix|p1a: Mienfoo
|
|-weather|SunnyDay|[upkeep]
|turn|13
|choice|move drainpunch|move zenheadbutt
|
|move|p1a: Mienfoo|Drain Punch|p2a: Vulpix
|-damage|p2a: Vulpix|0 fnt
|faint|p2a: Vulpix
|
|-weather|SunnyDay|[upkeep]
|choice||switch 5
|
|switch|p2a: Mienfoo|Mienfoo, L5, M|21\/21
|turn|14
|choice|move knockoff|move aerialace
|
|move|p1a: Mienfoo|Knock Off|p2a: Mienfoo
|-resisted|p2a: Mienfoo
|-damage|p2a: Mienfoo|16\/21
|-enditem|p2a: Mienfoo|Wide Lens|[from] move: Knock Off|[of] p1a: Mienfoo
|move|p2a: Mienfoo|Aerial Ace|p1a: Mienfoo
|-supereffective|p1a: Mienfoo
|-damage|p1a: Mienfoo|13\/21
|
|-weather|SunnyDay|[upkeep]
|turn|15
|choice|move drainpunch|move swordsdance
|
|move|p1a: Mienfoo|Drain Punch|p2a: Mienfoo
|-damage|p2a: Mienfoo|6\/21
|-heal|p1a: Mienfoo|18\/21|[from] drain|[of] p2a: Mienfoo
|move|p2a: Mienfoo|Swords Dance|p2a: Mienfoo
|-boost|p2a: Mienfoo|atk|2
|
|-weather|SunnyDay|[upkeep]
|turn|16
|choice|move drainpunch|move aerialace
|
|move|p1a: Mienfoo|Drain Punch|p2a: Mienfoo
|-damage|p2a: Mienfoo|0 fnt
|-heal|p1a: Mienfoo|21\/21|[from] drain|[of] p2a: Mienfoo
|faint|p2a: Mienfoo
|
|-weather|SunnyDay|[upkeep]
|c| BeralRed2103|aerial ace
|c| BeralRed2103|lol
|choice||switch 3
|
|switch|p2a: Bulbasaur|Bulbasaur, L5, F|21\/21
|turn|17
|choice|move knockoff|move solarbeam
|
|move|p1a: Mienfoo|Knock Off|p2a: Bulbasaur
|-damage|p2a: Bulbasaur|11\/21
|-enditem|p2a: Bulbasaur|Power Herb|[from] move: Knock Off|[of] p1a: Mienfoo
|move|p2a: Bulbasaur|Solar Beam|p1a: Mienfoo|[still]
|-prepare|p2a: Bulbasaur|Solar Beam|p1a: Mienfoo
|-anim|p2a: Bulbasaur|Solar Beam|p1a: Mienfoo
|-damage|p1a: Mienfoo|8\/21
|
|-weather|SunnyDay|[upkeep]
|turn|18
|choice|move drainpunch|move solarbeam
|
|move|p1a: Mienfoo|Drain Punch|p2a: Bulbasaur
|-resisted|p2a: Bulbasaur
|-damage|p2a: Bulbasaur|6\/21
|-heal|p1a: Mienfoo|11\/21|[from] drain|[of] p2a: Bulbasaur
|move|p2a: Bulbasaur|Solar Beam|p1a: Mienfoo|[still]
|-prepare|p2a: Bulbasaur|Solar Beam|p1a: Mienfoo
|-anim|p2a: Bulbasaur|Solar Beam|p1a: Mienfoo
|-damage|p1a: Mienfoo|0 fnt
|faint|p1a: Mienfoo
|
|-weather|none
|choice|switch 5|
|
|switch|p1a: Stunky|Stunky, L5, F|23\/23
|turn|19
|choice|move sludgebomb|move solarbeam
|
|move|p1a: Stunky|Sludge Bomb|p2a: Bulbasaur
|-damage|p2a: Bulbasaur|0 fnt
|faint|p2a: Bulbasaur
|
|choice||switch 2
|
|switch|p2a: Axew|Axew, L5, F|21\/21
|-ability|p2a: Axew|Unnerve|p1: DimitriCheick
|turn|20
|choice|move sludgebomb|move dragondance
|
|move|p2a: Axew|Dragon Dance|p2a: Axew
|-boost|p2a: Axew|atk|1
|-boost|p2a: Axew|spe|1
|move|p1a: Stunky|Sludge Bomb|p2a: Axew
|-damage|p2a: Axew|9\/21
|-enditem|p2a: Axew|Sitrus Berry|[eat]
|-heal|p2a: Axew|14\/21|[from] item: Sitrus Berry
|
|turn|21
|choice|move suckerpunch|move irontail
|
|move|p1a: Stunky|Sucker Punch|p2a: Axew
|-damage|p2a: Axew|4\/21
|move|p2a: Axew|Iron Tail|p1a: Stunky
|-damage|p1a: Stunky|11\/23
|
|turn|22
|c| BeralRed2103|sitrus berry?
|choice|move sludgebomb|move dragondance
|
|move|p2a: Axew|Dragon Dance|p2a: Axew
|-boost|p2a: Axew|atk|1
|-boost|p2a: Axew|spe|1
|move|p1a: Stunky|Sludge Bomb|p2a: Axew
|-damage|p2a: Axew|0 fnt
|faint|p2a: Axew
|
|win|DimitriCheick
|player|p1
|player|p2
|c| BeralRed2103|berry juice é melhor.
|c|★DimitriCheick|Bom jogo
|l|BeralRed2103
|l|Gustavoamaralvenon
|l|Kaique PX</script>
</div>
<div class="battle-log battle-log-inline"><div class="inner"><div class="battle-options"></div><div class="inner"><div class="chat"><small>DimitriCheick joined.</small></div><div class="chat"><small>Kaique PX joined.</small></div><div class=""><small>Format:</small> <br><strong>LC</strong></div><div class=""><small><em>Sleep Clause Mod:</em> Limit one foe put to sleep</small></div><div class=""><small><em>Species Clause:</em> Limit one of each Pokémon</small></div><div class=""><small><em>OHKO Clause:</em> OHKO moves are banned</small></div><div class=""><small><em>Moody Clause:</em> Moody is banned</small></div><div class=""><small><em>Evasion Moves Clause:</em> Evasion moves are banned</small></div><div class=""><small><em>Endless Battle Clause:</em> Forcing endless battles is banned</small></div><div class=""><small><em>HP Percentage Mod:</em> HP is shown in percentages</small></div><div class="chat battle-history"><strong>DimitriCheick's team:</strong> <em style="color:#445566;display:block;">Honedge / Growlithe / Mienfoo / Tentacool / Stunky / Fletchling</em></div><div class="chat battle-history"><strong>Kaique PX's team:</strong> <em style="color:#445566;display:block;">Axew / Archen / Bulbasaur / Vulpix / Tynamo / Mienfoo</em></div><div class="spacer battle-history"><br></div><div class="battle-history">Battle started between DimitriCheick and Kaique PX!<br></div><div class="spacer battle-history"><br></div><div class="battle-history">Go! <strong>Growlithe</strong>!<br></div><div class="spacer battle-history"><br></div><div class="battle-history">Kaique PX sent out <strong>Archen</strong>!<br></div><div class="battle-history"><small>[Growlithe's Intimidate]</small><br></div><div class="battle-history"><small>The opposing Archen's Attack fell!</small><br></div><div class="spacer battle-history"><br></div><h2 class="battle-history">Turn 1</h2><div class="spacer battle-history"><br></div><div class="battle-history">The opposing Archen used <strong>Earthquake</strong>!<br></div><div class="battle-history"><small>It's super effective!</small><br></div><div class="battle-history"><small>(Growlithe lost <abbr title="−10/25">40%</abbr> of its health!)</small><br></div><div class="spacer battle-history"><br></div><div class="battle-history">Growlithe used <strong>Will-O-Wisp</strong>!<br></div><div class="battle-history"><small>The opposing Archen was burned!</small><br></div><div class="spacer battle-history"><br></div><div class="battle-history"><small>The opposing Archen was hurt by its burn!</small><br></div><div class="spacer battle-history"><br></div><h2 class="battle-history">Turn 2</h2><div class="chat"><small>Gustavoamaralvenon joined.</small></div><div class="spacer battle-history"><br></div><div class="battle-history">The opposing Archen used <strong>Earthquake</strong>!<br></div><div class="battle-history"><small>It's super effective!</small><br></div><div class="battle-history"><small>(Growlithe lost <abbr title="−5/25">20%</abbr> of its health!)</small><br></div><div class="spacer battle-history"><br></div><div class="battle-history">Growlithe used <strong>Morning Sun</strong>!<br></div><div class="battle-history"><small>Growlithe restored its HP.</small><br></div><div class="spacer battle-history"><br></div><div class="battle-history"><small>The opposing Archen was hurt by its burn!</small><br></div><div class="spacer battle-history"><br></div><h2 class="battle-history">Turn 3</h2><div class="spacer battle-history"><br></div><div class="battle-history">The opposing Archen used <strong>Head Smash</strong>!<br></div><div class="battle-history"><small>It's super effective!</small><br></div><div class="battle-history"><small>(Growlithe lost <abbr title="−13/25">52%</abbr> of its health!)</small><br></div><div class="battle-history"><small>The opposing Archen is damaged by the recoil!</small><br></div><div class="spacer battle-history"><br></div><div class="battle-history">Growlithe used <strong>Wild Charge</strong>!<br></div><div class="battle-history"><small>It's super effective!</small><br></div><div class="battle-history"><small>(The opposing Archen lost <abbr title="−11/22">50%</abbr> of its health!)</small><br></div><div class="battle-history"><small>Growlithe is damaged by the recoil!</small><br></div><div class="spacer battle-history"><br></div><div class="battle-history">The opposing Archen fainted!<br></div><div class="spacer battle-history"><br></div><div class="battle-history">Kaique PX sent out <strong>Mienfoo</strong>!<br></div><div class="spacer battle-history"><br></div><h2 class="battle-history">Turn 4</h2><div class="spacer battle-history"><br></div><div class="battle-history">The opposing Mienfoo used <strong>High Jump Kick</strong>!<br></div><div class="battle-history"><small>(Growlithe lost <abbr title="−6/25">24%</abbr> of its health!)</small><br></div><div class="spacer battle-history"><br></div><div class="battle-history">Growlithe fainted!<br></div><div class="spacer battle-history"><br></div><div class="battle-history">Go! <strong>Fletchling</strong>!<br></div><div class="spacer battle-history"><br></div><h2 class="battle-history">Turn 5</h2><div class="spacer battle-history"><br></div><div class="battle-history">Kaique PX withdrew Mienfoo!<br></div><div class="battle-history">Kaique PX sent out <strong>Tynamo</strong>!<br></div><div class="spacer battle-history"><br></div><div class="battle-history">Fletchling used <strong>Acrobatics</strong>!<br></div><div class="battle-history"><small>It's not very effective...</small><br></div><div class="battle-history"><small>(The opposing Tynamo lost <abbr title="−9/20">45%</abbr> of its health!)</small><br></div><div class="spacer battle-history"><br></div><h2 class="battle-history">Turn 6</h2><div class="chat"><small>BeralRed2103 joined.</small></div><div class="spacer battle-history"><br></div><div class="battle-history">Fletchling, come back!<br></div><div class="battle-history">Go! <strong>Honedge</strong>!<br></div><div class="spacer battle-history"><br></div><div class="battle-history">The opposing Tynamo used <strong>Spark</strong>!<br></div><div class="battle-history"><small>(Honedge lost <abbr title="−4/22">18.2%</abbr> of its health!)</small><br></div><div class="battle-history"><small>Honedge is paralyzed! It may be unable to move!</small><br></div><div class="spacer battle-history"><br></div><h2 class="battle-history">Turn 7</h2><div class="spacer battle-history"><br></div><div class="battle-history">The opposing Tynamo used <strong>Spark</strong>!<br></div><div class="battle-history"><small>(Honedge lost <abbr title="−4/22">18.2%</abbr> of its health!)</small><br></div><div class="spacer battle-history"><br></div><div class="battle-history">Honedge used <strong>Iron Head</strong>!<br></div><div class="battle-history"><small>It's not very effective...</small><br></div><div class="battle-history"><small>(The opposing Tynamo lost <abbr title="−6/20">30%</abbr> of its health!)</small><br></div><div class="battle-history"><small>The opposing Tynamo ate its Sitrus Berry!</small><br></div><div class="battle-history"><small>The opposing Tynamo restored HP using its Sitrus Berry!</small><br></div><div class="spacer battle-history"><br></div><h2 class="battle-history">Turn 8</h2><div class="chat chatmessage-beralred2103"><strong style="color:hsl(13,89%,42.482063084187764%)"><small> </small><span class="username" data-name="BeralRed2103">BeralRed2103</span>:</strong> <em>kaique</em></div><div class="chat chatmessage-beralred2103"><strong style="color:hsl(13,89%,42.482063084187764%)"><small> </small><span class="username" data-name="BeralRed2103">BeralRed2103</span>:</strong> <em>dps vms eu e vc?</em></div><div class="chat chatmessage-beralred2103"><strong style="color:hsl(13,89%,42.482063084187764%)"><small> </small><span class="username" data-name="BeralRed2103">BeralRed2103</span>:</strong> <em>batalha amistosa</em></div><div class="spacer battle-history"><br></div><div class="battle-history">The opposing Tynamo used <strong>Spark</strong>!<br></div><div class="battle-history"><small>(Honedge lost <abbr title="−4/22">18.2%</abbr> of its health!)</small><br></div><div class="spacer battle-history"><br></div><div class="battle-history">Honedge is paralyzed! It can't move!<br></div><div class="spacer battle-history"><br></div><h2 class="battle-history">Turn 9</h2><div class="spacer battle-history"><br></div><div class="battle-history">The opposing Tynamo used <strong>Spark</strong>!<br></div><div class="battle-history"><small>A critical hit!</small><br></div><div class="battle-history"><small>(Honedge lost <abbr title="−7/22">31.8%</abbr> of its health!)</small><br></div><div class="spacer battle-history"><br></div><div class="battle-history">Honedge used <strong>Iron Head</strong>!<br></div><div class="battle-history"><small>It's not very effective...</small><br></div><div class="battle-history"><small>(The opposing Tynamo lost <abbr title="−7/20">35%</abbr> of its health!)</small><br></div><div class="spacer battle-history"><br></div><h2 class="battle-history">Turn 10</h2><div class="chat chatmessage-dimitricheick"><strong style="color:hsl(332,76%,46.87707548264111%)"><small>★</small><span class="username" data-name="DimitriCheick">DimitriCheick</span>:</strong> <em>Kaique?</em></div><div class="chat chatmessage-beralred2103"><strong style="color:hsl(13,89%,42.482063084187764%)"><small> </small><span class="username" data-name="BeralRed2103">BeralRed2103</span>:</strong> <em>kaique faliceu</em></div><div class="spacer battle-history"><br></div><div class="battle-history">Honedge used <strong>Shadow Sneak</strong>!<br></div><div class="battle-history"><small>(The opposing Tynamo lost <abbr title="−3/20">15%</abbr> of its health!)</small><br></div><div class="spacer battle-history"><br></div><div class="battle-history">The opposing Tynamo fainted!<br></div><div class="spacer battle-history"><br></div><div class="battle-history">Kaique PX sent out <strong>Vulpix</strong>!<br></div><div class="battle-history"><small>[The opposing Vulpix's Drought]</small><br><small>The sunlight turned harsh!</small><br></div><div class="spacer battle-history"><br></div><h2 class="battle-history">Turn 11</h2><div class="spacer battle-history"><br></div><div class="battle-history">Honedge is paralyzed! It can't move!<br></div><div class="spacer battle-history"><br></div><div class="battle-history">The opposing Vulpix used <strong>Overheat</strong>!<br></div><div class="battle-history"><small>It's super effective!</small><br></div><div class="battle-history"><small>(Honedge lost <abbr title="−3/22">13.6%</abbr> of its health!)</small><br></div><div class="battle-history"><small>The opposing Vulpix's Special Attack fell harshly!</small><br></div><div class="spacer battle-history"><br></div><div class="battle-history">Honedge fainted!<br></div><div class="spacer battle-history"><br></div><div class="battle-history"><small>(The sunlight is strong!)</small><br></div><div class="spacer battle-history"><br></div><div class="battle-history">Go! <strong>Mienfoo</strong>!<br></div><div class="spacer battle-history"><br></div><h2 class="battle-history">Turn 12</h2><div class="spacer battle-history"><br></div><div class="battle-history">Mienfoo used <strong>Knock Off</strong>!<br></div><div class="battle-history"><small>(The opposing Vulpix lost <abbr title="−12/20">60%</abbr> of its health!)</small><br></div><div class="battle-history"><small>Mienfoo knocked off the opposing Vulpix's Heat Rock!</small><br></div><div class="spacer battle-history"><br></div><div class="battle-history">The opposing Vulpix used <strong>Will-O-Wisp</strong>!<br></div><div class="battle-history"><small>Mienfoo avoided the attack!</small><br></div><div class="spacer battle-history"><br></div><div class="battle-history"><small>(The sunlight is strong!)</small><br></div><div class="spacer battle-history"><br></div><h2 class="battle-history">Turn 13</h2><div class="spacer battle-history"><br></div><div class="battle-history">Mienfoo used <strong>Drain Punch</strong>!<br></div><div class="battle-history"><small>(The opposing Vulpix lost <abbr title="−8/20">40%</abbr> of its health!)</small><br></div><div class="spacer battle-history"><br></div><div class="battle-history">The opposing Vulpix fainted!<br></div><div class="spacer battle-history"><br></div><div class="battle-history"><small>(The sunlight is strong!)</small><br></div><div class="spacer battle-history"><br></div><div class="battle-history">Kaique PX sent out <strong>Mienfoo</strong>!<br></div><div class="spacer battle-history"><br></div><h2 class="battle-history">Turn 14</h2><div class="spacer battle-history"><br></div><div class="battle-history">Mienfoo used <strong>Knock Off</strong>!<br></div><div class="battle-history"><small>It's not very effective...</small><br></div><div class="battle-history"><small>(The opposing Mienfoo lost <abbr title="−5/21">23.8%</abbr> of its health!)</small><br></div><div class="battle-history"><small>Mienfoo knocked off the opposing Mienfoo's Wide Lens!</small><br></div><div class="spacer battle-history"><br></div><div class="battle-history">The opposing Mienfoo used <strong>Aerial Ace</strong>!<br></div><div class="battle-history"><small>It's super effective!</small><br></div><div class="battle-history"><small>(Mienfoo lost <abbr title="−8/21">38.1%</abbr> of its health!)</small><br></div><div class="spacer battle-history"><br></div><div class="battle-history"><small>(The sunlight is strong!)</small><br></div><div class="spacer battle-history"><br></div><h2 class="battle-history">Turn 15</h2><div class="spacer battle-history"><br></div><div class="battle-history">Mienfoo used <strong>Drain Punch</strong>!<br></div><div class="battle-history"><small>(The opposing Mienfoo lost <abbr title="−10/21">47.6%</abbr> of its health!)</small><br></div><div class="battle-history"><small>The opposing Mienfoo had its energy drained!</small><br></div><div class="spacer battle-history"><br></div><div class="battle-history">The opposing Mienfoo used <strong>Swords Dance</strong>!<br></div><div class="battle-history"><small>The opposing Mienfoo's Attack rose sharply!</small><br></div><div class="spacer battle-history"><br></div><div class="battle-history"><small>(The sunlight is strong!)</small><br></div><div class="spacer battle-history"><br></div><h2 class="battle-history">Turn 16</h2><div class="spacer battle-history"><br></div><div class="battle-history">Mienfoo used <strong>Drain Punch</strong>!<br></div><div class="battle-history"><small>(The opposing Mienfoo lost <abbr title="−6/21">28.6%</abbr> of its health!)</small><br></div><div class="battle-history"><small>The opposing Mienfoo had its energy drained!</small><br></div><div class="spacer battle-history"><br></div><div class="battle-history">The opposing Mienfoo fainted!<br></div><div class="spacer battle-history"><br></div><div class="battle-history"><small>(The sunlight is strong!)</small><br></div><div class="chat chatmessage-beralred2103"><strong style="color:hsl(13,89%,42.482063084187764%)"><small> </small><span class="username" data-name="BeralRed2103">BeralRed2103</span>:</strong> <em>aerial ace</em></div><div class="chat chatmessage-beralred2103"><strong style="color:hsl(13,89%,42.482063084187764%)"><small> </small><span class="username" data-name="BeralRed2103">BeralRed2103</span>:</strong> <em>lol</em></div><div class="spacer battle-history"><br></div><div class="battle-history">Kaique PX sent out <strong>Bulbasaur</strong>!<br></div><div class="spacer battle-history"><br></div><h2 class="battle-history">Turn 17</h2><div class="spacer battle-history"><br></div><div class="battle-history">Mienfoo used <strong>Knock Off</strong>!<br></div><div class="battle-history"><small>(The opposing Bulbasaur lost <abbr title="−10/21">47.6%</abbr> of its health!)</small><br></div><div class="battle-history"><small>Mienfoo knocked off the opposing Bulbasaur's Power Herb!</small><br></div><div class="spacer battle-history"><br></div><div class="battle-history">The opposing Bulbasaur used <strong>Solar Beam</strong>!<br></div><div class="battle-history"><small>The opposing Bulbasaur absorbed light!</small><br></div><div class="battle-history"><small>(Mienfoo lost <abbr title="−13/21">61.9%</abbr> of its health!)</small><br></div><div class="spacer battle-history"><br></div><div class="battle-history"><small>(The sunlight is strong!)</small><br></div><div class="spacer battle-history"><br></div><h2 class="battle-history">Turn 18</h2><div class="spacer battle-history"><br></div><div class="battle-history">Mienfoo used <strong>Drain Punch</strong>!<br></div><div class="battle-history"><small>It's not very effective...</small><br></div><div class="battle-history"><small>(The opposing Bulbasaur lost <abbr title="−5/21">23.8%</abbr> of its health!)</small><br></div><div class="battle-history"><small>The opposing Bulbasaur had its energy drained!</small><br></div><div class="spacer battle-history"><br></div><div class="battle-history">The opposing Bulbasaur used <strong>Solar Beam</strong>!<br></div><div class="battle-history"><small>The opposing Bulbasaur absorbed light!</small><br></div><div class="battle-history"><small>(Mienfoo lost <abbr title="−11/21">52.4%</abbr> of its health!)</small><br></div><div class="spacer battle-history"><br></div><div class="battle-history">Mienfoo fainted!<br></div><div class="spacer battle-history"><br></div><div class="battle-history"><small>The sunlight faded.</small><br></div><div class="spacer battle-history"><br></div><div class="battle-history">Go! <strong>Stunky</strong>!<br></div><div class="spacer battle-history"><br></div><h2 class="battle-history">Turn 19</h2><div class="spacer battle-history"><br></div><div class="battle-history">Stunky used <strong>Sludge Bomb</strong>!<br></div><div class="battle-history"><small>(The opposing Bulbasaur lost <abbr title="−6/21">28.6%</abbr> of its health!)</small><br></div><div class="spacer battle-history"><br></div><div class="battle-history">The opposing Bulbasaur fainted!<br></div><div class="spacer battle-history"><br></div><div class="battle-history">Kaique PX sent out <strong>Axew</strong>!<br></div><div class="battle-history"><small>[The opposing Axew's Unnerve]</small><br><small>Your team is too nervous to eat Berries!</small><br></div><div class="spacer battle-history"><br></div><h2 class="battle-history">Turn 20</h2><div class="spacer battle-history"><br></div><div class="battle-history">The opposing Axew used <strong>Dragon Dance</strong>!<br></div><div class="battle-history"><small>The opposing Axew's Attack rose!</small><br></div><div class="battle-history"><small>The opposing Axew's Speed rose!</small><br></div><div class="spacer battle-history"><br></div><div class="battle-history">Stunky used <strong>Sludge Bomb</strong>!<br></div><div class="battle-history"><small>(The opposing Axew lost <abbr title="−12/21">57.1%</abbr> of its health!)</small><br></div><div class="battle-history"><small>The opposing Axew ate its Sitrus Berry!</small><br></div><div class="battle-history"><small>The opposing Axew restored HP using its Sitrus Berry!</small><br></div><div class="spacer battle-history"><br></div><h2 class="battle-history">Turn 21</h2><div class="spacer battle-history"><br></div><div class="battle-history">Stunky used <strong>Sucker Punch</strong>!<br></div><div class="battle-history"><small>(The opposing Axew lost <abbr title="−10/21">47.6%</abbr> of its health!)</small><br></div><div class="spacer battle-history"><br></div><div class="battle-history">The opposing Axew used <strong>Iron Tail</strong>!<br></div><div class="battle-history"><small>(Stunky lost <abbr title="−12/23">52.2%</abbr> of its health!)</small><br></div><div class="spacer battle-history"><br></div><h2 class="battle-history">Turn 22</h2><div class="chat chatmessage-beralred2103"><strong style="color:hsl(13,89%,42.482063084187764%)"><small> </small><span class="username" data-name="BeralRed2103">BeralRed2103</span>:</strong> <em>sitrus berry?</em></div><div class="spacer battle-history"><br></div><div class="battle-history">The opposing Axew used <strong>Dragon Dance</strong>!<br></div><div class="battle-history"><small>The opposing Axew's Attack rose!</small><br></div><div class="battle-history"><small>The opposing Axew's Speed rose!</small><br></div><div class="spacer battle-history"><br></div><div class="battle-history">Stunky used <strong>Sludge Bomb</strong>!<br></div><div class="battle-history"><small>(The opposing Axew lost <abbr title="−4/21">19.0%</abbr> of its health!)</small><br></div><div class="spacer battle-history"><br></div><div class="battle-history">The opposing Axew fainted!<br></div><div class="spacer battle-history"><br></div><div class="battle-history"><strong>DimitriCheick</strong> won the battle!<br></div><div class="chat chatmessage-beralred2103"><strong style="color:hsl(13,89%,42.482063084187764%)"><small> </small><span class="username" data-name="BeralRed2103">BeralRed2103</span>:</strong> <em>berry juice é melhor.</em></div><div class="chat chatmessage-dimitricheick"><strong style="color:hsl(332,76%,46.87707548264111%)"><small>★</small><span class="username" data-name="DimitriCheick">DimitriCheick</span>:</strong> <em>Bom jogo</em></div><div class="chat"><small>BeralRed2103 left.</small></div><div class="chat"><small>Gustavoamaralvenon left.</small></div><div class="chat"><small>Kaique PX left.</small></div></div><div class="inner-preempt"></div></div></div>
</div>
<script>
let daily = Math.floor(Date.now()/1000/60/60/24);document.write('<script src="https://play.pokemonshowdown.com/js/replay-embed.js?version'+daily+'"></'+'script>');
</script>
