<!DOCTYPE html>
<meta charset="utf-8" />
<!-- version 1 -->
<title>LC replay: tazerz95 vs. HaUnT★</title>
<style>
html,body {font-family:Verdana, sans-serif;font-size:10pt;margin:0;padding:0;}body{padding:12px 0;} .battle-log {font-family:Verdana, sans-serif;font-size:10pt;} .battle-log-inline {border:1px solid #AAAAAA;background:#EEF2F5;color:black;max-width:640px;margin:0 auto 80px;padding-bottom:5px;} .battle-log .inner {padding:4px 8px 0px 8px;} .battle-log .inner-preempt {padding:0 8px 4px 8px;} .battle-log .inner-after {margin-top:0.5em;} .battle-log h2 {margin:0.5em -8px;padding:4px 8px;border:1px solid #AAAAAA;background:#E0E7EA;border-left:0;border-right:0;font-family:Verdana, sans-serif;font-size:13pt;} .battle-log .chat {vertical-align:middle;padding:3px 0 3px 0;font-size:8pt;} .battle-log .chat strong {color:#40576A;} .battle-log .chat em {padding:1px 4px 1px 3px;color:#000000;font-style:normal;} .chat.mine {background:rgba(0,0,0,0.05);margin-left:-8px;margin-right:-8px;padding-left:8px;padding-right:8px;} .spoiler {color:#BBBBBB;background:#BBBBBB;padding:0px 3px;} .spoiler:hover, .spoiler:active, .spoiler-shown {color:#000000;background:#E2E2E2;padding:0px 3px;} .spoiler a {color:#BBBBBB;} .spoiler:hover a, .spoiler:active a, .spoiler-shown a {color:#2288CC;} .chat code, .chat .spoiler:hover code, .chat .spoiler:active code, .chat .spoiler-shown code {border:1px solid #C0C0C0;background:#EEEEEE;color:black;padding:0 2px;} .chat .spoiler code {border:1px solid #CCCCCC;background:#CCCCCC;color:#CCCCCC;} .battle-log .rated {padding:3px 4px;} .battle-log .rated strong {color:white;background:#89A;padding:1px 4px;border-radius:4px;} .spacer {margin-top:0.5em;} .message-announce {background:#6688AA;color:white;padding:1px 4px 2px;} .message-announce a, .broadcast-green a, .broadcast-blue a, .broadcast-red a {color:#DDEEFF;} .broadcast-green {background-color:#559955;color:white;padding:2px 4px;} .broadcast-blue {background-color:#6688AA;color:white;padding:2px 4px;} .infobox {border:1px solid #6688AA;padding:2px 4px;} .infobox-limited {max-height:200px;overflow:auto;overflow-x:hidden;} .broadcast-red {background-color:#AA5544;color:white;padding:2px 4px;} .message-learn-canlearn {font-weight:bold;color:#228822;text-decoration:underline;} .message-learn-cannotlearn {font-weight:bold;color:#CC2222;text-decoration:underline;} .message-effect-weak {font-weight:bold;color:#CC2222;} .message-effect-resist {font-weight:bold;color:#6688AA;} .message-effect-immune {font-weight:bold;color:#666666;} .message-learn-list {margin-top:0;margin-bottom:0;} .message-throttle-notice, .message-error {color:#992222;} .message-overflow, .chat small.message-overflow {font-size:0pt;} .message-overflow::before {font-size:9pt;content:'...';} .subtle {color:#3A4A66;}
</style>
<div class="wrapper replay-wrapper" style="max-width:1180px;margin:0 auto">
<input type="hidden" name="replayid" value="lc-529177884" />
<div class="battle"></div><div class="battle-log"></div><div class="replay-controls"></div><div class="replay-controls-2"></div>
<h1 style="font-weight:normal;text-align:center"><strong>LC</strong><br /><a href="http://pokemonshowdown.com/users/tazerz95" class="subtle" target="_blank">tazerz95</a> vs. <a href="http://pokemonshowdown.com/users/haunt" class="subtle" target="_blank">HaUnT★</a></h1>
<script type="text/plain" class="battle-log-data">|j|tazerz95
|j|HaUnT★
|player|p1|tazerz95|92
|player|p2|HaUnT★|9
|gametype|singles
|gen|6
|tier|LC
|seed|7758,54009,58776,48327
|clearpoke
|poke|p1|Timburr, L5, M|item
|poke|p1|Spritzee, L5, M|item
|poke|p1|Lileep, L5, M|item
|poke|p1|Bronzor, L5|item
|poke|p1|Elekid, L5, M|item
|poke|p1|Axew, L5, M|item
|poke|p2|Torchic, L5, M|item
|poke|p2|Baltoy, L5|item
|poke|p2|Bunnelby, L5, M|item
|poke|p2|Elgyem, L5, M|item
|poke|p2|Scraggy, L5, M|item
|poke|p2|Grimer, L5, F|item
|rule|Sleep Clause Mod: Limit one foe put to sleep
|rule|Species Clause: Limit one of each Pokémon
|rule|OHKO Clause: OHKO moves are banned
|rule|Moody Clause: Moody is banned
|rule|Evasion Moves Clause: Evasion moves are banned
|rule|Endless Battle Clause: Forcing endless battles is banned
|rule|HP Percentage Mod: HP is shown in percentages
|teampreview
|c|★tazerz95|glhf
|j|eliwood_of_pherae
|c|★tazerz95|no snubbul
|c|★tazerz95|nice
|c|★HaUnT★|yeah
|c|★HaUnT★|That was the heat
|j|Mortagon
|c| Mortagon|let's go
|j|Fantos13
|j|DendeTM
|j|Ruby Rebel
|j|chompoo
|c|★HaUnT★|wow way to not respond
|c| eliwood_of_pherae|LETS GO CHAMPIONSHIP NOW
|j|Sabertwooth
|c|★HaUnT★|You massive piece of shit
|j|snarkophagus
|j|skurleton
|choice|team 1, team 2, team 3, team 4, team 5, team 6|team 1, team 2, team 3, team 4, team 5, team 6
|
|start
|switch|p1a: Hercule|Timburr, L5, M|24\/24
|switch|p2a: Torchic|Torchic, L5, M|21\/21
|turn|1
|c| Sabertwooth|He did not bring Glameow
|c| Ruby Rebel|torchic
|c| Ruby Rebel|click x
|c| Sabertwooth|feelsbadman
|c|★tazerz95|did you link the battle in joey's discord lmao
|c| eliwood_of_pherae|Look everybody came to watch taze throw
|c| eliwood_of_pherae|Use will o wisp
|c|★HaUnT★|I'm throwing harder
|c| Mortagon|ye i did
|c| Sabertwooth|BATON PASS
|c| chompoo|catch the L tazerz, u baboon
|c|★tazerz95|wow
|c| Fantos13|Catch the Zen Headbutt
|choice|move knockoff|move fireblast
|
|move|p2a: Torchic|Fire Blast|p1a: Hercule
|-damage|p1a: Hercule|11\/24
|move|p1a: Hercule|Knock Off|p2a: Torchic
|-damage|p2a: Torchic|14\/21
|-enditem|p2a: Torchic|Eviolite|[from] move: Knock Off|[of] p1a: Hercule
|
|-ability|p2a: Torchic|Speed Boost|boost
|-boost|p2a: Torchic|spe|1
|upkeep
|turn|2
|c|★HaUnT★|My last meal was 10pm last night
|c| eliwood_of_pherae|Fat birb
|c|★HaUnT★|I'm actually so hungry right now
|choice|switch 2|move fireblast
|
|switch|p1a: Givenchy|Spritzee, L5, M|27\/27
|move|p2a: Torchic|Fire Blast|p1a: Givenchy
|-damage|p1a: Givenchy|15\/27
|
|-ability|p2a: Torchic|Speed Boost|boost
|-boost|p2a: Torchic|spe|1
|upkeep
|turn|3
|c| Mortagon|no excuses
|c| eliwood_of_pherae|Hungry for victory?
|c| Sabertwooth|Feed off the flesh of the dead pokemon
|c| Sabertwooth|Actually I want Tazer to win, fuck you Haunt
|c| eliwood_of_pherae|I'm rooting haunt, of course
|c| snarkophagus|me too eli
|c| Ruby Rebel|hes using torchic
|c|★HaUnT★|I'm not sure here
|c| Ruby Rebel|i cant root for him
|c| Sabertwooth|Switch into Elgyem bro
|choice|move wish|move substitute
|
|move|p2a: Torchic|Substitute|p2a: Torchic
|-start|p2a: Torchic|Substitute
|-damage|p2a: Torchic|9\/21
|move|p1a: Givenchy|Wish|p1a: Givenchy
|
|-ability|p2a: Torchic|Speed Boost|boost
|-boost|p2a: Torchic|spe|1
|upkeep
|turn|4
|c| Sabertwooth|Or not
|c| eliwood_of_pherae|wewewew
|choice|move moonblast|move swordsdance
|
|move|p2a: Torchic|Swords Dance|p2a: Torchic
|-boost|p2a: Torchic|atk|2
|move|p1a: Givenchy|Moonblast|p2a: Torchic
|-resisted|p2a: Torchic
|-end|p2a: Torchic|Substitute
|
|-heal|p1a: Givenchy|27\/27|[from] move: Wish|[wisher] Givenchy
|-ability|p2a: Torchic|Speed Boost|boost
|-boost|p2a: Torchic|spe|1
|upkeep
|turn|5
|c| eliwood_of_pherae|SWEEP INCOMING
|c| Mortagon|>fire blast
|c| Mortagon|>swords dance
|c| eliwood_of_pherae|EVERYBODY GET DOWN
|c|★HaUnT★|Look through the list of moves it gets
|c|★HaUnT★|Tell me
|c|★HaUnT★|What I should be using
|c| Sabertwooth|He's sweating bullets
|c|★HaUnT★|I'll be waiting right here
|c| Mortagon|tackle
|c| eliwood_of_pherae|flame charge
|c|★HaUnT★|shit ur rite
|c| snarkophagus|flame charge is kinda redundant with speed boost
|choice|move moonblast|move swordsdance
|
|move|p2a: Torchic|Swords Dance|p2a: Torchic
|-boost|p2a: Torchic|atk|2
|move|p1a: Givenchy|Moonblast|p2a: Torchic
|-resisted|p2a: Torchic
|-damage|p2a: Torchic|3\/21
|-unboost|p2a: Torchic|spa|1
|
|-ability|p2a: Torchic|Speed Boost|boost
|-boost|p2a: Torchic|spe|1
|upkeep
|turn|6
|c| eliwood_of_pherae|tackle is clearly the better option
|c| eliwood_of_pherae|Fucking rip
|choice|move moonblast|move batonpass
|
|move|p2a: Torchic|Baton Pass|p2a: Torchic
|choice||switch 6
|
|switch|p2a: Grimer|Grimer, L5, F|25\/25
|move|p1a: Givenchy|Moonblast|p2a: Grimer
|-resisted|p2a: Grimer
|-damage|p2a: Grimer|19\/25
|-unboost|p2a: Grimer|spa|1
|
|upkeep
|turn|7
|c| Sabertwooth|Here we go boys
|c| eliwood_of_pherae|Nice
|c| Sabertwooth|The grimer sweep
|c| eliwood_of_pherae|No stopping the slime train
|c| eliwood_of_pherae|CHOO CHOO
|choice|switch 4|move gunkshot
|
|switch|p1a: LeBronze James|Bronzor, L5|24\/24
|move|p2a: Grimer|Gunk Shot|p1a: LeBronze James
|-immune|p1a: LeBronze James|[msg]
|
|upkeep
|turn|8
|c| Mortagon|does it get
|c| Mortagon|anything
|c|★HaUnT★|nothing
|c| eliwood_of_pherae|Fire punch
|c| Ruby Rebel|why did they do my man alphonse so dirty
|c|★HaUnT★|n o t h i n g
|c| Ruby Rebel|he deserves more than 0 speed
|choice|move stealthrock|move firepunch
|
|move|p2a: Grimer|Fire Punch|p1a: LeBronze James
|-supereffective|p1a: LeBronze James
|-damage|p1a: LeBronze James|2\/24
|move|p1a: LeBronze James|Stealth Rock|p2a: Grimer
|-sidestart|p2: HaUnT★|move: Stealth Rock
|
|upkeep
|turn|9
|c| eliwood_of_pherae|Wew
|c| Mortagon|he rock'd
|c| Mortagon|what
|choice|move psychic|move firepunch
|
|move|p2a: Grimer|Fire Punch|p1a: LeBronze James
|-supereffective|p1a: LeBronze James
|-damage|p1a: LeBronze James|0 fnt
|faint|p1a: LeBronze James
|
|upkeep
|c| Mortagon|?
|c| eliwood_of_pherae|That was an interesting move
|c| Fantos13|Not scared of it at all
|c| Ruby Rebel|killed torchic
|choice|switch 6|
|
|switch|p1a: CanIAxewAQuestion|Axew, L5, M|24\/24
|-ability|p1a: CanIAxewAQuestion|Mold Breaker
|turn|10
|c| eliwood_of_pherae|Yeah but now he has a slime ball blazing around at the speed of light
|c| Ruby Rebel|rocks > winning
|c|★HaUnT★|That isn't good
|choice|move roar|move gunkshot
|
|move|p2a: Grimer|Gunk Shot|p1a: CanIAxewAQuestion
|-damage|p1a: CanIAxewAQuestion|0 fnt
|faint|p1a: CanIAxewAQuestion
|
|upkeep
|c|★tazerz95|+2 196+ Atk Grimer Gunk Shot vs. 228 HP \/ 196+ Def Eviolite Axew: 19-24 (79.1 - 100%) -- 6.3% chance to OHKO
|c|★tazerz95|sigh
|c| Fantos13|Not even a sash mon?
|c| Mortagon|shoulda brought jab
|c|★HaUnT★|+4
|c| Mortagon|reminder to ban BP
|c|★HaUnT★|Taze
|c|★tazerz95|oh yeah
|c|★HaUnT★|+4
|c|★tazerz95|rip
|c| Ruby Rebel|lol
|c| eliwood_of_pherae|Numbers, amirite
|c| Fantos13|gg
|c| Mortagon|now you know how i feel
|c| Mortagon|but i put up more of a fight
|c|★tazerz95|oh well
|c| Ruby Rebel|fuck bp
|choice|switch 3|
|
|switch|p1a: ShyGuy|Lileep, L5, M|26\/26
|turn|11
|c|★HaUnT★|80% move
|c| Ruby Rebel|in every tier
|c|★HaUnT★|There's a comeback chance
|c| snarkophagus|And this is how the season 3 championship should have gone for me...
|choice|move ancientpower|move gunkshot
|
|move|p2a: Grimer|Gunk Shot|p1a: ShyGuy
|-damage|p1a: ShyGuy|0 fnt
|faint|p1a: ShyGuy
|
|upkeep
|choice|switch 5|
|
|switch|p1a: Ion|Elekid, L5, M|21\/21
|turn|12
|c| eliwood_of_pherae|This might be the very first grimer sweep in lc history
|choice|move psychic|move firepunch
|
|move|p2a: Grimer|Fire Punch|p1a: Ion
|-damage|p1a: Ion|0 fnt
|faint|p1a: Ion
|
|upkeep
|choice|switch 4|
|
|switch|p1a: Givenchy|Spritzee, L5, M|27\/27
|turn|13
|c| chompoo|what an interesting game!
|l|chompoo
|c| Sabertwooth|lol
|c| Mortagon|nice
|c| eliwood_of_pherae|The bm
|choice|move moonblast|move gunkshot
|
|move|p2a: Grimer|Gunk Shot|p1a: Givenchy
|-supereffective|p1a: Givenchy
|-damage|p1a: Givenchy|0 fnt
|faint|p1a: Givenchy
|
|upkeep
|c| DenisAKAtheMenace|Really hard fought game imo
|choice|switch 2|
|
|switch|p1a: Hercule|Timburr, L5, M|11\/24
|turn|14
|choice|move knockoff|move firepunch
|
|move|p2a: Grimer|Fire Punch|p1a: Hercule
|-damage|p1a: Hercule|0 fnt
|faint|p1a: Hercule
|
|win|HaUnT★
|c|★HaUnT★|gg
|c|★HaUnT★|grimer gotcha
|c|★tazerz95|gg
|player|p1
|player|p2
|l|tazerz95
|c|★HaUnT★|You wanted a compilation
|c|★HaUnT★|This entire match
|l|DenisAKAtheMenace
|l|snarkophagus
|c| eliwood_of_pherae|The 6-0 grimer sweep
|l|Sabertwooth
|l|Mortagon</script>
</div>
<div class="battle-log battle-log-inline"><div class="inner"><div class="battle-options"></div><div class="inner"><div class="chat"><small>tazerz95 joined.</small></div><div class="chat"><small>HaUnT★ joined.</small></div><div class=""><small>Format:</small> <br><strong>LC</strong></div><div class=""><small><em>Sleep Clause Mod:</em> Limit one foe put to sleep</small></div><div class=""><small><em>Species Clause:</em> Limit one of each Pokémon</small></div><div class=""><small><em>OHKO Clause:</em> OHKO moves are banned</small></div><div class=""><small><em>Moody Clause:</em> Moody is banned</small></div><div class=""><small><em>Evasion Moves Clause:</em> Evasion moves are banned</small></div><div class=""><small><em>Endless Battle Clause:</em> Forcing endless battles is banned</small></div><div class=""><small><em>HP Percentage Mod:</em> HP is shown in percentages</small></div><div class="chat battle-history"><strong>tazerz95's team:</strong> <em style="color:#445566;display:block;">Timburr / Spritzee / Lileep / Bronzor / Elekid / Axew</em></div><div class="chat battle-history"><strong>HaUnT★'s team:</strong> <em style="color:#445566;display:block;">Torchic / Baltoy / Bunnelby / Elgyem / Scraggy / Grimer</em></div><div class="chat chatmessage-tazerz95"><strong style="color:hsl(67,75%,31%)"><small>★</small><span class="username" data-name="tazerz95">tazerz95</span>:</strong> <em>glhf</em></div><div class="chat"><small>eliwood_of_pherae joined.</small></div><div class="chat chatmessage-tazerz95"><strong style="color:hsl(67,75%,31%)"><small>★</small><span class="username" data-name="tazerz95">tazerz95</span>:</strong> <em>no snubbul</em></div><div class="chat chatmessage-tazerz95"><strong style="color:hsl(67,75%,31%)"><small>★</small><span class="username" data-name="tazerz95">tazerz95</span>:</strong> <em>nice</em></div><div class="chat chatmessage-haunt"><strong style="color:hsl(322,72%,43.8302968676323%)"><small>★</small><span class="username" data-name="HaUnT★">HaUnT★</span>:</strong> <em>yeah</em></div><div class="chat chatmessage-haunt"><strong style="color:hsl(322,72%,43.8302968676323%)"><small>★</small><span class="username" data-name="HaUnT★">HaUnT★</span>:</strong> <em>That was the heat</em></div><div class="chat"><small>Mortagon joined.</small></div><div class="chat chatmessage-mortagon"><strong style="color:hsl(82,47%,41%)"><small> </small><span class="username" data-name="Mortagon">Mortagon</span>:</strong> <em>let's go</em></div><div class="chat"><small>Fantos13 joined.</small></div><div class="chat"><small>DendeTM joined.</small></div><div class="chat"><small>Ruby Rebel joined.</small></div><div class="chat"><small>chompoo joined.</small></div><div class="chat chatmessage-haunt"><strong style="color:hsl(322,72%,43.8302968676323%)"><small>★</small><span class="username" data-name="HaUnT★">HaUnT★</span>:</strong> <em>wow way to not respond</em></div><div class="chat chatmessage-eliwoodofpherae"><strong style="color:hsl(193,67%,45.54202110162206%)"><small> </small><span class="username" data-name="eliwood_of_pherae">eliwood_of_pherae</span>:</strong> <em>LETS GO CHAMPIONSHIP NOW</em></div><div class="chat"><small>Sabertwooth joined.</small></div><div class="chat chatmessage-haunt"><strong style="color:hsl(322,72%,43.8302968676323%)"><small>★</small><span class="username" data-name="HaUnT★">HaUnT★</span>:</strong> <em>You massive piece of shit</em></div><div class="chat"><small>snarkophagus joined.</small></div><div class="chat"><small>skurleton joined.</small></div><div class="spacer battle-history"><br></div><div class="battle-history">Battle started between tazerz95 and HaUnT★!<br></div><div class="spacer battle-history"><br></div><div class="battle-history">Go! Hercule (<strong>Timburr</strong>)!<br></div><div class="spacer battle-history"><br></div><div class="battle-history">HaUnT★ sent out <strong>Torchic</strong>!<br></div><div class="spacer battle-history"><br></div><h2 class="battle-history">Turn 1</h2><div class="chat chatmessage-sabertwooth"><strong style="color:hsl(229,40%,56.28101328445227%)"><small> </small><span class="username" data-name="Sabertwooth">Sabertwooth</span>:</strong> <em>He did not bring Glameow</em></div><div class="chat chatmessage-rubyrebel"><strong style="color:hsl(19,80%,44.88489047040001%)"><small> </small><span class="username" data-name="Ruby Rebel">Ruby Rebel</span>:</strong> <em>torchic</em></div><div class="chat chatmessage-rubyrebel"><strong style="color:hsl(19,80%,44.88489047040001%)"><small> </small><span class="username" data-name="Ruby Rebel">Ruby Rebel</span>:</strong> <em>click x</em></div><div class="chat chatmessage-sabertwooth"><strong style="color:hsl(229,40%,56.28101328445227%)"><small> </small><span class="username" data-name="Sabertwooth">Sabertwooth</span>:</strong> <em>feelsbadman</em></div><div class="chat chatmessage-tazerz95"><strong style="color:hsl(67,75%,31%)"><small>★</small><span class="username" data-name="tazerz95">tazerz95</span>:</strong> <em>did you link the battle in joey's discord lmao</em></div><div class="chat chatmessage-eliwoodofpherae"><strong style="color:hsl(193,67%,45.54202110162206%)"><small> </small><span class="username" data-name="eliwood_of_pherae">eliwood_of_pherae</span>:</strong> <em>Look everybody came to watch taze throw</em></div><div class="chat chatmessage-eliwoodofpherae"><strong style="color:hsl(193,67%,45.54202110162206%)"><small> </small><span class="username" data-name="eliwood_of_pherae">eliwood_of_pherae</span>:</strong> <em>Use will o wisp</em></div><div class="chat chatmessage-haunt"><strong style="color:hsl(322,72%,43.8302968676323%)"><small>★</small><span class="username" data-name="HaUnT★">HaUnT★</span>:</strong> <em>I'm throwing harder</em></div><div class="chat chatmessage-mortagon"><strong style="color:hsl(82,47%,41%)"><small> </small><span class="username" data-name="Mortagon">Mortagon</span>:</strong> <em>ye i did</em></div><div class="chat chatmessage-sabertwooth"><strong style="color:hsl(229,40%,56.28101328445227%)"><small> </small><span class="username" data-name="Sabertwooth">Sabertwooth</span>:</strong> <em>BATON PASS</em></div><div class="chat chatmessage-chompoo"><strong style="color:hsl(310,55%,43.073221558425004%)"><small> </small><span class="username" data-name="chompoo">chompoo</span>:</strong> <em>catch the L tazerz, u baboon</em></div><div class="chat chatmessage-tazerz95"><strong style="color:hsl(67,75%,31%)"><small>★</small><span class="username" data-name="tazerz95">tazerz95</span>:</strong> <em>wow</em></div><div class="chat chatmessage-fantos13"><strong style="color:hsl(200,51%,42.18406568658126%)"><small> </small><span class="username" data-name="Fantos13">Fantos13</span>:</strong> <em>Catch the Zen Headbutt</em></div><div class="spacer battle-history"><br></div><div class="battle-history">The opposing Torchic used <strong>Fire Blast</strong>!<br></div><div class="battle-history"><small>(Hercule lost <abbr title="−13/24">54.2%</abbr> of its health!)</small><br></div><div class="spacer battle-history"><br></div><div class="battle-history">Hercule used <strong>Knock Off</strong>!<br></div><div class="battle-history"><small>(The opposing Torchic lost <abbr title="−7/21">33.3%</abbr> of its health!)</small><br></div><div class="battle-history"><small>Hercule knocked off the opposing Torchic's Eviolite!</small><br></div><div class="spacer battle-history"><br></div><div class="battle-history"><small>[The opposing Torchic's Speed Boost]</small><br></div><div class="battle-history"><small>The opposing Torchic's Speed rose!</small><br></div><div class="spacer battle-history"><br></div><h2 class="battle-history">Turn 2</h2><div class="chat chatmessage-haunt"><strong style="color:hsl(322,72%,43.8302968676323%)"><small>★</small><span class="username" data-name="HaUnT★">HaUnT★</span>:</strong> <em>My last meal was 10pm last night</em></div><div class="chat chatmessage-eliwoodofpherae"><strong style="color:hsl(193,67%,45.54202110162206%)"><small> </small><span class="username" data-name="eliwood_of_pherae">eliwood_of_pherae</span>:</strong> <em>Fat birb</em></div><div class="chat chatmessage-haunt"><strong style="color:hsl(322,72%,43.8302968676323%)"><small>★</small><span class="username" data-name="HaUnT★">HaUnT★</span>:</strong> <em>I'm actually so hungry right now</em></div><div class="spacer battle-history"><br></div><div class="battle-history">Hercule, come back!<br></div><div class="battle-history">Go! Givenchy (<strong>Spritzee</strong>)!<br></div><div class="spacer battle-history"><br></div><div class="battle-history">The opposing Torchic used <strong>Fire Blast</strong>!<br></div><div class="battle-history"><small>(Givenchy lost <abbr title="−12/27">44.4%</abbr> of its health!)</small><br></div><div class="spacer battle-history"><br></div><div class="battle-history"><small>[The opposing Torchic's Speed Boost]</small><br></div><div class="battle-history"><small>The opposing Torchic's Speed rose!</small><br></div><div class="spacer battle-history"><br></div><h2 class="battle-history">Turn 3</h2><div class="chat chatmessage-mortagon"><strong style="color:hsl(82,47%,41%)"><small> </small><span class="username" data-name="Mortagon">Mortagon</span>:</strong> <em>no excuses</em></div><div class="chat chatmessage-eliwoodofpherae"><strong style="color:hsl(193,67%,45.54202110162206%)"><small> </small><span class="username" data-name="eliwood_of_pherae">eliwood_of_pherae</span>:</strong> <em>Hungry for victory?</em></div><div class="chat chatmessage-sabertwooth"><strong style="color:hsl(229,40%,56.28101328445227%)"><small> </small><span class="username" data-name="Sabertwooth">Sabertwooth</span>:</strong> <em>Feed off the flesh of the dead pokemon</em></div><div class="chat chatmessage-sabertwooth"><strong style="color:hsl(229,40%,56.28101328445227%)"><small> </small><span class="username" data-name="Sabertwooth">Sabertwooth</span>:</strong> <em>Actually I want Tazer to win, fuck you Haunt</em></div><div class="chat chatmessage-eliwoodofpherae"><strong style="color:hsl(193,67%,45.54202110162206%)"><small> </small><span class="username" data-name="eliwood_of_pherae">eliwood_of_pherae</span>:</strong> <em>I'm rooting haunt, of course</em></div><div class="chat chatmessage-snarkophagus"><strong style="color:hsl(137,71%,38.57597042925445%)"><small> </small><span class="username" data-name="snarkophagus">snarkophagus</span>:</strong> <em>me too eli</em></div><div class="chat chatmessage-rubyrebel"><strong style="color:hsl(19,80%,44.88489047040001%)"><small> </small><span class="username" data-name="Ruby Rebel">Ruby Rebel</span>:</strong> <em>hes using torchic</em></div><div class="chat chatmessage-haunt"><strong style="color:hsl(322,72%,43.8302968676323%)"><small>★</small><span class="username" data-name="HaUnT★">HaUnT★</span>:</strong> <em>I'm not sure here</em></div><div class="chat chatmessage-rubyrebel"><strong style="color:hsl(19,80%,44.88489047040001%)"><small> </small><span class="username" data-name="Ruby Rebel">Ruby Rebel</span>:</strong> <em>i cant root for him</em></div><div class="chat chatmessage-sabertwooth"><strong style="color:hsl(229,40%,56.28101328445227%)"><small> </small><span class="username" data-name="Sabertwooth">Sabertwooth</span>:</strong> <em>Switch into Elgyem bro</em></div><div class="spacer battle-history"><br></div><div class="battle-history">The opposing Torchic used <strong>Substitute</strong>!<br></div><div class="battle-history"><small>The opposing Torchic put in a substitute!</small><br></div><div class="battle-history"><small>(The opposing Torchic lost <abbr title="−5/21">23.8%</abbr> of its health!)</small><br></div><div class="spacer battle-history"><br></div><div class="battle-history">Givenchy used <strong>Wish</strong>!<br></div><div class="spacer battle-history"><br></div><div class="battle-history"><small>[The opposing Torchic's Speed Boost]</small><br></div><div class="battle-history"><small>The opposing Torchic's Speed rose!</small><br></div><div class="spacer battle-history"><br></div><h2 class="battle-history">Turn 4</h2><div class="chat chatmessage-sabertwooth"><strong style="color:hsl(229,40%,56.28101328445227%)"><small> </small><span class="username" data-name="Sabertwooth">Sabertwooth</span>:</strong> <em>Or not</em></div><div class="chat chatmessage-eliwoodofpherae"><strong style="color:hsl(193,67%,45.54202110162206%)"><small> </small><span class="username" data-name="eliwood_of_pherae">eliwood_of_pherae</span>:</strong> <em>wewewew</em></div><div class="spacer battle-history"><br></div><div class="battle-history">The opposing Torchic used <strong>Swords Dance</strong>!<br></div><div class="battle-history"><small>The opposing Torchic's Attack rose sharply!</small><br></div><div class="spacer battle-history"><br></div><div class="battle-history">Givenchy used <strong>Moonblast</strong>!<br></div><div class="battle-history"><small>It's not very effective...</small><br></div><div class="battle-history"><small>The opposing Torchic's substitute faded!</small><br></div><div class="spacer battle-history"><br></div><div class="battle-history"><small>Givenchy's wish came true!</small><br></div><div class="battle-history"><small>[The opposing Torchic's Speed Boost]</small><br></div><div class="battle-history"><small>The opposing Torchic's Speed rose!</small><br></div><div class="spacer battle-history"><br></div><h2 class="battle-history">Turn 5</h2><div class="chat chatmessage-eliwoodofpherae"><strong style="color:hsl(193,67%,45.54202110162206%)"><small> </small><span class="username" data-name="eliwood_of_pherae">eliwood_of_pherae</span>:</strong> <em>SWEEP INCOMING</em></div><div class="chat chatmessage-mortagon"><strong style="color:hsl(82,47%,41%)"><small> </small><span class="username" data-name="Mortagon">Mortagon</span>:</strong> <em><span class="greentext">&gt;fire blast</span></em></div><div class="chat chatmessage-mortagon"><strong style="color:hsl(82,47%,41%)"><small> </small><span class="username" data-name="Mortagon">Mortagon</span>:</strong> <em><span class="greentext">&gt;swords dance</span></em></div><div class="chat chatmessage-eliwoodofpherae"><strong style="color:hsl(193,67%,45.54202110162206%)"><small> </small><span class="username" data-name="eliwood_of_pherae">eliwood_of_pherae</span>:</strong> <em>EVERYBODY GET DOWN</em></div><div class="chat chatmessage-haunt"><strong style="color:hsl(322,72%,43.8302968676323%)"><small>★</small><span class="username" data-name="HaUnT★">HaUnT★</span>:</strong> <em>Look through the list of moves it gets</em></div><div class="chat chatmessage-haunt"><strong style="color:hsl(322,72%,43.8302968676323%)"><small>★</small><span class="username" data-name="HaUnT★">HaUnT★</span>:</strong> <em>Tell me</em></div><div class="chat chatmessage-haunt"><strong style="color:hsl(322,72%,43.8302968676323%)"><small>★</small><span class="username" data-name="HaUnT★">HaUnT★</span>:</strong> <em>What I should be using</em></div><div class="chat chatmessage-sabertwooth"><strong style="color:hsl(229,40%,56.28101328445227%)"><small> </small><span class="username" data-name="Sabertwooth">Sabertwooth</span>:</strong> <em>He's sweating bullets</em></div><div class="chat chatmessage-haunt"><strong style="color:hsl(322,72%,43.8302968676323%)"><small>★</small><span class="username" data-name="HaUnT★">HaUnT★</span>:</strong> <em>I'll be waiting right here</em></div><div class="chat chatmessage-mortagon"><strong style="color:hsl(82,47%,41%)"><small> </small><span class="username" data-name="Mortagon">Mortagon</span>:</strong> <em>tackle</em></div><div class="chat chatmessage-eliwoodofpherae"><strong style="color:hsl(193,67%,45.54202110162206%)"><small> </small><span class="username" data-name="eliwood_of_pherae">eliwood_of_pherae</span>:</strong> <em>flame charge</em></div><div class="chat chatmessage-haunt"><strong style="color:hsl(322,72%,43.8302968676323%)"><small>★</small><span class="username" data-name="HaUnT★">HaUnT★</span>:</strong> <em>shit ur rite</em></div><div class="chat chatmessage-snarkophagus"><strong style="color:hsl(137,71%,38.57597042925445%)"><small> </small><span class="username" data-name="snarkophagus">snarkophagus</span>:</strong> <em>flame charge is kinda redundant with speed boost</em></div><div class="spacer battle-history"><br></div><div class="battle-history">The opposing Torchic used <strong>Swords Dance</strong>!<br></div><div class="battle-history"><small>The opposing Torchic's Attack rose sharply!</small><br></div><div class="spacer battle-history"><br></div><div class="battle-history">Givenchy used <strong>Moonblast</strong>!<br></div><div class="battle-history"><small>It's not very effective...</small><br></div><div class="battle-history"><small>(The opposing Torchic lost <abbr title="−6/21">28.6%</abbr> of its health!)</small><br></div><div class="battle-history"><small>The opposing Torchic's Special Attack fell!</small><br></div><div class="spacer battle-history"><br></div><div class="battle-history"><small>[The opposing Torchic's Speed Boost]</small><br></div><div class="battle-history"><small>The opposing Torchic's Speed rose!</small><br></div><div class="spacer battle-history"><br></div><h2 class="battle-history">Turn 6</h2><div class="chat chatmessage-eliwoodofpherae"><strong style="color:hsl(193,67%,45.54202110162206%)"><small> </small><span class="username" data-name="eliwood_of_pherae">eliwood_of_pherae</span>:</strong> <em>tackle is clearly the better option</em></div><div class="chat chatmessage-eliwoodofpherae"><strong style="color:hsl(193,67%,45.54202110162206%)"><small> </small><span class="username" data-name="eliwood_of_pherae">eliwood_of_pherae</span>:</strong> <em>Fucking rip</em></div><div class="spacer battle-history"><br></div><div class="battle-history">The opposing Torchic used <strong>Baton Pass</strong>!<br></div><div class="spacer battle-history"><br></div><div class="battle-history">HaUnT★ sent out <strong>Grimer</strong>!<br></div><div class="spacer battle-history"><br></div><div class="battle-history">Givenchy used <strong>Moonblast</strong>!<br></div><div class="battle-history"><small>It's not very effective...</small><br></div><div class="battle-history"><small>(The opposing Grimer lost <abbr title="−6/25">24%</abbr> of its health!)</small><br></div><div class="battle-history"><small>The opposing Grimer's Special Attack fell!</small><br></div><div class="spacer battle-history"><br></div><h2 class="battle-history">Turn 7</h2><div class="chat chatmessage-sabertwooth"><strong style="color:hsl(229,40%,56.28101328445227%)"><small> </small><span class="username" data-name="Sabertwooth">Sabertwooth</span>:</strong> <em>Here we go boys</em></div><div class="chat chatmessage-eliwoodofpherae"><strong style="color:hsl(193,67%,45.54202110162206%)"><small> </small><span class="username" data-name="eliwood_of_pherae">eliwood_of_pherae</span>:</strong> <em>Nice</em></div><div class="chat chatmessage-sabertwooth"><strong style="color:hsl(229,40%,56.28101328445227%)"><small> </small><span class="username" data-name="Sabertwooth">Sabertwooth</span>:</strong> <em>The grimer sweep</em></div><div class="chat chatmessage-eliwoodofpherae"><strong style="color:hsl(193,67%,45.54202110162206%)"><small> </small><span class="username" data-name="eliwood_of_pherae">eliwood_of_pherae</span>:</strong> <em>No stopping the slime train</em></div><div class="chat chatmessage-eliwoodofpherae"><strong style="color:hsl(193,67%,45.54202110162206%)"><small> </small><span class="username" data-name="eliwood_of_pherae">eliwood_of_pherae</span>:</strong> <em>CHOO CHOO</em></div><div class="spacer battle-history"><br></div><div class="battle-history">Givenchy, come back!<br></div><div class="battle-history">Go! LeBronze James (<strong>Bronzor</strong>)!<br></div><div class="spacer battle-history"><br></div><div class="battle-history">The opposing Grimer used <strong>Gunk Shot</strong>!<br></div><div class="battle-history"><small>It doesn't affect LeBronze James...</small><br></div><div class="spacer battle-history"><br></div><h2 class="battle-history">Turn 8</h2><div class="chat chatmessage-mortagon"><strong style="color:hsl(82,47%,41%)"><small> </small><span class="username" data-name="Mortagon">Mortagon</span>:</strong> <em>does it get</em></div><div class="chat chatmessage-mortagon"><strong style="color:hsl(82,47%,41%)"><small> </small><span class="username" data-name="Mortagon">Mortagon</span>:</strong> <em>anything</em></div><div class="chat chatmessage-haunt"><strong style="color:hsl(322,72%,43.8302968676323%)"><small>★</small><span class="username" data-name="HaUnT★">HaUnT★</span>:</strong> <em>nothing</em></div><div class="chat chatmessage-eliwoodofpherae"><strong style="color:hsl(193,67%,45.54202110162206%)"><small> </small><span class="username" data-name="eliwood_of_pherae">eliwood_of_pherae</span>:</strong> <em>Fire punch</em></div><div class="chat chatmessage-rubyrebel"><strong style="color:hsl(19,80%,44.88489047040001%)"><small> </small><span class="username" data-name="Ruby Rebel">Ruby Rebel</span>:</strong> <em>why did they do my man alphonse so dirty</em></div><div class="chat chatmessage-haunt"><strong style="color:hsl(322,72%,43.8302968676323%)"><small>★</small><span class="username" data-name="HaUnT★">HaUnT★</span>:</strong> <em>n o t h i n g</em></div><div class="chat chatmessage-rubyrebel"><strong style="color:hsl(19,80%,44.88489047040001%)"><small> </small><span class="username" data-name="Ruby Rebel">Ruby Rebel</span>:</strong> <em>he deserves more than 0 speed</em></div><div class="spacer battle-history"><br></div><div class="battle-history">The opposing Grimer used <strong>Fire Punch</strong>!<br></div><div class="battle-history"><small>It's super effective!</small><br></div><div class="battle-history"><small>(LeBronze James lost <abbr title="−22/24">91.7%</abbr> of its health!)</small><br></div><div class="spacer battle-history"><br></div><div class="battle-history">LeBronze James used <strong>Stealth Rock</strong>!<br></div><div class="battle-history"><small>Pointed stones float in the air around the opposing team!</small><br></div><div class="spacer battle-history"><br></div><h2 class="battle-history">Turn 9</h2><div class="chat chatmessage-eliwoodofpherae"><strong style="color:hsl(193,67%,45.54202110162206%)"><small> </small><span class="username" data-name="eliwood_of_pherae">eliwood_of_pherae</span>:</strong> <em>Wew</em></div><div class="chat chatmessage-mortagon"><strong style="color:hsl(82,47%,41%)"><small> </small><span class="username" data-name="Mortagon">Mortagon</span>:</strong> <em>he rock'd</em></div><div class="chat chatmessage-mortagon"><strong style="color:hsl(82,47%,41%)"><small> </small><span class="username" data-name="Mortagon">Mortagon</span>:</strong> <em>what</em></div><div class="spacer battle-history"><br></div><div class="battle-history">The opposing Grimer used <strong>Fire Punch</strong>!<br></div><div class="battle-history"><small>It's super effective!</small><br></div><div class="battle-history"><small>(LeBronze James lost <abbr title="−2/24">8.3%</abbr> of its health!)</small><br></div><div class="spacer battle-history"><br></div><div class="battle-history">LeBronze James fainted!<br></div><div class="chat chatmessage-mortagon"><strong style="color:hsl(82,47%,41%)"><small> </small><span class="username" data-name="Mortagon">Mortagon</span>:</strong> <em>?</em></div><div class="chat chatmessage-eliwoodofpherae"><strong style="color:hsl(193,67%,45.54202110162206%)"><small> </small><span class="username" data-name="eliwood_of_pherae">eliwood_of_pherae</span>:</strong> <em>That was an interesting move</em></div><div class="chat chatmessage-fantos13"><strong style="color:hsl(200,51%,42.18406568658126%)"><small> </small><span class="username" data-name="Fantos13">Fantos13</span>:</strong> <em>Not scared of it at all</em></div><div class="chat chatmessage-rubyrebel"><strong style="color:hsl(19,80%,44.88489047040001%)"><small> </small><span class="username" data-name="Ruby Rebel">Ruby Rebel</span>:</strong> <em>killed torchic</em></div><div class="spacer battle-history"><br></div><div class="battle-history">Go! CanIAxewAQuestion (<strong>Axew</strong>)!<br></div><div class="battle-history"><small>[CanIAxewAQuestion's Mold Breaker]</small><br><small>CanIAxewAQuestion breaks the mold!</small><br></div><div class="spacer battle-history"><br></div><h2 class="battle-history">Turn 10</h2><div class="chat chatmessage-eliwoodofpherae"><strong style="color:hsl(193,67%,45.54202110162206%)"><small> </small><span class="username" data-name="eliwood_of_pherae">eliwood_of_pherae</span>:</strong> <em>Yeah but now he has a slime ball blazing around at the speed of light</em></div><div class="chat chatmessage-rubyrebel"><strong style="color:hsl(19,80%,44.88489047040001%)"><small> </small><span class="username" data-name="Ruby Rebel">Ruby Rebel</span>:</strong> <em>rocks &gt; winning</em></div><div class="chat chatmessage-haunt"><strong style="color:hsl(322,72%,43.8302968676323%)"><small>★</small><span class="username" data-name="HaUnT★">HaUnT★</span>:</strong> <em>That isn't good</em></div><div class="spacer battle-history"><br></div><div class="battle-history">The opposing Grimer used <strong>Gunk Shot</strong>!<br></div><div class="battle-history"><small>(CanIAxewAQuestion lost <abbr title="−24/24">100%</abbr> of its health!)</small><br></div><div class="spacer battle-history"><br></div><div class="battle-history">CanIAxewAQuestion fainted!<br></div><div class="chat chatmessage-tazerz95"><strong style="color:hsl(67,75%,31%)"><small>★</small><span class="username" data-name="tazerz95">tazerz95</span>:</strong> <em>+2 196+ Atk Grimer Gunk Shot vs. 228 HP / 196+ Def Eviolite Axew: 19-24 (79.1 - 100%) -- 6.3% chance to OHKO</em></div><div class="chat chatmessage-tazerz95"><strong style="color:hsl(67,75%,31%)"><small>★</small><span class="username" data-name="tazerz95">tazerz95</span>:</strong> <em>sigh</em></div><div class="chat chatmessage-fantos13"><strong style="color:hsl(200,51%,42.18406568658126%)"><small> </small><span class="username" data-name="Fantos13">Fantos13</span>:</strong> <em>Not even a sash mon?</em></div><div class="chat chatmessage-mortagon"><strong style="color:hsl(82,47%,41%)"><small> </small><span class="username" data-name="Mortagon">Mortagon</span>:</strong> <em>shoulda brought jab</em></div><div class="chat chatmessage-haunt"><strong style="color:hsl(322,72%,43.8302968676323%)"><small>★</small><span class="username" data-name="HaUnT★">HaUnT★</span>:</strong> <em>+4</em></div><div class="chat chatmessage-mortagon"><strong style="color:hsl(82,47%,41%)"><small> </small><span class="username" data-name="Mortagon">Mortagon</span>:</strong> <em>reminder to ban BP</em></div><div class="chat chatmessage-haunt"><strong style="color:hsl(322,72%,43.8302968676323%)"><small>★</small><span class="username" data-name="HaUnT★">HaUnT★</span>:</strong> <em>Taze</em></div><div class="chat chatmessage-tazerz95"><strong style="color:hsl(67,75%,31%)"><small>★</small><span class="username" data-name="tazerz95">tazerz95</span>:</strong> <em>oh yeah</em></div><div class="chat chatmessage-haunt"><strong style="color:hsl(322,72%,43.8302968676323%)"><small>★</small><span class="username" data-name="HaUnT★">HaUnT★</span>:</strong> <em>+4</em></div><div class="chat chatmessage-tazerz95"><strong style="color:hsl(67,75%,31%)"><small>★</small><span class="username" data-name="tazerz95">tazerz95</span>:</strong> <em>rip</em></div><div class="chat chatmessage-rubyrebel"><strong style="color:hsl(19,80%,44.88489047040001%)"><small> </small><span class="username" data-name="Ruby Rebel">Ruby Rebel</span>:</strong> <em>lol</em></div><div class="chat chatmessage-eliwoodofpherae"><strong style="color:hsl(193,67%,45.54202110162206%)"><small> </small><span class="username" data-name="eliwood_of_pherae">eliwood_of_pherae</span>:</strong> <em>Numbers, amirite</em></div><div class="chat chatmessage-fantos13"><strong style="color:hsl(200,51%,42.18406568658126%)"><small> </small><span class="username" data-name="Fantos13">Fantos13</span>:</strong> <em>gg</em></div><div class="chat chatmessage-mortagon"><strong style="color:hsl(82,47%,41%)"><small> </small><span class="username" data-name="Mortagon">Mortagon</span>:</strong> <em>now you know how i feel</em></div><div class="chat chatmessage-mortagon"><strong style="color:hsl(82,47%,41%)"><small> </small><span class="username" data-name="Mortagon">Mortagon</span>:</strong> <em>but i put up more of a fight</em></div><div class="chat chatmessage-tazerz95"><strong style="color:hsl(67,75%,31%)"><small>★</small><span class="username" data-name="tazerz95">tazerz95</span>:</strong> <em>oh well</em></div><div class="chat chatmessage-rubyrebel"><strong style="color:hsl(19,80%,44.88489047040001%)"><small> </small><span class="username" data-name="Ruby Rebel">Ruby Rebel</span>:</strong> <em>fuck bp</em></div><div class="spacer battle-history"><br></div><div class="battle-history">Go! ShyGuy (<strong>Lileep</strong>)!<br></div><div class="spacer battle-history"><br></div><h2 class="battle-history">Turn 11</h2><div class="chat chatmessage-haunt"><strong style="color:hsl(322,72%,43.8302968676323%)"><small>★</small><span class="username" data-name="HaUnT★">HaUnT★</span>:</strong> <em>80% move</em></div><div class="chat chatmessage-rubyrebel"><strong style="color:hsl(19,80%,44.88489047040001%)"><small> </small><span class="username" data-name="Ruby Rebel">Ruby Rebel</span>:</strong> <em>in every tier</em></div><div class="chat chatmessage-haunt"><strong style="color:hsl(322,72%,43.8302968676323%)"><small>★</small><span class="username" data-name="HaUnT★">HaUnT★</span>:</strong> <em>There's a comeback chance</em></div><div class="chat chatmessage-snarkophagus"><strong style="color:hsl(137,71%,38.57597042925445%)"><small> </small><span class="username" data-name="snarkophagus">snarkophagus</span>:</strong> <em>And this is how the season 3 championship should have gone for me...</em></div><div class="spacer battle-history"><br></div><div class="battle-history">The opposing Grimer used <strong>Gunk Shot</strong>!<br></div><div class="battle-history"><small>(ShyGuy lost <abbr title="−26/26">100%</abbr> of its health!)</small><br></div><div class="spacer battle-history"><br></div><div class="battle-history">ShyGuy fainted!<br></div><div class="spacer battle-history"><br></div><div class="battle-history">Go! Ion (<strong>Elekid</strong>)!<br></div><div class="spacer battle-history"><br></div><h2 class="battle-history">Turn 12</h2><div class="chat chatmessage-eliwoodofpherae"><strong style="color:hsl(193,67%,45.54202110162206%)"><small> </small><span class="username" data-name="eliwood_of_pherae">eliwood_of_pherae</span>:</strong> <em>This might be the very first grimer sweep in lc history</em></div><div class="spacer battle-history"><br></div><div class="battle-history">The opposing Grimer used <strong>Fire Punch</strong>!<br></div><div class="battle-history"><small>(Ion lost <abbr title="−21/21">100%</abbr> of its health!)</small><br></div><div class="spacer battle-history"><br></div><div class="battle-history">Ion fainted!<br></div><div class="spacer battle-history"><br></div><div class="battle-history">Go! Givenchy (<strong>Spritzee</strong>)!<br></div><div class="spacer battle-history"><br></div><h2 class="battle-history">Turn 13</h2><div class="chat chatmessage-chompoo"><strong style="color:hsl(310,55%,43.073221558425004%)"><small> </small><span class="username" data-name="chompoo">chompoo</span>:</strong> <em>what an interesting game!</em></div><div class="chat"><small>chompoo left.</small></div><div class="chat chatmessage-sabertwooth"><strong style="color:hsl(229,40%,56.28101328445227%)"><small> </small><span class="username" data-name="Sabertwooth">Sabertwooth</span>:</strong> <em>lol</em></div><div class="chat chatmessage-mortagon"><strong style="color:hsl(82,47%,41%)"><small> </small><span class="username" data-name="Mortagon">Mortagon</span>:</strong> <em>nice</em></div><div class="chat chatmessage-eliwoodofpherae"><strong style="color:hsl(193,67%,45.54202110162206%)"><small> </small><span class="username" data-name="eliwood_of_pherae">eliwood_of_pherae</span>:</strong> <em>The bm</em></div><div class="spacer battle-history"><br></div><div class="battle-history">The opposing Grimer used <strong>Gunk Shot</strong>!<br></div><div class="battle-history"><small>It's super effective!</small><br></div><div class="battle-history"><small>(Givenchy lost <abbr title="−27/27">100%</abbr> of its health!)</small><br></div><div class="spacer battle-history"><br></div><div class="battle-history">Givenchy fainted!<br></div><div class="chat chatmessage-denisakathemenace"><strong style="color:hsl(345,47%,51.755992846473%)"><small> </small><span class="username" data-name="DenisAKAtheMenace">DenisAKAtheMenace</span>:</strong> <em>Really hard fought game imo</em></div><div class="spacer battle-history"><br></div><div class="battle-history">Go! Hercule (<strong>Timburr</strong>)!<br></div><div class="spacer battle-history"><br></div><h2 class="battle-history">Turn 14</h2><div class="spacer battle-history"><br></div><div class="battle-history">The opposing Grimer used <strong>Fire Punch</strong>!<br></div><div class="battle-history"><small>(Hercule lost <abbr title="−11/24">45.8%</abbr> of its health!)</small><br></div><div class="spacer battle-history"><br></div><div class="battle-history">Hercule fainted!<br></div><div class="spacer battle-history"><br></div><div class="battle-history"><strong>HaUnT★</strong> won the battle!<br></div><div class="chat chatmessage-haunt"><strong style="color:hsl(322,72%,43.8302968676323%)"><small>★</small><span class="username" data-name="HaUnT★">HaUnT★</span>:</strong> <em>gg</em></div><div class="chat chatmessage-haunt"><strong style="color:hsl(322,72%,43.8302968676323%)"><small>★</small><span class="username" data-name="HaUnT★">HaUnT★</span>:</strong> <em>grimer gotcha</em></div><div class="chat chatmessage-tazerz95"><strong style="color:hsl(67,75%,31%)"><small>★</small><span class="username" data-name="tazerz95">tazerz95</span>:</strong> <em>gg</em></div><div class="chat"><small>tazerz95 left.</small></div><div class="chat chatmessage-haunt"><strong style="color:hsl(322,72%,43.8302968676323%)"><small>★</small><span class="username" data-name="HaUnT★">HaUnT★</span>:</strong> <em>You wanted a compilation</em></div><div class="chat chatmessage-haunt"><strong style="color:hsl(322,72%,43.8302968676323%)"><small>★</small><span class="username" data-name="HaUnT★">HaUnT★</span>:</strong> <em>This entire match</em></div><div class="chat"><small>DenisAKAtheMenace left.</small></div><div class="chat"><small>snarkophagus left.</small></div><div class="chat chatmessage-eliwoodofpherae"><strong style="color:hsl(193,67%,45.54202110162206%)"><small> </small><span class="username" data-name="eliwood_of_pherae">eliwood_of_pherae</span>:</strong> <em>The 6-0 grimer sweep</em></div><div class="chat"><small>Sabertwooth left.</small></div><div class="chat"><small>Mortagon left.</small></div></div><div class="inner-preempt"></div></div></div>
</div>
<script>
let daily = Math.floor(Date.now()/1000/60/60/24);document.write('<script src="https://play.pokemonshowdown.com/js/replay-embed.js?version'+daily+'"></'+'script>');
</script>
