<!DOCTYPE html>
<meta charset="utf-8" />
<!-- version 1 -->
<title>LC replay: adewale vs. Drake07</title>
<style>
html,body {font-family:Verdana, sans-serif;font-size:10pt;margin:0;padding:0;}body{padding:12px 0;} .battle-log {font-family:Verdana, sans-serif;font-size:10pt;} .battle-log-inline {border:1px solid #AAAAAA;background:#EEF2F5;color:black;max-width:640px;margin:0 auto 80px;padding-bottom:5px;} .battle-log .inner {padding:4px 8px 0px 8px;} .battle-log .inner-preempt {padding:0 8px 4px 8px;} .battle-log .inner-after {margin-top:0.5em;} .battle-log h2 {margin:0.5em -8px;padding:4px 8px;border:1px solid #AAAAAA;background:#E0E7EA;border-left:0;border-right:0;font-family:Verdana, sans-serif;font-size:13pt;} .battle-log .chat {vertical-align:middle;padding:3px 0 3px 0;font-size:8pt;} .battle-log .chat strong {color:#40576A;} .battle-log .chat em {padding:1px 4px 1px 3px;color:#000000;font-style:normal;} .chat.mine {background:rgba(0,0,0,0.05);margin-left:-8px;margin-right:-8px;padding-left:8px;padding-right:8px;} .spoiler {color:#BBBBBB;background:#BBBBBB;padding:0px 3px;} .spoiler:hover, .spoiler:active, .spoiler-shown {color:#000000;background:#E2E2E2;padding:0px 3px;} .spoiler a {color:#BBBBBB;} .spoiler:hover a, .spoiler:active a, .spoiler-shown a {color:#2288CC;} .chat code, .chat .spoiler:hover code, .chat .spoiler:active code, .chat .spoiler-shown code {border:1px solid #C0C0C0;background:#EEEEEE;color:black;padding:0 2px;} .chat .spoiler code {border:1px solid #CCCCCC;background:#CCCCCC;color:#CCCCCC;} .battle-log .rated {padding:3px 4px;} .battle-log .rated strong {color:white;background:#89A;padding:1px 4px;border-radius:4px;} .spacer {margin-top:0.5em;} .message-announce {background:#6688AA;color:white;padding:1px 4px 2px;} .message-announce a, .broadcast-green a, .broadcast-blue a, .broadcast-red a {color:#DDEEFF;} .broadcast-green {background-color:#559955;color:white;padding:2px 4px;} .broadcast-blue {background-color:#6688AA;color:white;padding:2px 4px;} .infobox {border:1px solid #6688AA;padding:2px 4px;} .infobox-limited {max-height:200px;overflow:auto;overflow-x:hidden;} .broadcast-red {background-color:#AA5544;color:white;padding:2px 4px;} .message-learn-canlearn {font-weight:bold;color:#228822;text-decoration:underline;} .message-learn-cannotlearn {font-weight:bold;color:#CC2222;text-decoration:underline;} .message-effect-weak {font-weight:bold;color:#CC2222;} .message-effect-resist {font-weight:bold;color:#6688AA;} .message-effect-immune {font-weight:bold;color:#666666;} .message-learn-list {margin-top:0;margin-bottom:0;} .message-throttle-notice, .message-error {color:#992222;} .message-overflow, .chat small.message-overflow {font-size:0pt;} .message-overflow::before {font-size:9pt;content:'...';} .subtle {color:#3A4A66;}
</style>
<div class="wrapper replay-wrapper" style="max-width:1180px;margin:0 auto">
<input type="hidden" name="replayid" value="lc-524648126" />
<div class="battle"></div><div class="battle-log"></div><div class="replay-controls"></div><div class="replay-controls-2"></div>
<h1 style="font-weight:normal;text-align:center"><strong>LC</strong><br /><a href="http://pokemonshowdown.com/users/adewale" class="subtle" target="_blank">adewale</a> vs. <a href="http://pokemonshowdown.com/users/drake07" class="subtle" target="_blank">Drake07</a></h1>
<script type="text/plain" class="battle-log-data">|j|adewale
|j|Drake07
|player|p1|adewale|40
|player|p2|Drake07|92
|gametype|singles
|gen|6
|tier|LC
|seed|33196,35309,17262,24839
|clearpoke
|poke|p1|Baltoy, L5|item
|poke|p1|Buizel, L5, F|item
|poke|p1|Deino, L5, M|item
|poke|p1|Snover, L5, F|item
|poke|p1|Slowpoke, L5, F|item
|poke|p1|Rufflet, L5, M|item
|poke|p2|Pineco, L5, M|item
|poke|p2|Fletchling, L5, F|item
|poke|p2|Froakie, L5, F|item
|poke|p2|Pawniard, L5, M|item
|poke|p2|Gastly, L5, M|item
|poke|p2|Mienfoo, L5, M|item
|rule|Sleep Clause Mod: Limit one foe put to sleep
|rule|Species Clause: Limit one of each Pokémon
|rule|OHKO Clause: OHKO moves are banned
|rule|Moody Clause: Moody is banned
|rule|Evasion Moves Clause: Evasion moves are banned
|rule|Endless Battle Clause: Forcing endless battles is banned
|rule|HP Percentage Mod: HP is shown in percentages
|teampreview
|choice|team 4, team 2, team 3, team 1, team 5, team 6|team 6, team 2, team 3, team 4, team 5, team 1
|
|start
|switch|p1a: Master-Ball 101|Snover, L5, F|22\/22
|switch|p2a: Mienfoo|Mienfoo, L5, M|21\/21
|-weather|Hail|[from] ability: Snow Warning|[of] p1a: Master-Ball 101
|turn|1
|choice|move leechseed|move drainpunch
|
|move|p2a: Mienfoo|Drain Punch|p1a: Master-Ball 101
|-supereffective|p1a: Master-Ball 101
|-damage|p1a: Master-Ball 101|0 fnt
|faint|p1a: Master-Ball 101
|
|-weather|Hail|[upkeep]
|-damage|p2a: Mienfoo|20\/21|[from] hail
|upkeep
|choice|switch 2|
|
|switch|p1a: French Mofo|Buizel, L5, F|22\/22
|turn|2
|choice|move icepunch|move fakeout
|
|move|p2a: Mienfoo|Fake Out|p1a: French Mofo
|-fail|p2a: Mienfoo
|-hint|Fake Out only works on your first turn out.
|move|p1a: French Mofo|Ice Punch|p2a: Mienfoo
|-damage|p2a: Mienfoo|14\/21
|
|-weather|Hail|[upkeep]
|-damage|p1a: French Mofo|21\/22|[from] hail
|-damage|p2a: Mienfoo|13\/21|[from] hail
|upkeep
|turn|3
|choice|move icepunch|move drainpunch
|
|move|p1a: French Mofo|Ice Punch|p2a: Mienfoo
|-damage|p2a: Mienfoo|7\/21
|move|p2a: Mienfoo|Drain Punch|p1a: French Mofo
|-damage|p1a: French Mofo|3\/22
|-heal|p2a: Mienfoo|16\/21|[from] drain|[of] p1a: French Mofo
|
|-weather|Hail|[upkeep]
|-damage|p1a: French Mofo|2\/22|[from] hail
|-damage|p2a: Mienfoo|15\/21|[from] hail
|upkeep
|turn|4
|choice|move frustration|move drainpunch
|
|move|p1a: French Mofo|Frustration|p2a: Mienfoo
|-damage|p2a: Mienfoo|8\/21
|move|p2a: Mienfoo|Drain Punch|p1a: French Mofo
|-damage|p1a: French Mofo|0 fnt
|-heal|p2a: Mienfoo|9\/21|[from] drain|[of] p1a: French Mofo
|faint|p1a: French Mofo
|
|-weather|Hail|[upkeep]
|-damage|p2a: Mienfoo|8\/21|[from] hail
|upkeep
|choice|switch 4|
|
|switch|p1a: Mayan But-Plug|Baltoy, L5|21\/21
|turn|5
|choice|move earthquake|move knockoff
|
|move|p2a: Mienfoo|Knock Off|p1a: Mayan But-Plug
|-supereffective|p1a: Mayan But-Plug
|-damage|p1a: Mayan But-Plug|3\/21
|-enditem|p1a: Mayan But-Plug|Sitrus Berry|[from] move: Knock Off|[of] p2a: Mienfoo
|move|p1a: Mayan But-Plug|Earthquake|p2a: Mienfoo
|-damage|p2a: Mienfoo|1\/21
|
|-weather|none
|upkeep
|turn|6
|choice|move psychic|move knockoff
|
|move|p2a: Mienfoo|Knock Off|p1a: Mayan But-Plug
|-supereffective|p1a: Mayan But-Plug
|-damage|p1a: Mayan But-Plug|0 fnt
|faint|p1a: Mayan But-Plug
|
|upkeep
|choice|switch 5|
|
|switch|p1a: Bait|Slowpoke, L5, F|27\/27
|turn|7
|choice|move psychic|move knockoff
|
|move|p2a: Mienfoo|Knock Off|p1a: Bait
|-supereffective|p1a: Bait
|-damage|p1a: Bait|9\/27
|-enditem|p1a: Bait|Focus Sash|[from] move: Knock Off|[of] p2a: Mienfoo
|move|p1a: Bait|Psychic|p2a: Mienfoo
|-supereffective|p2a: Mienfoo
|-damage|p2a: Mienfoo|0 fnt
|faint|p2a: Mienfoo
|
|upkeep
|choice||switch 2
|
|switch|p2a: Fletchling|Fletchling, L5, F|21\/21
|turn|8
|choice|move thunderwave|move acrobatics
|
|move|p2a: Fletchling|Acrobatics|p1a: Bait
|-damage|p1a: Bait|3\/27
|move|p1a: Bait|Thunder Wave|p2a: Fletchling
|-status|p2a: Fletchling|par
|
|upkeep
|turn|9
|choice|move slackoff|move overheat
|
|move|p1a: Bait|Slack Off|p1a: Bait
|-heal|p1a: Bait|17\/27
|cant|p2a: Fletchling|par
|
|upkeep
|turn|10
|choice|move slackoff|move uturn
|
|move|p1a: Bait|Slack Off|p1a: Bait
|-heal|p1a: Bait|27\/27
|move|p2a: Fletchling|U-turn|p1a: Bait
|-supereffective|p1a: Bait
|-damage|p1a: Bait|17\/27
|choice||switch 4
|
|switch|p2a: Pawniard|Pawniard, L5, M|21\/21
|
|upkeep
|turn|11
|choice|move thunderwave|move knockoff
|
|move|p2a: Pawniard|Knock Off|p1a: Bait
|-supereffective|p1a: Bait
|-damage|p1a: Bait|0 fnt
|-damage|p2a: Pawniard|19\/21|[from] item: Life Orb
|faint|p1a: Bait
|
|upkeep
|choice|switch 6|
|
|switch|p1a: American Mofo|Rufflet, L5, M|23\/23
|turn|12
|choice|move uturn|move brickbreak
|
|move|p1a: American Mofo|U-turn|p2a: Pawniard
|-crit|p2a: Pawniard
|-damage|p2a: Pawniard|2\/21
|choice|switch 3|
|
|switch|p1a: 3edgy5u|Deino, L5, M|22\/22
|move|p2a: Pawniard|Brick Break|p1a: 3edgy5u
|-supereffective|p1a: 3edgy5u
|-damage|p1a: 3edgy5u|0 fnt
|-damage|p2a: Pawniard|0 fnt|[from] item: Life Orb
|faint|p1a: 3edgy5u
|faint|p2a: Pawniard
|
|upkeep
|choice|switch 3|switch 6
|
|switch|p1a: American Mofo|Rufflet, L5, M|23\/23
|switch|p2a: Pineco|Pineco, L5, M|21\/21
|turn|13
|choice|move fly|move explosion
|
|move|p1a: American Mofo|Fly|p2a: Pineco|[still]
|-prepare|p1a: American Mofo|Fly|p2a: Pineco
|move|p2a: Pineco|Explosion|p1a: American Mofo|[miss]
|-miss|p2a: Pineco|p1a: American Mofo
|faint|p2a: Pineco
|
|upkeep
|choice||switch 3
|
|switch|p2a: Froakie|Froakie, L5, F|20\/20
|turn|14
|choice|move fly 1|move icebeam
|
|move|p1a: American Mofo|Fly|p2a: Froakie|[from]lockedmove
|-damage|p2a: Froakie|0 fnt
|faint|p2a: Froakie
|
|upkeep
|choice||switch 5
|
|switch|p2a: Gastly|Gastly, L5, M|19\/19
|turn|15
|choice|move fly|move psychic
|
|move|p1a: American Mofo|Fly|p2a: Gastly|[still]
|-prepare|p1a: American Mofo|Fly|p2a: Gastly
|move|p2a: Gastly|Psychic|p1a: American Mofo|[miss]
|-miss|p2a: Gastly|p1a: American Mofo
|
|upkeep
|turn|16
|choice|move fly 1|move destinybond
|
|move|p1a: American Mofo|Fly|p2a: Gastly|[from]lockedmove|[miss]
|-miss|p1a: American Mofo|p2a: Gastly
|move|p2a: Gastly|Destiny Bond|p2a: Gastly
|-singlemove|p2a: Gastly|Destiny Bond
|
|upkeep
|turn|17
|choice|move fly|move psychic
|
|move|p1a: American Mofo|Fly|p2a: Gastly|[still]
|-prepare|p1a: American Mofo|Fly|p2a: Gastly
|move|p2a: Gastly|Psychic|p1a: American Mofo|[miss]
|-miss|p2a: Gastly|p1a: American Mofo
|
|upkeep
|turn|18
|choice|move fly 1|move psychic
|
|move|p1a: American Mofo|Fly|p2a: Gastly|[from]lockedmove
|-enditem|p2a: Gastly|Focus Sash
|-damage|p2a: Gastly|1\/19
|move|p2a: Gastly|Psychic|p1a: American Mofo
|-damage|p1a: American Mofo|11\/23
|
|upkeep
|turn|19
|choice|move fly|move destinybond
|
|move|p1a: American Mofo|Fly|p2a: Gastly|[still]
|-prepare|p1a: American Mofo|Fly|p2a: Gastly
|move|p2a: Gastly|Destiny Bond|p2a: Gastly
|-singlemove|p2a: Gastly|Destiny Bond
|
|upkeep
|turn|20
|choice|move fly 1|move destinybond
|
|move|p1a: American Mofo|Fly|p2a: Gastly|[from]lockedmove|[miss]
|-miss|p1a: American Mofo|p2a: Gastly
|move|p2a: Gastly|Destiny Bond|p2a: Gastly
|-singlemove|p2a: Gastly|Destiny Bond
|
|upkeep
|turn|21
|choice|move fly|move destinybond
|
|move|p1a: American Mofo|Fly|p2a: Gastly|[still]
|-prepare|p1a: American Mofo|Fly|p2a: Gastly
|move|p2a: Gastly|Destiny Bond|p2a: Gastly
|-singlemove|p2a: Gastly|Destiny Bond
|
|upkeep
|turn|22
|choice|move fly 1|move destinybond
|
|move|p1a: American Mofo|Fly|p2a: Gastly|[from]lockedmove
|-damage|p2a: Gastly|0 fnt
|faint|p2a: Gastly
|-activate|p2a: Gastly|move: Destiny Bond
|faint|p1a: American Mofo
|
|win|Drake07
|player|p1
|player|p2
|c|★adewale|gg</script>
</div>
<div class="battle-log battle-log-inline"><div class="inner"><div class="battle-options"></div><div class="inner"><div class="chat"><small>adewale joined.</small></div><div class="chat"><small>Drake07 joined.</small></div><div class=""><small>Format:</small> <br><strong>LC</strong></div><div class=""><small><em>Sleep Clause Mod:</em> Limit one foe put to sleep</small></div><div class=""><small><em>Species Clause:</em> Limit one of each Pokémon</small></div><div class=""><small><em>OHKO Clause:</em> OHKO moves are banned</small></div><div class=""><small><em>Moody Clause:</em> Moody is banned</small></div><div class=""><small><em>Evasion Moves Clause:</em> Evasion moves are banned</small></div><div class=""><small><em>Endless Battle Clause:</em> Forcing endless battles is banned</small></div><div class=""><small><em>HP Percentage Mod:</em> HP is shown in percentages</small></div><div class="chat battle-history"><strong>adewale's team:</strong> <em style="color:#445566;display:block;">Baltoy / Buizel / Deino / Snover / Slowpoke / Rufflet</em></div><div class="chat battle-history"><strong>Drake07's team:</strong> <em style="color:#445566;display:block;">Pineco / Fletchling / Froakie / Pawniard / Gastly / Mienfoo</em></div><div class="spacer battle-history"><br></div><div class="battle-history">Battle started between adewale and Drake07!<br></div><div class="spacer battle-history"><br></div><div class="battle-history">Go! Master-Ball 101 (<strong>Snover</strong>)!<br></div><div class="spacer battle-history"><br></div><div class="battle-history">Drake07 sent out <strong>Mienfoo</strong>!<br></div><div class="battle-history"><small>[Master-Ball 101's Snow Warning]</small><br><small>It started to hail!</small><br></div><div class="spacer battle-history"><br></div><h2 class="battle-history">Turn 1</h2><div class="spacer battle-history"><br></div><div class="battle-history">The opposing Mienfoo used <strong>Drain Punch</strong>!<br></div><div class="battle-history"><small>It's super effective!</small><br></div><div class="battle-history"><small>(Master-Ball 101 lost <abbr title="−22/22">100%</abbr> of its health!)</small><br></div><div class="spacer battle-history"><br></div><div class="battle-history">Master-Ball 101 fainted!<br></div><div class="spacer battle-history"><br></div><div class="battle-history"><small>The hail is crashing down.</small><br></div><div class="battle-history"><small>The opposing Mienfoo is buffeted by the hail!</small><br></div><div class="spacer battle-history"><br></div><div class="battle-history">Go! French Mofo (<strong>Buizel</strong>)!<br></div><div class="spacer battle-history"><br></div><h2 class="battle-history">Turn 2</h2><div class="spacer battle-history"><br></div><div class="battle-history">The opposing Mienfoo used <strong>Fake Out</strong>!<br></div><div class="battle-history"><small>But it failed!</small><br></div><div class="battle-history"><small>(Fake Out only works on your first turn out.)</small><br></div><div class="spacer battle-history"><br></div><div class="battle-history">French Mofo used <strong>Ice Punch</strong>!<br></div><div class="battle-history"><small>(The opposing Mienfoo lost <abbr title="−6/21">28.6%</abbr> of its health!)</small><br></div><div class="spacer battle-history"><br></div><div class="battle-history"><small>The hail is crashing down.</small><br></div><div class="battle-history"><small>French Mofo is buffeted by the hail!</small><br></div><div class="battle-history"><small>The opposing Mienfoo is buffeted by the hail!</small><br></div><div class="spacer battle-history"><br></div><h2 class="battle-history">Turn 3</h2><div class="spacer battle-history"><br></div><div class="battle-history">French Mofo used <strong>Ice Punch</strong>!<br></div><div class="battle-history"><small>(The opposing Mienfoo lost <abbr title="−6/21">28.6%</abbr> of its health!)</small><br></div><div class="spacer battle-history"><br></div><div class="battle-history">The opposing Mienfoo used <strong>Drain Punch</strong>!<br></div><div class="battle-history"><small>(French Mofo lost <abbr title="−18/22">81.8%</abbr> of its health!)</small><br></div><div class="battle-history"><small>French Mofo had its energy drained!</small><br></div><div class="spacer battle-history"><br></div><div class="battle-history"><small>The hail is crashing down.</small><br></div><div class="battle-history"><small>French Mofo is buffeted by the hail!</small><br></div><div class="battle-history"><small>The opposing Mienfoo is buffeted by the hail!</small><br></div><div class="spacer battle-history"><br></div><h2 class="battle-history">Turn 4</h2><div class="spacer battle-history"><br></div><div class="battle-history">French Mofo used <strong>Frustration</strong>!<br></div><div class="battle-history"><small>(The opposing Mienfoo lost <abbr title="−7/21">33.3%</abbr> of its health!)</small><br></div><div class="spacer battle-history"><br></div><div class="battle-history">The opposing Mienfoo used <strong>Drain Punch</strong>!<br></div><div class="battle-history"><small>(French Mofo lost <abbr title="−2/22">9.1%</abbr> of its health!)</small><br></div><div class="battle-history"><small>French Mofo had its energy drained!</small><br></div><div class="spacer battle-history"><br></div><div class="battle-history">French Mofo fainted!<br></div><div class="spacer battle-history"><br></div><div class="battle-history"><small>The hail is crashing down.</small><br></div><div class="battle-history"><small>The opposing Mienfoo is buffeted by the hail!</small><br></div><div class="spacer battle-history"><br></div><div class="battle-history">Go! Mayan But-Plug (<strong>Baltoy</strong>)!<br></div><div class="spacer battle-history"><br></div><h2 class="battle-history">Turn 5</h2><div class="spacer battle-history"><br></div><div class="battle-history">The opposing Mienfoo used <strong>Knock Off</strong>!<br></div><div class="battle-history"><small>It's super effective!</small><br></div><div class="battle-history"><small>(Mayan But-Plug lost <abbr title="−18/21">85.7%</abbr> of its health!)</small><br></div><div class="battle-history"><small>The opposing Mienfoo knocked off Mayan But-Plug's Sitrus Berry!</small><br></div><div class="spacer battle-history"><br></div><div class="battle-history">Mayan But-Plug used <strong>Earthquake</strong>!<br></div><div class="battle-history"><small>(The opposing Mienfoo lost <abbr title="−7/21">33.3%</abbr> of its health!)</small><br></div><div class="spacer battle-history"><br></div><div class="battle-history"><small>The hail stopped.</small><br></div><div class="spacer battle-history"><br></div><h2 class="battle-history">Turn 6</h2><div class="spacer battle-history"><br></div><div class="battle-history">The opposing Mienfoo used <strong>Knock Off</strong>!<br></div><div class="battle-history"><small>It's super effective!</small><br></div><div class="battle-history"><small>(Mayan But-Plug lost <abbr title="−3/21">14.3%</abbr> of its health!)</small><br></div><div class="spacer battle-history"><br></div><div class="battle-history">Mayan But-Plug fainted!<br></div><div class="spacer battle-history"><br></div><div class="battle-history">Go! Bait (<strong>Slowpoke</strong>)!<br></div><div class="spacer battle-history"><br></div><h2 class="battle-history">Turn 7</h2><div class="spacer battle-history"><br></div><div class="battle-history">The opposing Mienfoo used <strong>Knock Off</strong>!<br></div><div class="battle-history"><small>It's super effective!</small><br></div><div class="battle-history"><small>(Bait lost <abbr title="−18/27">66.7%</abbr> of its health!)</small><br></div><div class="battle-history"><small>The opposing Mienfoo knocked off Bait's Focus Sash!</small><br></div><div class="spacer battle-history"><br></div><div class="battle-history">Bait used <strong>Psychic</strong>!<br></div><div class="battle-history"><small>It's super effective!</small><br></div><div class="battle-history"><small>(The opposing Mienfoo lost <abbr title="−1/21">4.8%</abbr> of its health!)</small><br></div><div class="spacer battle-history"><br></div><div class="battle-history">The opposing Mienfoo fainted!<br></div><div class="spacer battle-history"><br></div><div class="battle-history">Drake07 sent out <strong>Fletchling</strong>!<br></div><div class="spacer battle-history"><br></div><h2 class="battle-history">Turn 8</h2><div class="spacer battle-history"><br></div><div class="battle-history">The opposing Fletchling used <strong>Acrobatics</strong>!<br></div><div class="battle-history"><small>(Bait lost <abbr title="−6/27">22.2%</abbr> of its health!)</small><br></div><div class="spacer battle-history"><br></div><div class="battle-history">Bait used <strong>Thunder Wave</strong>!<br></div><div class="battle-history"><small>The opposing Fletchling is paralyzed! It may be unable to move!</small><br></div><div class="spacer battle-history"><br></div><h2 class="battle-history">Turn 9</h2><div class="spacer battle-history"><br></div><div class="battle-history">Bait used <strong>Slack Off</strong>!<br></div><div class="battle-history"><small>Bait restored its HP.</small><br></div><div class="spacer battle-history"><br></div><div class="battle-history">The opposing Fletchling is paralyzed! It can't move!<br></div><div class="spacer battle-history"><br></div><h2 class="battle-history">Turn 10</h2><div class="spacer battle-history"><br></div><div class="battle-history">Bait used <strong>Slack Off</strong>!<br></div><div class="battle-history"><small>Bait restored its HP.</small><br></div><div class="spacer battle-history"><br></div><div class="battle-history">The opposing Fletchling used <strong>U-turn</strong>!<br></div><div class="battle-history"><small>It's super effective!</small><br></div><div class="battle-history"><small>(Bait lost <abbr title="−10/27">37.0%</abbr> of its health!)</small><br></div><div class="spacer battle-history"><br></div><div class="battle-history">The opposing Fletchling went back to Drake07!<br></div><div class="battle-history">Drake07 sent out <strong>Pawniard</strong>!<br></div><div class="spacer battle-history"><br></div><h2 class="battle-history">Turn 11</h2><div class="spacer battle-history"><br></div><div class="battle-history">The opposing Pawniard used <strong>Knock Off</strong>!<br></div><div class="battle-history"><small>It's super effective!</small><br></div><div class="battle-history"><small>(Bait lost <abbr title="−17/27">63.0%</abbr> of its health!)</small><br></div><div class="battle-history"><small>The opposing Pawniard lost some of its HP!</small><br></div><div class="spacer battle-history"><br></div><div class="battle-history">Bait fainted!<br></div><div class="spacer battle-history"><br></div><div class="battle-history">Go! American Mofo (<strong>Rufflet</strong>)!<br></div><div class="spacer battle-history"><br></div><h2 class="battle-history">Turn 12</h2><div class="spacer battle-history"><br></div><div class="battle-history">American Mofo used <strong>U-turn</strong>!<br></div><div class="battle-history"><small>A critical hit!</small><br></div><div class="battle-history"><small>(The opposing Pawniard lost <abbr title="−17/21">81.0%</abbr> of its health!)</small><br></div><div class="spacer battle-history"><br></div><div class="battle-history">American Mofo went back to adewale!<br></div><div class="battle-history">Go! 3edgy5u (<strong>Deino</strong>)!<br></div><div class="spacer battle-history"><br></div><div class="battle-history">The opposing Pawniard used <strong>Brick Break</strong>!<br></div><div class="battle-history"><small>It's super effective!</small><br></div><div class="battle-history"><small>(3edgy5u lost <abbr title="−22/22">100%</abbr> of its health!)</small><br></div><div class="battle-history"><small>The opposing Pawniard lost some of its HP!</small><br></div><div class="spacer battle-history"><br></div><div class="battle-history">3edgy5u fainted!<br></div><div class="battle-history">The opposing Pawniard fainted!<br></div><div class="spacer battle-history"><br></div><div class="battle-history">Go! American Mofo (<strong>Rufflet</strong>)!<br></div><div class="spacer battle-history"><br></div><div class="battle-history">Drake07 sent out <strong>Pineco</strong>!<br></div><div class="spacer battle-history"><br></div><h2 class="battle-history">Turn 13</h2><div class="spacer battle-history"><br></div><div class="battle-history">American Mofo used <strong>Fly</strong>!<br></div><div class="battle-history">American Mofo flew up high!<br></div><div class="spacer battle-history"><br></div><div class="battle-history">The opposing Pineco used <strong>Explosion</strong>!<br></div><div class="battle-history"><small>American Mofo avoided the attack!</small><br></div><div class="spacer battle-history"><br></div><div class="battle-history">The opposing Pineco fainted!<br></div><div class="spacer battle-history"><br></div><div class="battle-history">Drake07 sent out <strong>Froakie</strong>!<br></div><div class="spacer battle-history"><br></div><h2 class="battle-history">Turn 14</h2><div class="spacer battle-history"><br></div><div class="battle-history">American Mofo used <strong>Fly</strong>!<br></div><div class="battle-history"><small>(The opposing Froakie lost <abbr title="−20/20">100%</abbr> of its health!)</small><br></div><div class="spacer battle-history"><br></div><div class="battle-history">The opposing Froakie fainted!<br></div><div class="spacer battle-history"><br></div><div class="battle-history">Drake07 sent out <strong>Gastly</strong>!<br></div><div class="spacer battle-history"><br></div><h2 class="battle-history">Turn 15</h2><div class="spacer battle-history"><br></div><div class="battle-history">American Mofo used <strong>Fly</strong>!<br></div><div class="battle-history">American Mofo flew up high!<br></div><div class="spacer battle-history"><br></div><div class="battle-history">The opposing Gastly used <strong>Psychic</strong>!<br></div><div class="battle-history"><small>American Mofo avoided the attack!</small><br></div><div class="spacer battle-history"><br></div><h2 class="battle-history">Turn 16</h2><div class="spacer battle-history"><br></div><div class="battle-history">American Mofo used <strong>Fly</strong>!<br></div><div class="battle-history"><small>The opposing Gastly avoided the attack!</small><br></div><div class="spacer battle-history"><br></div><div class="battle-history">The opposing Gastly used <strong>Destiny Bond</strong>!<br></div><div class="battle-history">The opposing Gastly is hoping to take its attacker down with it!<br></div><div class="spacer battle-history"><br></div><h2 class="battle-history">Turn 17</h2><div class="spacer battle-history"><br></div><div class="battle-history">American Mofo used <strong>Fly</strong>!<br></div><div class="battle-history">American Mofo flew up high!<br></div><div class="spacer battle-history"><br></div><div class="battle-history">The opposing Gastly used <strong>Psychic</strong>!<br></div><div class="battle-history"><small>American Mofo avoided the attack!</small><br></div><div class="spacer battle-history"><br></div><h2 class="battle-history">Turn 18</h2><div class="spacer battle-history"><br></div><div class="battle-history">American Mofo used <strong>Fly</strong>!<br></div><div class="battle-history"><small>The opposing Gastly hung on using its Focus Sash!</small><br></div><div class="battle-history"><small>(The opposing Gastly lost <abbr title="−18/19">94.7%</abbr> of its health!)</small><br></div><div class="spacer battle-history"><br></div><div class="battle-history">The opposing Gastly used <strong>Psychic</strong>!<br></div><div class="battle-history"><small>(American Mofo lost <abbr title="−12/23">52.2%</abbr> of its health!)</small><br></div><div class="spacer battle-history"><br></div><h2 class="battle-history">Turn 19</h2><div class="spacer battle-history"><br></div><div class="battle-history">American Mofo used <strong>Fly</strong>!<br></div><div class="battle-history">American Mofo flew up high!<br></div><div class="spacer battle-history"><br></div><div class="battle-history">The opposing Gastly used <strong>Destiny Bond</strong>!<br></div><div class="battle-history">The opposing Gastly is hoping to take its attacker down with it!<br></div><div class="spacer battle-history"><br></div><h2 class="battle-history">Turn 20</h2><div class="spacer battle-history"><br></div><div class="battle-history">American Mofo used <strong>Fly</strong>!<br></div><div class="battle-history"><small>The opposing Gastly avoided the attack!</small><br></div><div class="spacer battle-history"><br></div><div class="battle-history">The opposing Gastly used <strong>Destiny Bond</strong>!<br></div><div class="battle-history">The opposing Gastly is hoping to take its attacker down with it!<br></div><div class="spacer battle-history"><br></div><h2 class="battle-history">Turn 21</h2><div class="spacer battle-history"><br></div><div class="battle-history">American Mofo used <strong>Fly</strong>!<br></div><div class="battle-history">American Mofo flew up high!<br></div><div class="spacer battle-history"><br></div><div class="battle-history">The opposing Gastly used <strong>Destiny Bond</strong>!<br></div><div class="battle-history">The opposing Gastly is hoping to take its attacker down with it!<br></div><div class="spacer battle-history"><br></div><h2 class="battle-history">Turn 22</h2><div class="spacer battle-history"><br></div><div class="battle-history">American Mofo used <strong>Fly</strong>!<br></div><div class="battle-history"><small>(The opposing Gastly lost <abbr title="−1/19">5.3%</abbr> of its health!)</small><br></div><div class="spacer battle-history"><br></div><div class="battle-history">The opposing Gastly fainted!<br></div><div class="battle-history"><small>The opposing Gastly took its attacker down with it!</small><br></div><div class="spacer battle-history"><br></div><div class="battle-history">American Mofo fainted!<br></div><div class="spacer battle-history"><br></div><div class="battle-history"><strong>Drake07</strong> won the battle!<br></div><div class="chat chatmessage-adewale"><strong style="color:hsl(252,81%,60.2159000574748%)"><small>★</small><span class="username" data-name="adewale">adewale</span>:</strong> <em>gg</em></div></div><div class="inner-preempt"></div></div></div>
</div>
<script>
let daily = Math.floor(Date.now()/1000/60/60/24);document.write('<script src="https://play.pokemonshowdown.com/js/replay-embed.js?version'+daily+'"></'+'script>');
</script>
