<!DOCTYPE html>
<meta charset="utf-8" />
<!-- version 1 -->
<title>LC replay: Panther2 vs. Joebattles</title>
<style>
html,body {font-family:Verdana, sans-serif;font-size:10pt;margin:0;padding:0;}body{padding:12px 0;} .battle-log {font-family:Verdana, sans-serif;font-size:10pt;} .battle-log-inline {border:1px solid #AAAAAA;background:#EEF2F5;color:black;max-width:640px;margin:0 auto 80px;padding-bottom:5px;} .battle-log .inner {padding:4px 8px 0px 8px;} .battle-log .inner-preempt {padding:0 8px 4px 8px;} .battle-log .inner-after {margin-top:0.5em;} .battle-log h2 {margin:0.5em -8px;padding:4px 8px;border:1px solid #AAAAAA;background:#E0E7EA;border-left:0;border-right:0;font-family:Verdana, sans-serif;font-size:13pt;} .battle-log .chat {vertical-align:middle;padding:3px 0 3px 0;font-size:8pt;} .battle-log .chat strong {color:#40576A;} .battle-log .chat em {padding:1px 4px 1px 3px;color:#000000;font-style:normal;} .chat.mine {background:rgba(0,0,0,0.05);margin-left:-8px;margin-right:-8px;padding-left:8px;padding-right:8px;} .spoiler {color:#BBBBBB;background:#BBBBBB;padding:0px 3px;} .spoiler:hover, .spoiler:active, .spoiler-shown {color:#000000;background:#E2E2E2;padding:0px 3px;} .spoiler a {color:#BBBBBB;} .spoiler:hover a, .spoiler:active a, .spoiler-shown a {color:#2288CC;} .chat code, .chat .spoiler:hover code, .chat .spoiler:active code, .chat .spoiler-shown code {border:1px solid #C0C0C0;background:#EEEEEE;color:black;padding:0 2px;} .chat .spoiler code {border:1px solid #CCCCCC;background:#CCCCCC;color:#CCCCCC;} .battle-log .rated {padding:3px 4px;} .battle-log .rated strong {color:white;background:#89A;padding:1px 4px;border-radius:4px;} .spacer {margin-top:0.5em;} .message-announce {background:#6688AA;color:white;padding:1px 4px 2px;} .message-announce a, .broadcast-green a, .broadcast-blue a, .broadcast-red a {color:#DDEEFF;} .broadcast-green {background-color:#559955;color:white;padding:2px 4px;} .broadcast-blue {background-color:#6688AA;color:white;padding:2px 4px;} .infobox {border:1px solid #6688AA;padding:2px 4px;} .infobox-limited {max-height:200px;overflow:auto;overflow-x:hidden;} .broadcast-red {background-color:#AA5544;color:white;padding:2px 4px;} .message-learn-canlearn {font-weight:bold;color:#228822;text-decoration:underline;} .message-learn-cannotlearn {font-weight:bold;color:#CC2222;text-decoration:underline;} .message-effect-weak {font-weight:bold;color:#CC2222;} .message-effect-resist {font-weight:bold;color:#6688AA;} .message-effect-immune {font-weight:bold;color:#666666;} .message-learn-list {margin-top:0;margin-bottom:0;} .message-throttle-notice, .message-error {color:#992222;} .message-overflow, .chat small.message-overflow {font-size:0pt;} .message-overflow::before {font-size:9pt;content:'...';} .subtle {color:#3A4A66;}
</style>
<div class="wrapper replay-wrapper" style="max-width:1180px;margin:0 auto">
<input type="hidden" name="replayid" value="lc-484505801" />
<div class="battle"></div><div class="battle-log"></div><div class="replay-controls"></div><div class="replay-controls-2"></div>
<h1 style="font-weight:normal;text-align:center"><strong>LC</strong><br /><a href="http://pokemonshowdown.com/users/panther2" class="subtle" target="_blank">Panther2</a> vs. <a href="http://pokemonshowdown.com/users/joebattles" class="subtle" target="_blank">Joebattles</a></h1>
<script type="text/plain" class="battle-log-data">|j|Panther2
|j|Joebattles
|player|p1|Panther2|266
|player|p2|Joebattles|224
|gametype|singles
|gen|6
|tier|LC
|seed|7863,32041,39279,21918
|clearpoke
|poke|p1|Riolu, L5, M, shiny|item
|poke|p1|Hippopotas, L5, M|item
|poke|p1|Inkay, L5, M|item
|poke|p1|Oddish, L5, F|item
|poke|p1|Vullaby, L5, F|item
|poke|p1|Drilbur, L5, F|item
|poke|p2|Cranidos, L5, M|item
|poke|p2|Porygon, L5, shiny|item
|poke|p2|Foongus, L5, F, shiny|item
|poke|p2|Surskit, L5, F|item
|poke|p2|Pancham, L5, M|item
|poke|p2|Shroomish, L5, M|item
|rule|Sleep Clause Mod: Limit one foe put to sleep
|rule|Species Clause: Limit one of each Pokémon
|rule|OHKO Clause: OHKO moves are banned
|rule|Moody Clause: Moody is banned
|rule|Evasion Moves Clause: Evasion moves are banned
|rule|Endless Battle Clause: Forcing endless battles is banned
|rule|HP Percentage Mod: HP is shown in percentages
|teampreview
|c|★Panther2|Gl hf
|c|★Joebattles|have fun
|choice|team 5, team 2, team 3, team 4, team 1, team 6|team 4, team 2, team 3, team 1, team 5, team 6
|
|start
|switch|p1a: Pampers|Vullaby, L5, F|25\/25
|switch|p2a: Surskit|Surskit, L5, F|21\/21
|turn|1
|j|H is Here
|choice|move knockoff|move stickyweb
|
|move|p2a: Surskit|Sticky Web|p1a: Pampers
|-sidestart|p1: Panther2|move: Sticky Web
|move|p1a: Pampers|Knock Off|p2a: Surskit
|-damage|p2a: Surskit|6\/21
|-enditem|p2a: Surskit|Focus Sash|[from] move: Knock Off|[of] p1a: Pampers
|
|turn|2
|choice|move knockoff|move icebeam
|
|move|p2a: Surskit|Ice Beam|p1a: Pampers
|-supereffective|p1a: Pampers
|-damage|p1a: Pampers|13\/25
|move|p1a: Pampers|Knock Off|p2a: Surskit
|-damage|p2a: Surskit|0 fnt
|faint|p2a: Surskit
|
|choice||switch 4
|
|switch|p2a: Cranidos|Cranidos, L5, M|23\/23
|-ability|p2a: Cranidos|Mold Breaker
|turn|3
|choice|switch 2|move stoneedge
|
|switch|p1a: Mutombo|Hippopotas, L5, M|25\/25
|-activate|p1a: Mutombo|move: Sticky Web
|-unboost|p1a: Mutombo|spe|1
|-weather|Sandstorm|[from] ability: Sand Stream|[of] p1a: Mutombo
|move|p2a: Cranidos|Stone Edge|p1a: Mutombo|[miss]
|-miss|p2a: Cranidos|p1a: Mutombo
|
|-weather|Sandstorm|[upkeep]
|turn|4
|choice|move stealthrock|switch 2
|
|switch|p2a: Porygon|Porygon, L5, shiny|25\/25
|-ability|p2a: Porygon|Sand Stream|[from] ability: Trace|[of] p1a: Mutombo
|move|p1a: Mutombo|Stealth Rock|p2a: Porygon
|-sidestart|p2: Joebattles|move: Stealth Rock
|
|-weather|Sandstorm|[upkeep]
|-damage|p2a: Porygon|24\/25|[from] sandstorm
|turn|5
|choice|switch 4|move toxic
|
|switch|p1a: Sprout|Oddish, L5, F|24\/24
|-activate|p1a: Sprout|move: Sticky Web
|-unboost|p1a: Sprout|spe|1
|move|p2a: Porygon|Toxic|p1a: Sprout
|-immune|p1a: Sprout|[msg]
|
|-weather|Sandstorm|[upkeep]
|-damage|p2a: Porygon|23\/25|[from] sandstorm
|-damage|p1a: Sprout|23\/24|[from] sandstorm
|turn|6
|choice|move sleeppowder|move icebeam
|
|move|p2a: Porygon|Ice Beam|p1a: Sprout
|-supereffective|p1a: Sprout
|-damage|p1a: Sprout|9\/24
|move|p1a: Sprout|Sleep Powder|p2a: Porygon
|-status|p2a: Porygon|slp
|
|-weather|Sandstorm|[upkeep]
|-damage|p2a: Porygon|22\/25 slp|[from] sandstorm
|-damage|p1a: Sprout|8\/24|[from] sandstorm
|turn|7
|choice|switch 6|switch 3
|
|switch|p2a: Foongus|Foongus, L5, F, shiny|25\/25
|-damage|p2a: Foongus|22\/25|[from] Stealth Rock
|switch|p1a: Holey Moley|Drilbur, L5, F|23\/23
|-activate|p1a: Holey Moley|move: Sticky Web
|-unboost|p1a: Holey Moley|spe|1
|
|-weather|none
|turn|8
|choice|move rapidspin|move spore
|
|move|p1a: Holey Moley|Rapid Spin|p2a: Foongus
|-damage|p2a: Foongus|20\/25
|-sideend|p1: Panther2|Sticky Web|[from] move: Rapid Spin|[of] p1a: Holey Moley
|move|p2a: Foongus|Spore|p1a: Holey Moley
|-status|p1a: Holey Moley|slp
|
|turn|9
|choice|switch 6|move sludgebomb
|
|switch|p1a: Sprout|Oddish, L5, F|8\/24
|move|p2a: Foongus|Sludge Bomb|p1a: Sprout
|-damage|p1a: Sprout|1\/24
|
|turn|10
|choice|move synthesis|switch 3
|
|switch|p2a: Porygon|Porygon, L5, shiny|22\/25 slp
|-damage|p2a: Porygon|19\/25 slp|[from] Stealth Rock
|-ability|p2a: Porygon|Chlorophyll|[from] ability: Trace|[of] p1a: Sprout
|move|p1a: Sprout|Synthesis|p1a: Sprout
|-heal|p1a: Sprout|13\/24
|
|turn|11
|choice|move gigadrain|move icebeam
|
|move|p1a: Sprout|Giga Drain|p2a: Porygon
|-damage|p2a: Porygon|13\/25 slp
|-heal|p1a: Sprout|16\/24|[from] drain|[of] p2a: Porygon
|cant|p2a: Porygon|slp
|
|turn|12
|choice|move sludgebomb|move recover
|
|-curestatus|p2a: Porygon|slp|[msg]
|move|p2a: Porygon|Recover|p2a: Porygon
|-heal|p2a: Porygon|25\/25
|move|p1a: Sprout|Sludge Bomb|p2a: Porygon
|-damage|p2a: Porygon|18\/25
|-status|p2a: Porygon|psn
|
|-damage|p2a: Porygon|15\/25 psn|[from] psn
|turn|13
|choice|move sludgebomb|move icebeam
|
|move|p2a: Porygon|Ice Beam|p1a: Sprout
|-supereffective|p1a: Sprout
|-damage|p1a: Sprout|2\/24
|move|p1a: Sprout|Sludge Bomb|p2a: Porygon
|-crit|p2a: Porygon
|-damage|p2a: Porygon|3\/25 psn
|
|-damage|p2a: Porygon|0 fnt|[from] psn
|faint|p2a: Porygon
|c|★Panther2|Sorry man
|c|★Joebattles|it's ok
|c|★Joebattles|i got frozen last week lol
|choice||switch 5
|
|switch|p2a: Pancham|Pancham, L5, M|23\/23
|-damage|p2a: Pancham|22\/23|[from] Stealth Rock
|turn|14
|choice|move sleeppowder|move drainpunch
|
|move|p2a: Pancham|Drain Punch|p1a: Sprout
|-resisted|p1a: Sprout
|-damage|p1a: Sprout|0 fnt
|-heal|p2a: Pancham|23\/23|[from] drain|[of] p1a: Sprout
|faint|p1a: Sprout
|
|choice|switch 3|
|
|switch|p1a: Tentacles|Inkay, L5, M|22\/22
|turn|15
|choice|move psychocut|move drainpunch
|
|move|p1a: Tentacles|Psycho Cut|p2a: Pancham
|-supereffective|p2a: Pancham
|-damage|p2a: Pancham|3\/23
|move|p2a: Pancham|Drain Punch|p1a: Tentacles
|-damage|p1a: Tentacles|0 fnt
|-heal|p2a: Pancham|14\/23|[from] drain|[of] p1a: Tentacles
|faint|p1a: Tentacles
|
|choice|switch 5|
|
|switch|p1a: Skywalker|Riolu, L5, M, shiny|20\/20
|turn|16
|choice|move highjumpkick|move drainpunch
|
|move|p1a: Skywalker|High Jump Kick|p2a: Pancham|[miss]
|-miss|p1a: Skywalker|p2a: Pancham
|-damage|p1a: Skywalker|10\/20|[from] highjumpkick
|move|p2a: Pancham|Drain Punch|p1a: Skywalker
|-crit|p1a: Skywalker
|-damage|p1a: Skywalker|0 fnt
|-heal|p2a: Pancham|19\/23|[from] drain|[of] p1a: Skywalker
|faint|p1a: Skywalker
|
|c|★Joebattles|that sucks
|c|★Panther2|Lol yep
|choice|switch 2|
|
|switch|p1a: Pampers|Vullaby, L5, F|13\/25
|turn|17
|choice|move bravebird|move drainpunch
|
|move|p1a: Pampers|Brave Bird|p2a: Pancham
|-supereffective|p2a: Pancham
|-damage|p2a: Pancham|0 fnt
|-damage|p1a: Pampers|7\/25|[from] recoil|[of] p2a: Pancham
|faint|p2a: Pancham
|
|choice||switch 2
|
|switch|p2a: Cranidos|Cranidos, L5, M|23\/23
|-damage|p2a: Cranidos|21\/23|[from] Stealth Rock
|-ability|p2a: Cranidos|Mold Breaker
|turn|18
|choice|switch 4|move icebeam
|
|switch|p1a: Mutombo|Hippopotas, L5, M|25\/25
|-weather|Sandstorm|[from] ability: Sand Stream|[of] p1a: Mutombo
|move|p2a: Cranidos|Ice Beam|p1a: Mutombo
|-supereffective|p1a: Mutombo
|-damage|p1a: Mutombo|17\/25
|
|-weather|Sandstorm|[upkeep]
|turn|19
|choice|move earthquake|switch 3
|
|switch|p2a: Foongus|Foongus, L5, F, shiny|25\/25
|-damage|p2a: Foongus|22\/25|[from] Stealth Rock
|move|p1a: Mutombo|Earthquake|p2a: Foongus
|-damage|p2a: Foongus|13\/25
|
|-weather|Sandstorm|[upkeep]
|-damage|p2a: Foongus|12\/25|[from] sandstorm
|turn|20
|choice|switch 4|move sludgebomb
|
|switch|p1a: Pampers|Vullaby, L5, F|7\/25
|move|p2a: Foongus|Sludge Bomb|p1a: Pampers
|-damage|p1a: Pampers|0 fnt
|faint|p1a: Pampers
|
|-weather|Sandstorm|[upkeep]
|-damage|p2a: Foongus|11\/25|[from] sandstorm
|choice|switch 6|
|
|switch|p1a: Holey Moley|Drilbur, L5, F|23\/23 slp
|turn|21
|choice|move sleeptalk|move gigadrain
|
|cant|p1a: Holey Moley|slp
|move|p1a: Holey Moley|Sleep Talk|p1a: Holey Moley
|move|p1a: Holey Moley|Earthquake|p2a: Foongus|[from]Sleep Talk
|-damage|p2a: Foongus|2\/25
|move|p2a: Foongus|Giga Drain|p1a: Holey Moley
|-supereffective|p1a: Holey Moley
|-damage|p1a: Holey Moley|11\/23 slp
|-heal|p2a: Foongus|8\/25|[from] drain|[of] p1a: Holey Moley
|
|-weather|Sandstorm|[upkeep]
|-damage|p2a: Foongus|7\/25|[from] sandstorm
|turn|22
|choice|move sleeptalk|move gigadrain
|
|cant|p1a: Holey Moley|slp
|move|p1a: Holey Moley|Sleep Talk|p1a: Holey Moley
|move|p1a: Holey Moley|Rock Slide|p2a: Foongus|[from]Sleep Talk
|-damage|p2a: Foongus|2\/25
|move|p2a: Foongus|Giga Drain|p1a: Holey Moley
|-supereffective|p1a: Holey Moley
|-damage|p1a: Holey Moley|0 fnt
|-heal|p2a: Foongus|8\/25|[from] drain|[of] p1a: Holey Moley
|faint|p1a: Holey Moley
|
|-weather|none
|choice|switch 4|
|
|switch|p1a: Mutombo|Hippopotas, L5, M|17\/25
|-weather|Sandstorm|[from] ability: Sand Stream|[of] p1a: Mutombo
|turn|23
|c|★Panther2|Gg
|choice|move earthquake|move gigadrain
|
|move|p1a: Mutombo|Earthquake|p2a: Foongus
|-damage|p2a: Foongus|0 fnt
|faint|p2a: Foongus
|
|-weather|Sandstorm|[upkeep]
|choice||switch 6
|
|switch|p2a: Shroomish|Shroomish, L5, M|23\/23
|-damage|p2a: Shroomish|21\/23|[from] Stealth Rock
|turn|24
|choice|move earthquake|move bulletseed
|
|move|p2a: Shroomish|Bullet Seed|p1a: Mutombo
|-supereffective|p1a: Mutombo
|-damage|p1a: Mutombo|11\/25
|-supereffective|p1a: Mutombo
|-damage|p1a: Mutombo|5\/25
|-hitcount|p1a: Mutombo|2
|move|p1a: Mutombo|Earthquake|p2a: Shroomish
|-resisted|p2a: Shroomish
|-damage|p2a: Shroomish|17\/23
|
|-weather|Sandstorm|[upkeep]
|-damage|p2a: Shroomish|16\/23|[from] sandstorm
|turn|25
|choice|move earthquake|move bulletseed
|
|move|p2a: Shroomish|Bullet Seed|p1a: Mutombo
|-supereffective|p1a: Mutombo
|-damage|p1a: Mutombo|0 fnt
|-hitcount|p1a: Mutombo|1
|faint|p1a: Mutombo
|
|win|Joebattles
|player|p1
|player|p2
|c|★Joebattles|gg
|l|Panther2</script>
</div>
<div class="battle-log battle-log-inline"><div class="inner"><div class="battle-options"></div><div class="inner"><div class="chat"><small>Panther2 joined.</small></div><div class="chat"><small>Joebattles joined.</small></div><div class=""><small>Format:</small> <br><strong>LC</strong></div><div class=""><small><em>Sleep Clause Mod:</em> Limit one foe put to sleep</small></div><div class=""><small><em>Species Clause:</em> Limit one of each Pokémon</small></div><div class=""><small><em>OHKO Clause:</em> OHKO moves are banned</small></div><div class=""><small><em>Moody Clause:</em> Moody is banned</small></div><div class=""><small><em>Evasion Moves Clause:</em> Evasion moves are banned</small></div><div class=""><small><em>Endless Battle Clause:</em> Forcing endless battles is banned</small></div><div class=""><small><em>HP Percentage Mod:</em> HP is shown in percentages</small></div><div class="chat battle-history"><strong>Panther2's team:</strong> <em style="color:#445566;display:block;">Riolu / Hippopotas / Inkay / Oddish / Vullaby / Drilbur</em></div><div class="chat battle-history"><strong>Joebattles's team:</strong> <em style="color:#445566;display:block;">Cranidos / Porygon / Foongus / Surskit / Pancham / Shroomish</em></div><div class="chat chatmessage-panther2"><strong style="color:hsl(186,73%,43.283386504251%)"><small>★</small><span class="username" data-name="Panther2">Panther2</span>:</strong> <em>Gl hf</em></div><div class="chat chatmessage-joebattles"><strong style="color:hsl(349,86%,40%)"><small>★</small><span class="username" data-name="Joebattles">Joebattles</span>:</strong> <em>have fun</em></div><div class="spacer battle-history"><br></div><div class="battle-history">Battle started between Panther2 and Joebattles!<br></div><div class="spacer battle-history"><br></div><div class="battle-history">Go! Pampers (<strong>Vullaby</strong>)!<br></div><div class="spacer battle-history"><br></div><div class="battle-history">Joebattles sent out <strong>Surskit</strong>!<br></div><div class="spacer battle-history"><br></div><h2 class="battle-history">Turn 1</h2><div class="chat"><small>H is Here joined.</small></div><div class="spacer battle-history"><br></div><div class="battle-history">The opposing Surskit used <strong>Sticky Web</strong>!<br></div><div class="battle-history"><small>A sticky web spreads out on the ground around your team!</small><br></div><div class="spacer battle-history"><br></div><div class="battle-history">Pampers used <strong>Knock Off</strong>!<br></div><div class="battle-history"><small>(The opposing Surskit lost <abbr title="−15/21">71.4%</abbr> of its health!)</small><br></div><div class="battle-history"><small>Pampers knocked off the opposing Surskit's Focus Sash!</small><br></div><div class="spacer battle-history"><br></div><h2 class="battle-history">Turn 2</h2><div class="spacer battle-history"><br></div><div class="battle-history">The opposing Surskit used <strong>Ice Beam</strong>!<br></div><div class="battle-history"><small>It's super effective!</small><br></div><div class="battle-history"><small>(Pampers lost <abbr title="−12/25">48%</abbr> of its health!)</small><br></div><div class="spacer battle-history"><br></div><div class="battle-history">Pampers used <strong>Knock Off</strong>!<br></div><div class="battle-history"><small>(The opposing Surskit lost <abbr title="−6/21">28.6%</abbr> of its health!)</small><br></div><div class="spacer battle-history"><br></div><div class="battle-history">The opposing Surskit fainted!<br></div><div class="spacer battle-history"><br></div><div class="battle-history">Joebattles sent out <strong>Cranidos</strong>!<br></div><div class="battle-history"><small>[The opposing Cranidos's Mold Breaker]</small><br><small>The opposing Cranidos breaks the mold!</small><br></div><div class="spacer battle-history"><br></div><h2 class="battle-history">Turn 3</h2><div class="spacer battle-history"><br></div><div class="battle-history">Pampers, come back!<br></div><div class="battle-history">Go! Mutombo (<strong>Hippopotas</strong>)!<br></div><div class="battle-history"><small>Mutombo was caught in a sticky web!</small><br></div><div class="battle-history"><small>Mutombo's Speed fell!</small><br></div><div class="battle-history"><small>[Mutombo's Sand Stream]</small><br><small>A sandstorm kicked up!</small><br></div><div class="spacer battle-history"><br></div><div class="battle-history">The opposing Cranidos used <strong>Stone Edge</strong>!<br></div><div class="battle-history"><small>Mutombo avoided the attack!</small><br></div><div class="spacer battle-history"><br></div><div class="battle-history"><small>The sandstorm is raging.</small><br></div><div class="spacer battle-history"><br></div><h2 class="battle-history">Turn 4</h2><div class="spacer battle-history"><br></div><div class="battle-history">Joebattles withdrew Cranidos!<br></div><div class="battle-history">Joebattles sent out <strong>Porygon</strong>!<br></div><div class="battle-history"><small>[The opposing Porygon's Trace]</small><br><small>[The opposing Porygon's Sand Stream]</small><br><small>The opposing Porygon traced Mutombo's Sand Stream!</small><br></div><div class="spacer battle-history"><br></div><div class="battle-history">Mutombo used <strong>Stealth Rock</strong>!<br></div><div class="battle-history"><small>Pointed stones float in the air around the opposing team!</small><br></div><div class="spacer battle-history"><br></div><div class="battle-history"><small>The sandstorm is raging.</small><br></div><div class="battle-history"><small>The opposing Porygon is buffeted by the sandstorm!</small><br></div><div class="spacer battle-history"><br></div><h2 class="battle-history">Turn 5</h2><div class="spacer battle-history"><br></div><div class="battle-history">Mutombo, come back!<br></div><div class="battle-history">Go! Sprout (<strong>Oddish</strong>)!<br></div><div class="battle-history"><small>Sprout was caught in a sticky web!</small><br></div><div class="battle-history"><small>Sprout's Speed fell!</small><br></div><div class="spacer battle-history"><br></div><div class="battle-history">The opposing Porygon used <strong>Toxic</strong>!<br></div><div class="battle-history"><small>It doesn't affect Sprout...</small><br></div><div class="spacer battle-history"><br></div><div class="battle-history"><small>The sandstorm is raging.</small><br></div><div class="battle-history"><small>The opposing Porygon is buffeted by the sandstorm!</small><br></div><div class="battle-history"><small>Sprout is buffeted by the sandstorm!</small><br></div><div class="spacer battle-history"><br></div><h2 class="battle-history">Turn 6</h2><div class="spacer battle-history"><br></div><div class="battle-history">The opposing Porygon used <strong>Ice Beam</strong>!<br></div><div class="battle-history"><small>It's super effective!</small><br></div><div class="battle-history"><small>(Sprout lost <abbr title="−14/24">58.3%</abbr> of its health!)</small><br></div><div class="spacer battle-history"><br></div><div class="battle-history">Sprout used <strong>Sleep Powder</strong>!<br></div><div class="battle-history"><small>The opposing Porygon fell asleep!</small><br></div><div class="spacer battle-history"><br></div><div class="battle-history"><small>The sandstorm is raging.</small><br></div><div class="battle-history"><small>The opposing Porygon is buffeted by the sandstorm!</small><br></div><div class="battle-history"><small>Sprout is buffeted by the sandstorm!</small><br></div><div class="spacer battle-history"><br></div><h2 class="battle-history">Turn 7</h2><div class="spacer battle-history"><br></div><div class="battle-history">Joebattles withdrew Porygon!<br></div><div class="battle-history">Joebattles sent out <strong>Foongus</strong>!<br></div><div class="battle-history"><small>Pointed stones dug into the opposing Foongus!</small><br></div><div class="spacer battle-history"><br></div><div class="battle-history">Sprout, come back!<br></div><div class="battle-history">Go! Holey Moley (<strong>Drilbur</strong>)!<br></div><div class="battle-history"><small>Holey Moley was caught in a sticky web!</small><br></div><div class="battle-history"><small>Holey Moley's Speed fell!</small><br></div><div class="spacer battle-history"><br></div><div class="battle-history"><small>The sandstorm subsided.</small><br></div><div class="spacer battle-history"><br></div><h2 class="battle-history">Turn 8</h2><div class="spacer battle-history"><br></div><div class="battle-history">Holey Moley used <strong>Rapid Spin</strong>!<br></div><div class="battle-history"><small>(The opposing Foongus lost <abbr title="−2/25">8%</abbr> of its health!)</small><br></div><div class="battle-history"><small>The sticky web has disappeared from the ground around your team!</small><br></div><div class="spacer battle-history"><br></div><div class="battle-history">The opposing Foongus used <strong>Spore</strong>!<br></div><div class="battle-history"><small>Holey Moley fell asleep!</small><br></div><div class="spacer battle-history"><br></div><h2 class="battle-history">Turn 9</h2><div class="spacer battle-history"><br></div><div class="battle-history">Holey Moley, come back!<br></div><div class="battle-history">Go! Sprout (<strong>Oddish</strong>)!<br></div><div class="spacer battle-history"><br></div><div class="battle-history">The opposing Foongus used <strong>Sludge Bomb</strong>!<br></div><div class="battle-history"><small>(Sprout lost <abbr title="−7/24">29.2%</abbr> of its health!)</small><br></div><div class="spacer battle-history"><br></div><h2 class="battle-history">Turn 10</h2><div class="spacer battle-history"><br></div><div class="battle-history">Joebattles withdrew Foongus!<br></div><div class="battle-history">Joebattles sent out <strong>Porygon</strong>!<br></div><div class="battle-history"><small>Pointed stones dug into the opposing Porygon!</small><br></div><div class="battle-history"><small>[The opposing Porygon's Trace]</small><br><small>[The opposing Porygon's Chlorophyll]</small><br><small>The opposing Porygon traced Sprout's Chlorophyll!</small><br></div><div class="spacer battle-history"><br></div><div class="battle-history">Sprout used <strong>Synthesis</strong>!<br></div><div class="battle-history"><small>Sprout restored its HP.</small><br></div><div class="spacer battle-history"><br></div><h2 class="battle-history">Turn 11</h2><div class="spacer battle-history"><br></div><div class="battle-history">Sprout used <strong>Giga Drain</strong>!<br></div><div class="battle-history"><small>(The opposing Porygon lost <abbr title="−6/25">24%</abbr> of its health!)</small><br></div><div class="battle-history"><small>The opposing Porygon had its energy drained!</small><br></div><div class="spacer battle-history"><br></div><div class="battle-history">The opposing Porygon is fast asleep.<br></div><div class="spacer battle-history"><br></div><h2 class="battle-history">Turn 12</h2><div class="spacer battle-history"><br></div><div class="battle-history"><small>The opposing Porygon woke up!</small><br></div><div class="spacer battle-history"><br></div><div class="battle-history">The opposing Porygon used <strong>Recover</strong>!<br></div><div class="battle-history"><small>The opposing Porygon restored its HP.</small><br></div><div class="spacer battle-history"><br></div><div class="battle-history">Sprout used <strong>Sludge Bomb</strong>!<br></div><div class="battle-history"><small>(The opposing Porygon lost <abbr title="−7/25">28.0%</abbr> of its health!)</small><br></div><div class="battle-history"><small>The opposing Porygon was poisoned!</small><br></div><div class="spacer battle-history"><br></div><div class="battle-history"><small>The opposing Porygon was hurt by poison!</small><br></div><div class="spacer battle-history"><br></div><h2 class="battle-history">Turn 13</h2><div class="spacer battle-history"><br></div><div class="battle-history">The opposing Porygon used <strong>Ice Beam</strong>!<br></div><div class="battle-history"><small>It's super effective!</small><br></div><div class="battle-history"><small>(Sprout lost <abbr title="−14/24">58.3%</abbr> of its health!)</small><br></div><div class="spacer battle-history"><br></div><div class="battle-history">Sprout used <strong>Sludge Bomb</strong>!<br></div><div class="battle-history"><small>A critical hit!</small><br></div><div class="battle-history"><small>(The opposing Porygon lost <abbr title="−12/25">48%</abbr> of its health!)</small><br></div><div class="spacer battle-history"><br></div><div class="battle-history"><small>The opposing Porygon was hurt by poison!</small><br></div><div class="spacer battle-history"><br></div><div class="battle-history">The opposing Porygon fainted!<br></div><div class="chat chatmessage-panther2"><strong style="color:hsl(186,73%,43.283386504251%)"><small>★</small><span class="username" data-name="Panther2">Panther2</span>:</strong> <em>Sorry man</em></div><div class="chat chatmessage-joebattles"><strong style="color:hsl(349,86%,40%)"><small>★</small><span class="username" data-name="Joebattles">Joebattles</span>:</strong> <em>it's ok</em></div><div class="chat chatmessage-joebattles"><strong style="color:hsl(349,86%,40%)"><small>★</small><span class="username" data-name="Joebattles">Joebattles</span>:</strong> <em>i got frozen last week lol</em></div><div class="spacer battle-history"><br></div><div class="battle-history">Joebattles sent out <strong>Pancham</strong>!<br></div><div class="battle-history"><small>Pointed stones dug into the opposing Pancham!</small><br></div><div class="spacer battle-history"><br></div><h2 class="battle-history">Turn 14</h2><div class="spacer battle-history"><br></div><div class="battle-history">The opposing Pancham used <strong>Drain Punch</strong>!<br></div><div class="battle-history"><small>It's not very effective...</small><br></div><div class="battle-history"><small>(Sprout lost <abbr title="−2/24">8.3%</abbr> of its health!)</small><br></div><div class="battle-history"><small>Sprout had its energy drained!</small><br></div><div class="spacer battle-history"><br></div><div class="battle-history">Sprout fainted!<br></div><div class="spacer battle-history"><br></div><div class="battle-history">Go! Tentacles (<strong>Inkay</strong>)!<br></div><div class="spacer battle-history"><br></div><h2 class="battle-history">Turn 15</h2><div class="spacer battle-history"><br></div><div class="battle-history">Tentacles used <strong>Psycho Cut</strong>!<br></div><div class="battle-history"><small>It's super effective!</small><br></div><div class="battle-history"><small>(The opposing Pancham lost <abbr title="−20/23">87.0%</abbr> of its health!)</small><br></div><div class="spacer battle-history"><br></div><div class="battle-history">The opposing Pancham used <strong>Drain Punch</strong>!<br></div><div class="battle-history"><small>(Tentacles lost <abbr title="−22/22">100%</abbr> of its health!)</small><br></div><div class="battle-history"><small>Tentacles had its energy drained!</small><br></div><div class="spacer battle-history"><br></div><div class="battle-history">Tentacles fainted!<br></div><div class="spacer battle-history"><br></div><div class="battle-history">Go! Skywalker (<strong>Riolu</strong>)!<br></div><div class="spacer battle-history"><br></div><h2 class="battle-history">Turn 16</h2><div class="spacer battle-history"><br></div><div class="battle-history">Skywalker used <strong>High Jump Kick</strong>!<br></div><div class="battle-history"><small>The opposing Pancham avoided the attack!</small><br></div><div class="battle-history"><small>Skywalker kept going and crashed!</small><br></div><div class="spacer battle-history"><br></div><div class="battle-history">The opposing Pancham used <strong>Drain Punch</strong>!<br></div><div class="battle-history"><small>A critical hit!</small><br></div><div class="battle-history"><small>(Skywalker lost <abbr title="−10/20">50%</abbr> of its health!)</small><br></div><div class="battle-history"><small>Skywalker had its energy drained!</small><br></div><div class="spacer battle-history"><br></div><div class="battle-history">Skywalker fainted!<br></div><div class="chat chatmessage-joebattles"><strong style="color:hsl(349,86%,40%)"><small>★</small><span class="username" data-name="Joebattles">Joebattles</span>:</strong> <em>that sucks</em></div><div class="chat chatmessage-panther2"><strong style="color:hsl(186,73%,43.283386504251%)"><small>★</small><span class="username" data-name="Panther2">Panther2</span>:</strong> <em>Lol yep</em></div><div class="spacer battle-history"><br></div><div class="battle-history">Go! Pampers (<strong>Vullaby</strong>)!<br></div><div class="spacer battle-history"><br></div><h2 class="battle-history">Turn 17</h2><div class="spacer battle-history"><br></div><div class="battle-history">Pampers used <strong>Brave Bird</strong>!<br></div><div class="battle-history"><small>It's super effective!</small><br></div><div class="battle-history"><small>(The opposing Pancham lost <abbr title="−19/23">82.6%</abbr> of its health!)</small><br></div><div class="battle-history"><small>Pampers is damaged by the recoil!</small><br></div><div class="spacer battle-history"><br></div><div class="battle-history">The opposing Pancham fainted!<br></div><div class="spacer battle-history"><br></div><div class="battle-history">Joebattles sent out <strong>Cranidos</strong>!<br></div><div class="battle-history"><small>Pointed stones dug into the opposing Cranidos!</small><br></div><div class="battle-history"><small>[The opposing Cranidos's Mold Breaker]</small><br><small>The opposing Cranidos breaks the mold!</small><br></div><div class="spacer battle-history"><br></div><h2 class="battle-history">Turn 18</h2><div class="spacer battle-history"><br></div><div class="battle-history">Pampers, come back!<br></div><div class="battle-history">Go! Mutombo (<strong>Hippopotas</strong>)!<br></div><div class="battle-history"><small>[Mutombo's Sand Stream]</small><br><small>A sandstorm kicked up!</small><br></div><div class="spacer battle-history"><br></div><div class="battle-history">The opposing Cranidos used <strong>Ice Beam</strong>!<br></div><div class="battle-history"><small>It's super effective!</small><br></div><div class="battle-history"><small>(Mutombo lost <abbr title="−8/25">32%</abbr> of its health!)</small><br></div><div class="spacer battle-history"><br></div><div class="battle-history"><small>The sandstorm is raging.</small><br></div><div class="spacer battle-history"><br></div><h2 class="battle-history">Turn 19</h2><div class="spacer battle-history"><br></div><div class="battle-history">Joebattles withdrew Cranidos!<br></div><div class="battle-history">Joebattles sent out <strong>Foongus</strong>!<br></div><div class="battle-history"><small>Pointed stones dug into the opposing Foongus!</small><br></div><div class="spacer battle-history"><br></div><div class="battle-history">Mutombo used <strong>Earthquake</strong>!<br></div><div class="battle-history"><small>(The opposing Foongus lost <abbr title="−9/25">36%</abbr> of its health!)</small><br></div><div class="spacer battle-history"><br></div><div class="battle-history"><small>The sandstorm is raging.</small><br></div><div class="battle-history"><small>The opposing Foongus is buffeted by the sandstorm!</small><br></div><div class="spacer battle-history"><br></div><h2 class="battle-history">Turn 20</h2><div class="spacer battle-history"><br></div><div class="battle-history">Mutombo, come back!<br></div><div class="battle-history">Go! Pampers (<strong>Vullaby</strong>)!<br></div><div class="spacer battle-history"><br></div><div class="battle-history">The opposing Foongus used <strong>Sludge Bomb</strong>!<br></div><div class="battle-history"><small>(Pampers lost <abbr title="−7/25">28.0%</abbr> of its health!)</small><br></div><div class="spacer battle-history"><br></div><div class="battle-history">Pampers fainted!<br></div><div class="spacer battle-history"><br></div><div class="battle-history"><small>The sandstorm is raging.</small><br></div><div class="battle-history"><small>The opposing Foongus is buffeted by the sandstorm!</small><br></div><div class="spacer battle-history"><br></div><div class="battle-history">Go! Holey Moley (<strong>Drilbur</strong>)!<br></div><div class="spacer battle-history"><br></div><h2 class="battle-history">Turn 21</h2><div class="spacer battle-history"><br></div><div class="battle-history">Holey Moley is fast asleep.<br></div><div class="spacer battle-history"><br></div><div class="battle-history">Holey Moley used <strong>Sleep Talk</strong>!<br></div><div class="spacer battle-history"><br></div><div class="battle-history">Holey Moley used <strong>Earthquake</strong>!<br></div><div class="battle-history"><small>(The opposing Foongus lost <abbr title="−9/25">36%</abbr> of its health!)</small><br></div><div class="spacer battle-history"><br></div><div class="battle-history">The opposing Foongus used <strong>Giga Drain</strong>!<br></div><div class="battle-history"><small>It's super effective!</small><br></div><div class="battle-history"><small>(Holey Moley lost <abbr title="−12/23">52.2%</abbr> of its health!)</small><br></div><div class="battle-history"><small>Holey Moley had its energy drained!</small><br></div><div class="spacer battle-history"><br></div><div class="battle-history"><small>The sandstorm is raging.</small><br></div><div class="battle-history"><small>The opposing Foongus is buffeted by the sandstorm!</small><br></div><div class="spacer battle-history"><br></div><h2 class="battle-history">Turn 22</h2><div class="spacer battle-history"><br></div><div class="battle-history">Holey Moley is fast asleep.<br></div><div class="spacer battle-history"><br></div><div class="battle-history">Holey Moley used <strong>Sleep Talk</strong>!<br></div><div class="spacer battle-history"><br></div><div class="battle-history">Holey Moley used <strong>Rock Slide</strong>!<br></div><div class="battle-history"><small>(The opposing Foongus lost <abbr title="−5/25">20%</abbr> of its health!)</small><br></div><div class="spacer battle-history"><br></div><div class="battle-history">The opposing Foongus used <strong>Giga Drain</strong>!<br></div><div class="battle-history"><small>It's super effective!</small><br></div><div class="battle-history"><small>(Holey Moley lost <abbr title="−11/23">47.8%</abbr> of its health!)</small><br></div><div class="battle-history"><small>Holey Moley had its energy drained!</small><br></div><div class="spacer battle-history"><br></div><div class="battle-history">Holey Moley fainted!<br></div><div class="spacer battle-history"><br></div><div class="battle-history"><small>The sandstorm subsided.</small><br></div><div class="spacer battle-history"><br></div><div class="battle-history">Go! Mutombo (<strong>Hippopotas</strong>)!<br></div><div class="battle-history"><small>[Mutombo's Sand Stream]</small><br><small>A sandstorm kicked up!</small><br></div><div class="spacer battle-history"><br></div><h2 class="battle-history">Turn 23</h2><div class="chat chatmessage-panther2"><strong style="color:hsl(186,73%,43.283386504251%)"><small>★</small><span class="username" data-name="Panther2">Panther2</span>:</strong> <em>Gg</em></div><div class="spacer battle-history"><br></div><div class="battle-history">Mutombo used <strong>Earthquake</strong>!<br></div><div class="battle-history"><small>(The opposing Foongus lost <abbr title="−8/25">32%</abbr> of its health!)</small><br></div><div class="spacer battle-history"><br></div><div class="battle-history">The opposing Foongus fainted!<br></div><div class="spacer battle-history"><br></div><div class="battle-history"><small>The sandstorm is raging.</small><br></div><div class="spacer battle-history"><br></div><div class="battle-history">Joebattles sent out <strong>Shroomish</strong>!<br></div><div class="battle-history"><small>Pointed stones dug into the opposing Shroomish!</small><br></div><div class="spacer battle-history"><br></div><h2 class="battle-history">Turn 24</h2><div class="spacer battle-history"><br></div><div class="battle-history">The opposing Shroomish used <strong>Bullet Seed</strong>!<br></div><div class="battle-history"><small>It's super effective!</small><br></div><div class="battle-history"><small>(Mutombo lost <abbr title="−6/25">24%</abbr> of its health!)</small><br></div><div class="battle-history"><small>It's super effective!</small><br></div><div class="battle-history"><small>(Mutombo lost <abbr title="−6/25">24%</abbr> of its health!)</small><br></div><div class="battle-history"><small>Hit 2 times!</small><br></div><div class="spacer battle-history"><br></div><div class="battle-history">Mutombo used <strong>Earthquake</strong>!<br></div><div class="battle-history"><small>It's not very effective...</small><br></div><div class="battle-history"><small>(The opposing Shroomish lost <abbr title="−4/23">17.4%</abbr> of its health!)</small><br></div><div class="spacer battle-history"><br></div><div class="battle-history"><small>The sandstorm is raging.</small><br></div><div class="battle-history"><small>The opposing Shroomish is buffeted by the sandstorm!</small><br></div><div class="spacer battle-history"><br></div><h2 class="battle-history">Turn 25</h2><div class="spacer battle-history"><br></div><div class="battle-history">The opposing Shroomish used <strong>Bullet Seed</strong>!<br></div><div class="battle-history"><small>It's super effective!</small><br></div><div class="battle-history"><small>(Mutombo lost <abbr title="−5/25">20%</abbr> of its health!)</small><br></div><div class="battle-history"><small>Hit 1 time!</small><br></div><div class="spacer battle-history"><br></div><div class="battle-history">Mutombo fainted!<br></div><div class="spacer battle-history"><br></div><div class="battle-history"><strong>Joebattles</strong> won the battle!<br></div><div class="chat chatmessage-joebattles"><strong style="color:hsl(349,86%,40%)"><small>★</small><span class="username" data-name="Joebattles">Joebattles</span>:</strong> <em>gg</em></div><div class="chat"><small>Panther2 left.</small></div></div><div class="inner-preempt"></div></div></div>
</div>
<script>
let daily = Math.floor(Date.now()/1000/60/60/24);document.write('<script src="https://play.pokemonshowdown.com/js/replay-embed.js?version'+daily+'"></'+'script>');
</script>
