<!DOCTYPE html>
<meta charset="utf-8" />
<!-- version 1 -->
<title>LC replay: Gustawe vs. Tetu98</title>
<style>
html,body {font-family:Verdana, sans-serif;font-size:10pt;margin:0;padding:0;}body{padding:12px 0;} .battle-log {font-family:Verdana, sans-serif;font-size:10pt;} .battle-log-inline {border:1px solid #AAAAAA;background:#EEF2F5;color:black;max-width:640px;margin:0 auto 80px;padding-bottom:5px;} .battle-log .inner {padding:4px 8px 0px 8px;} .battle-log .inner-preempt {padding:0 8px 4px 8px;} .battle-log .inner-after {margin-top:0.5em;} .battle-log h2 {margin:0.5em -8px;padding:4px 8px;border:1px solid #AAAAAA;background:#E0E7EA;border-left:0;border-right:0;font-family:Verdana, sans-serif;font-size:13pt;} .battle-log .chat {vertical-align:middle;padding:3px 0 3px 0;font-size:8pt;} .battle-log .chat strong {color:#40576A;} .battle-log .chat em {padding:1px 4px 1px 3px;color:#000000;font-style:normal;} .chat.mine {background:rgba(0,0,0,0.05);margin-left:-8px;margin-right:-8px;padding-left:8px;padding-right:8px;} .spoiler {color:#BBBBBB;background:#BBBBBB;padding:0px 3px;} .spoiler:hover, .spoiler:active, .spoiler-shown {color:#000000;background:#E2E2E2;padding:0px 3px;} .spoiler a {color:#BBBBBB;} .spoiler:hover a, .spoiler:active a, .spoiler-shown a {color:#2288CC;} .chat code, .chat .spoiler:hover code, .chat .spoiler:active code, .chat .spoiler-shown code {border:1px solid #C0C0C0;background:#EEEEEE;color:black;padding:0 2px;} .chat .spoiler code {border:1px solid #CCCCCC;background:#CCCCCC;color:#CCCCCC;} .battle-log .rated {padding:3px 4px;} .battle-log .rated strong {color:white;background:#89A;padding:1px 4px;border-radius:4px;} .spacer {margin-top:0.5em;} .message-announce {background:#6688AA;color:white;padding:1px 4px 2px;} .message-announce a, .broadcast-green a, .broadcast-blue a, .broadcast-red a {color:#DDEEFF;} .broadcast-green {background-color:#559955;color:white;padding:2px 4px;} .broadcast-blue {background-color:#6688AA;color:white;padding:2px 4px;} .infobox {border:1px solid #6688AA;padding:2px 4px;} .infobox-limited {max-height:200px;overflow:auto;overflow-x:hidden;} .broadcast-red {background-color:#AA5544;color:white;padding:2px 4px;} .message-learn-canlearn {font-weight:bold;color:#228822;text-decoration:underline;} .message-learn-cannotlearn {font-weight:bold;color:#CC2222;text-decoration:underline;} .message-effect-weak {font-weight:bold;color:#CC2222;} .message-effect-resist {font-weight:bold;color:#6688AA;} .message-effect-immune {font-weight:bold;color:#666666;} .message-learn-list {margin-top:0;margin-bottom:0;} .message-throttle-notice, .message-error {color:#992222;} .message-overflow, .chat small.message-overflow {font-size:0pt;} .message-overflow::before {font-size:9pt;content:'...';} .subtle {color:#3A4A66;}
</style>
<div class="wrapper replay-wrapper" style="max-width:1180px;margin:0 auto">
<input type="hidden" name="replayid" value="lc-507154393" />
<div class="battle"></div><div class="battle-log"></div><div class="replay-controls"></div><div class="replay-controls-2"></div>
<h1 style="font-weight:normal;text-align:center"><strong>LC</strong><br /><a href="http://pokemonshowdown.com/users/gustawe" class="subtle" target="_blank">Gustawe</a> vs. <a href="http://pokemonshowdown.com/users/tetu98" class="subtle" target="_blank">Tetu98</a></h1>
<script type="text/plain" class="battle-log-data">|j|Gustawe
|j|Tetu98
|player|p1|Gustawe|20
|player|p2|Tetu98|153
|gametype|singles
|gen|6
|tier|LC
|rated
|seed|2396,29268,24013,15537
|clearpoke
|poke|p1|Noibat, L5, M|item
|poke|p1|Wailmer, L5, F, shiny|item
|poke|p1|Abra, L5, F|item
|poke|p1|Cubchoo, L5, M|item
|poke|p1|Aipom, L5, F|item
|poke|p1|Amaura, L5, M, shiny|item
|poke|p2|Aipom, L5, M|item
|poke|p2|Chespin, L5, M|item
|poke|p2|Croagunk, L5, M|item
|poke|p2|Onix, L5, M|item
|poke|p2|Cyndaquil, L5, M|item
|poke|p2|Squirtle, L5, M|item
|rule|Sleep Clause Mod: Limit one foe put to sleep
|rule|Species Clause: Limit one of each Pokémon
|rule|OHKO Clause: OHKO moves are banned
|rule|Moody Clause: Moody is banned
|rule|Evasion Moves Clause: Evasion moves are banned
|rule|Endless Battle Clause: Forcing endless battles is banned
|rule|HP Percentage Mod: HP is shown in percentages
|teampreview
|choice|team 2, team 1, team 3, team 4, team 5, team 6|team 1, team 2, team 3, team 4, team 5, team 6
|
|start
|switch|p1a: Wailmer|Wailmer, L5, F, shiny|32\/32
|switch|p2a: Aipom|Aipom, L5, M|22\/22
|turn|1
|choice|move heavyslam|move fakeout
|
|move|p2a: Aipom|Fake Out|p1a: Wailmer
|-crit|p1a: Wailmer
|-damage|p1a: Wailmer|23\/32
|cant|p1a: Wailmer|flinch
|
|upkeep
|turn|2
|choice|move heavyslam|move gunkshot
|
|move|p2a: Aipom|Gunk Shot|p1a: Wailmer
|-damage|p1a: Wailmer|13\/32
|move|p1a: Wailmer|Heavy Slam|p2a: Aipom
|-damage|p2a: Aipom|8\/22
|
|-heal|p2a: Aipom|9\/22|[from] item: Leftovers
|upkeep
|turn|3
|choice|move earthquake|move brickbreak
|
|move|p2a: Aipom|Brick Break|p1a: Wailmer
|-damage|p1a: Wailmer|6\/32
|move|p1a: Wailmer|Earthquake|p2a: Aipom
|-damage|p2a: Aipom|0 fnt
|faint|p2a: Aipom
|
|upkeep
|choice||switch 2
|
|switch|p2a: Chespin|Chespin, L5, M|22\/22
|turn|4
|choice|switch 4|move gigadrain
|
|switch|p1a: Cubchoo|Cubchoo, L5, M|25\/25
|move|p2a: Chespin|Giga Drain|p1a: Cubchoo
|-damage|p1a: Cubchoo|18\/25
|
|upkeep
|turn|5
|choice|move icebeam|move drainpunch
|
|move|p1a: Cubchoo|Ice Beam|p2a: Chespin
|-supereffective|p2a: Chespin
|-damage|p2a: Chespin|2\/22
|move|p2a: Chespin|Drain Punch|p1a: Cubchoo
|-supereffective|p1a: Cubchoo
|-damage|p1a: Cubchoo|6\/25
|-heal|p2a: Chespin|8\/22|[from] drain|[of] p1a: Cubchoo
|
|upkeep
|turn|6
|choice|move icebeam|switch 3
|
|switch|p2a: Croagunk|Croagunk, L5, M|21\/21
|move|p1a: Cubchoo|Ice Beam|p2a: Croagunk
|-damage|p2a: Croagunk|11\/21
|
|upkeep
|turn|7
|choice|move blizzard|move fakeout
|
|move|p2a: Croagunk|Fake Out|p1a: Cubchoo
|-damage|p1a: Cubchoo|2\/25
|cant|p1a: Cubchoo|flinch
|
|upkeep
|turn|8
|choice|move rest|move drainpunch
|
|move|p2a: Croagunk|Drain Punch|p1a: Cubchoo
|-supereffective|p1a: Cubchoo
|-damage|p1a: Cubchoo|0 fnt
|-heal|p2a: Croagunk|12\/21|[from] drain|[of] p1a: Cubchoo
|faint|p1a: Cubchoo
|
|upkeep
|choice|switch 2|
|
|switch|p1a: Noibat|Noibat, L5, M|23\/23
|turn|9
|choice|move hurricane|move drainpunch
|
|move|p1a: Noibat|Hurricane|p2a: Croagunk
|-supereffective|p2a: Croagunk
|-damage|p2a: Croagunk|0 fnt
|faint|p2a: Croagunk
|
|upkeep
|choice||switch 4
|
|switch|p2a: Onix|Onix, L5, M|20\/20
|turn|10
|choice|move hurricane|move stealthrock
|
|move|p2a: Onix|Stealth Rock|p1a: Noibat
|-sidestart|p1: Gustawe|move: Stealth Rock
|move|p1a: Noibat|Hurricane|p2a: Onix
|-resisted|p2a: Onix
|-damage|p2a: Onix|11\/20
|
|-heal|p2a: Onix|12\/20|[from] item: Leftovers
|upkeep
|turn|11
|choice|move darkpulse|move dragontail
|
|move|p1a: Noibat|Dark Pulse|p2a: Onix
|-damage|p2a: Onix|3\/20
|cant|p2a: Onix|flinch
|
|-heal|p2a: Onix|4\/20|[from] item: Leftovers
|upkeep
|turn|12
|choice|move darkpulse|move dragontail
|
|move|p1a: Noibat|Dark Pulse|p2a: Onix
|-damage|p2a: Onix|0 fnt
|faint|p2a: Onix
|
|upkeep
|choice||switch 6
|
|switch|p2a: Squirtle|Squirtle, L5, M|20\/20
|turn|13
|choice|move hurricane|move icebeam
|
|move|p1a: Noibat|Hurricane|p2a: Squirtle
|-damage|p2a: Squirtle|8\/20
|-start|p2a: Squirtle|confusion
|-activate|p2a: Squirtle|confusion
|move|p2a: Squirtle|Ice Beam|p1a: Noibat
|-supereffective|p1a: Noibat
|-damage|p1a: Noibat|0 fnt
|faint|p1a: Noibat
|
|upkeep
|choice|switch 6|
|
|switch|p1a: Amaura|Amaura, L5, M, shiny|27\/27
|-damage|p1a: Amaura|21\/27|[from] Stealth Rock
|-weather|Hail|[from] ability: Snow Warning|[of] p1a: Amaura
|turn|14
|choice|move ancientpower|move scald
|
|-activate|p2a: Squirtle|confusion
|move|p2a: Squirtle|Scald|p1a: Amaura
|-supereffective|p1a: Amaura
|-damage|p1a: Amaura|3\/27
|move|p1a: Amaura|Ancient Power|p2a: Squirtle
|-damage|p2a: Squirtle|2\/20
|
|-weather|Hail|[upkeep]
|-damage|p2a: Squirtle|1\/20|[from] hail
|upkeep
|turn|15
|choice|move blizzard|move aquajet
|
|-end|p2a: Squirtle|confusion
|move|p2a: Squirtle|Aqua Jet|p1a: Amaura
|-supereffective|p1a: Amaura
|-damage|p1a: Amaura|0 fnt
|faint|p1a: Amaura
|
|-weather|Hail|[upkeep]
|-damage|p2a: Squirtle|0 fnt|[from] hail
|upkeep
|faint|p2a: Squirtle
|choice|switch 5|switch 3
|
|switch|p1a: Aipom|Aipom, L5, F|22\/22
|switch|p2a: Chespin|Chespin, L5, M|8\/22
|-damage|p1a: Aipom|20\/22|[from] Stealth Rock
|turn|16
|choice|move furyswipes|move drainpunch
|
|move|p1a: Aipom|Fury Swipes|p2a: Chespin
|-damage|p2a: Chespin|4\/22
|-damage|p2a: Chespin|1\/22
|-damage|p2a: Chespin|0 fnt
|-hitcount|p2a: Chespin|3
|faint|p2a: Chespin
|
|-weather|Hail|[upkeep]
|-damage|p1a: Aipom|19\/22|[from] hail
|upkeep
|choice||switch 5
|
|switch|p2a: Cyndaquil|Cyndaquil, L5, M|21\/21
|turn|17
|choice|move furyswipes|move toxic
|
|move|p1a: Aipom|Fury Swipes|p2a: Cyndaquil|[miss]
|-miss|p1a: Aipom|p2a: Cyndaquil
|move|p2a: Cyndaquil|Toxic|p1a: Aipom
|-status|p1a: Aipom|tox
|
|-weather|Hail|[upkeep]
|-damage|p1a: Aipom|18\/22 tox|[from] hail
|-damage|p2a: Cyndaquil|20\/21|[from] hail
|-damage|p1a: Aipom|17\/22 tox|[from] psn
|upkeep
|turn|18
|choice|move furyswipes|move flamethrower
|
|move|p1a: Aipom|Fury Swipes|p2a: Cyndaquil
|-damage|p2a: Cyndaquil|17\/21
|-damage|p2a: Cyndaquil|14\/21
|-damage|p2a: Cyndaquil|10\/21
|-damage|p2a: Cyndaquil|6\/21
|-damage|p2a: Cyndaquil|3\/21
|-hitcount|p2a: Cyndaquil|5
|move|p2a: Cyndaquil|Flamethrower|p1a: Aipom
|-damage|p1a: Aipom|5\/22 tox
|
|-weather|none
|-damage|p1a: Aipom|3\/22 tox|[from] psn
|upkeep
|turn|19
|choice|move beatup|move extrasensory
|
|move|p1a: Aipom|Beat Up|p2a: Cyndaquil
|-crit|p2a: Cyndaquil
|-damage|p2a: Cyndaquil|0 fnt
|-hitcount|p2a: Cyndaquil|1
|faint|p2a: Cyndaquil
|
|win|Gustawe
|player|p1
|player|p2
|l|Tetu98</script>
</div>
<div class="battle-log battle-log-inline"><div class="inner"><div class="battle-options"></div><div class="inner"><div class="chat"><small>Gustawe joined.</small></div><div class="chat"><small>Tetu98 joined.</small></div><div class=""><small>Format:</small> <br><strong>LC</strong></div><div class="rated"><strong>Rated battle</strong></div><div class=""><small><em>Sleep Clause Mod:</em> Limit one foe put to sleep</small></div><div class=""><small><em>Species Clause:</em> Limit one of each Pokémon</small></div><div class=""><small><em>OHKO Clause:</em> OHKO moves are banned</small></div><div class=""><small><em>Moody Clause:</em> Moody is banned</small></div><div class=""><small><em>Evasion Moves Clause:</em> Evasion moves are banned</small></div><div class=""><small><em>Endless Battle Clause:</em> Forcing endless battles is banned</small></div><div class=""><small><em>HP Percentage Mod:</em> HP is shown in percentages</small></div><div class="chat battle-history"><strong>Gustawe's team:</strong> <em style="color:#445566;display:block;">Noibat / Wailmer / Abra / Cubchoo / Aipom / Amaura</em></div><div class="chat battle-history"><strong>Tetu98's team:</strong> <em style="color:#445566;display:block;">Aipom / Chespin / Croagunk / Onix / Cyndaquil / Squirtle</em></div><div class="spacer battle-history"><br></div><div class="battle-history">Battle started between Gustawe and Tetu98!<br></div><div class="spacer battle-history"><br></div><div class="battle-history">Go! <strong>Wailmer</strong>!<br></div><div class="spacer battle-history"><br></div><div class="battle-history">Tetu98 sent out <strong>Aipom</strong>!<br></div><div class="spacer battle-history"><br></div><h2 class="battle-history">Turn 1</h2><div class="spacer battle-history"><br></div><div class="battle-history">The opposing Aipom used <strong>Fake Out</strong>!<br></div><div class="battle-history"><small>A critical hit!</small><br></div><div class="battle-history"><small>(Wailmer lost <abbr title="−9/32">28.1%</abbr> of its health!)</small><br></div><div class="spacer battle-history"><br></div><div class="battle-history">Wailmer flinched and couldn't move!<br></div><div class="spacer battle-history"><br></div><h2 class="battle-history">Turn 2</h2><div class="spacer battle-history"><br></div><div class="battle-history">The opposing Aipom used <strong>Gunk Shot</strong>!<br></div><div class="battle-history"><small>(Wailmer lost <abbr title="−10/32">31.3%</abbr> of its health!)</small><br></div><div class="spacer battle-history"><br></div><div class="battle-history">Wailmer used <strong>Heavy Slam</strong>!<br></div><div class="battle-history"><small>(The opposing Aipom lost <abbr title="−14/22">63.6%</abbr> of its health!)</small><br></div><div class="spacer battle-history"><br></div><div class="battle-history"><small>The opposing Aipom restored a little HP using its Leftovers!</small><br></div><div class="spacer battle-history"><br></div><h2 class="battle-history">Turn 3</h2><div class="spacer battle-history"><br></div><div class="battle-history">The opposing Aipom used <strong>Brick Break</strong>!<br></div><div class="battle-history"><small>(Wailmer lost <abbr title="−7/32">21.9%</abbr> of its health!)</small><br></div><div class="spacer battle-history"><br></div><div class="battle-history">Wailmer used <strong>Earthquake</strong>!<br></div><div class="battle-history"><small>(The opposing Aipom lost <abbr title="−9/22">40.9%</abbr> of its health!)</small><br></div><div class="spacer battle-history"><br></div><div class="battle-history">The opposing Aipom fainted!<br></div><div class="spacer battle-history"><br></div><div class="battle-history">Tetu98 sent out <strong>Chespin</strong>!<br></div><div class="spacer battle-history"><br></div><h2 class="battle-history">Turn 4</h2><div class="spacer battle-history"><br></div><div class="battle-history">Wailmer, come back!<br></div><div class="battle-history">Go! <strong>Cubchoo</strong>!<br></div><div class="spacer battle-history"><br></div><div class="battle-history">The opposing Chespin used <strong>Giga Drain</strong>!<br></div><div class="battle-history"><small>(Cubchoo lost <abbr title="−7/25">28.0%</abbr> of its health!)</small><br></div><div class="spacer battle-history"><br></div><h2 class="battle-history">Turn 5</h2><div class="spacer battle-history"><br></div><div class="battle-history">Cubchoo used <strong>Ice Beam</strong>!<br></div><div class="battle-history"><small>It's super effective!</small><br></div><div class="battle-history"><small>(The opposing Chespin lost <abbr title="−20/22">90.9%</abbr> of its health!)</small><br></div><div class="spacer battle-history"><br></div><div class="battle-history">The opposing Chespin used <strong>Drain Punch</strong>!<br></div><div class="battle-history"><small>It's super effective!</small><br></div><div class="battle-history"><small>(Cubchoo lost <abbr title="−12/25">48%</abbr> of its health!)</small><br></div><div class="battle-history"><small>Cubchoo had its energy drained!</small><br></div><div class="spacer battle-history"><br></div><h2 class="battle-history">Turn 6</h2><div class="spacer battle-history"><br></div><div class="battle-history">Tetu98 withdrew Chespin!<br></div><div class="battle-history">Tetu98 sent out <strong>Croagunk</strong>!<br></div><div class="spacer battle-history"><br></div><div class="battle-history">Cubchoo used <strong>Ice Beam</strong>!<br></div><div class="battle-history"><small>(The opposing Croagunk lost <abbr title="−10/21">47.6%</abbr> of its health!)</small><br></div><div class="spacer battle-history"><br></div><h2 class="battle-history">Turn 7</h2><div class="spacer battle-history"><br></div><div class="battle-history">The opposing Croagunk used <strong>Fake Out</strong>!<br></div><div class="battle-history"><small>(Cubchoo lost <abbr title="−4/25">16%</abbr> of its health!)</small><br></div><div class="spacer battle-history"><br></div><div class="battle-history">Cubchoo flinched and couldn't move!<br></div><div class="spacer battle-history"><br></div><h2 class="battle-history">Turn 8</h2><div class="spacer battle-history"><br></div><div class="battle-history">The opposing Croagunk used <strong>Drain Punch</strong>!<br></div><div class="battle-history"><small>It's super effective!</small><br></div><div class="battle-history"><small>(Cubchoo lost <abbr title="−2/25">8%</abbr> of its health!)</small><br></div><div class="battle-history"><small>Cubchoo had its energy drained!</small><br></div><div class="spacer battle-history"><br></div><div class="battle-history">Cubchoo fainted!<br></div><div class="spacer battle-history"><br></div><div class="battle-history">Go! <strong>Noibat</strong>!<br></div><div class="spacer battle-history"><br></div><h2 class="battle-history">Turn 9</h2><div class="spacer battle-history"><br></div><div class="battle-history">Noibat used <strong>Hurricane</strong>!<br></div><div class="battle-history"><small>It's super effective!</small><br></div><div class="battle-history"><small>(The opposing Croagunk lost <abbr title="−12/21">57.1%</abbr> of its health!)</small><br></div><div class="spacer battle-history"><br></div><div class="battle-history">The opposing Croagunk fainted!<br></div><div class="spacer battle-history"><br></div><div class="battle-history">Tetu98 sent out <strong>Onix</strong>!<br></div><div class="spacer battle-history"><br></div><h2 class="battle-history">Turn 10</h2><div class="spacer battle-history"><br></div><div class="battle-history">The opposing Onix used <strong>Stealth Rock</strong>!<br></div><div class="battle-history"><small>Pointed stones float in the air around your team!</small><br></div><div class="spacer battle-history"><br></div><div class="battle-history">Noibat used <strong>Hurricane</strong>!<br></div><div class="battle-history"><small>It's not very effective...</small><br></div><div class="battle-history"><small>(The opposing Onix lost <abbr title="−9/20">45%</abbr> of its health!)</small><br></div><div class="spacer battle-history"><br></div><div class="battle-history"><small>The opposing Onix restored a little HP using its Leftovers!</small><br></div><div class="spacer battle-history"><br></div><h2 class="battle-history">Turn 11</h2><div class="spacer battle-history"><br></div><div class="battle-history">Noibat used <strong>Dark Pulse</strong>!<br></div><div class="battle-history"><small>(The opposing Onix lost <abbr title="−9/20">45%</abbr> of its health!)</small><br></div><div class="spacer battle-history"><br></div><div class="battle-history">The opposing Onix flinched and couldn't move!<br></div><div class="spacer battle-history"><br></div><div class="battle-history"><small>The opposing Onix restored a little HP using its Leftovers!</small><br></div><div class="spacer battle-history"><br></div><h2 class="battle-history">Turn 12</h2><div class="spacer battle-history"><br></div><div class="battle-history">Noibat used <strong>Dark Pulse</strong>!<br></div><div class="battle-history"><small>(The opposing Onix lost <abbr title="−4/20">20%</abbr> of its health!)</small><br></div><div class="spacer battle-history"><br></div><div class="battle-history">The opposing Onix fainted!<br></div><div class="spacer battle-history"><br></div><div class="battle-history">Tetu98 sent out <strong>Squirtle</strong>!<br></div><div class="spacer battle-history"><br></div><h2 class="battle-history">Turn 13</h2><div class="spacer battle-history"><br></div><div class="battle-history">Noibat used <strong>Hurricane</strong>!<br></div><div class="battle-history"><small>(The opposing Squirtle lost <abbr title="−12/20">60%</abbr> of its health!)</small><br></div><div class="battle-history"><small>The opposing Squirtle became confused!</small><br></div><div class="spacer battle-history"><br></div><div class="battle-history"><small>The opposing Squirtle is confused!</small><br></div><div class="battle-history">The opposing Squirtle used <strong>Ice Beam</strong>!<br></div><div class="battle-history"><small>It's super effective!</small><br></div><div class="battle-history"><small>(Noibat lost <abbr title="−23/23">100%</abbr> of its health!)</small><br></div><div class="spacer battle-history"><br></div><div class="battle-history">Noibat fainted!<br></div><div class="spacer battle-history"><br></div><div class="battle-history">Go! <strong>Amaura</strong>!<br></div><div class="battle-history"><small>Pointed stones dug into Amaura!</small><br></div><div class="battle-history"><small>[Amaura's Snow Warning]</small><br><small>It started to hail!</small><br></div><div class="spacer battle-history"><br></div><h2 class="battle-history">Turn 14</h2><div class="spacer battle-history"><br></div><div class="battle-history"><small>The opposing Squirtle is confused!</small><br></div><div class="battle-history">The opposing Squirtle used <strong>Scald</strong>!<br></div><div class="battle-history"><small>It's super effective!</small><br></div><div class="battle-history"><small>(Amaura lost <abbr title="−18/27">66.7%</abbr> of its health!)</small><br></div><div class="spacer battle-history"><br></div><div class="battle-history">Amaura used <strong>Ancient Power</strong>!<br></div><div class="battle-history"><small>(The opposing Squirtle lost <abbr title="−6/20">30%</abbr> of its health!)</small><br></div><div class="spacer battle-history"><br></div><div class="battle-history"><small>The hail is crashing down.</small><br></div><div class="battle-history"><small>The opposing Squirtle is buffeted by the hail!</small><br></div><div class="spacer battle-history"><br></div><h2 class="battle-history">Turn 15</h2><div class="spacer battle-history"><br></div><div class="battle-history"><small>The opposing Squirtle snapped out of its confusion!</small><br></div><div class="spacer battle-history"><br></div><div class="battle-history">The opposing Squirtle used <strong>Aqua Jet</strong>!<br></div><div class="battle-history"><small>It's super effective!</small><br></div><div class="battle-history"><small>(Amaura lost <abbr title="−3/27">11.1%</abbr> of its health!)</small><br></div><div class="spacer battle-history"><br></div><div class="battle-history">Amaura fainted!<br></div><div class="spacer battle-history"><br></div><div class="battle-history"><small>The hail is crashing down.</small><br></div><div class="battle-history"><small>The opposing Squirtle is buffeted by the hail!</small><br></div><div class="spacer battle-history"><br></div><div class="battle-history">The opposing Squirtle fainted!<br></div><div class="spacer battle-history"><br></div><div class="battle-history">Go! <strong>Aipom</strong>!<br></div><div class="spacer battle-history"><br></div><div class="battle-history">Tetu98 sent out <strong>Chespin</strong>!<br></div><div class="battle-history"><small>Pointed stones dug into Aipom!</small><br></div><div class="spacer battle-history"><br></div><h2 class="battle-history">Turn 16</h2><div class="spacer battle-history"><br></div><div class="battle-history">Aipom used <strong>Fury Swipes</strong>!<br></div><div class="battle-history"><small>(The opposing Chespin lost <abbr title="−4/22">18.2%</abbr> of its health!)</small><br></div><div class="battle-history"><small>(The opposing Chespin lost <abbr title="−3/22">13.6%</abbr> of its health!)</small><br></div><div class="battle-history"><small>(The opposing Chespin lost <abbr title="−1/22">4.5%</abbr> of its health!)</small><br></div><div class="battle-history"><small>Hit 3 times!</small><br></div><div class="spacer battle-history"><br></div><div class="battle-history">The opposing Chespin fainted!<br></div><div class="spacer battle-history"><br></div><div class="battle-history"><small>The hail is crashing down.</small><br></div><div class="battle-history"><small>Aipom is buffeted by the hail!</small><br></div><div class="spacer battle-history"><br></div><div class="battle-history">Tetu98 sent out <strong>Cyndaquil</strong>!<br></div><div class="spacer battle-history"><br></div><h2 class="battle-history">Turn 17</h2><div class="spacer battle-history"><br></div><div class="battle-history">Aipom used <strong>Fury Swipes</strong>!<br></div><div class="battle-history"><small>The opposing Cyndaquil avoided the attack!</small><br></div><div class="spacer battle-history"><br></div><div class="battle-history">The opposing Cyndaquil used <strong>Toxic</strong>!<br></div><div class="battle-history"><small>Aipom was badly poisoned!</small><br></div><div class="spacer battle-history"><br></div><div class="battle-history"><small>The hail is crashing down.</small><br></div><div class="battle-history"><small>Aipom is buffeted by the hail!</small><br></div><div class="battle-history"><small>The opposing Cyndaquil is buffeted by the hail!</small><br></div><div class="battle-history"><small>Aipom was hurt by poison!</small><br></div><div class="spacer battle-history"><br></div><h2 class="battle-history">Turn 18</h2><div class="spacer battle-history"><br></div><div class="battle-history">Aipom used <strong>Fury Swipes</strong>!<br></div><div class="battle-history"><small>(The opposing Cyndaquil lost <abbr title="−3/21">14.3%</abbr> of its health!)</small><br></div><div class="battle-history"><small>(The opposing Cyndaquil lost <abbr title="−3/21">14.3%</abbr> of its health!)</small><br></div><div class="battle-history"><small>(The opposing Cyndaquil lost <abbr title="−4/21">19.0%</abbr> of its health!)</small><br></div><div class="battle-history"><small>(The opposing Cyndaquil lost <abbr title="−4/21">19.0%</abbr> of its health!)</small><br></div><div class="battle-history"><small>(The opposing Cyndaquil lost <abbr title="−3/21">14.3%</abbr> of its health!)</small><br></div><div class="battle-history"><small>Hit 5 times!</small><br></div><div class="spacer battle-history"><br></div><div class="battle-history">The opposing Cyndaquil used <strong>Flamethrower</strong>!<br></div><div class="battle-history"><small>(Aipom lost <abbr title="−12/22">54.5%</abbr> of its health!)</small><br></div><div class="spacer battle-history"><br></div><div class="battle-history"><small>The hail stopped.</small><br></div><div class="battle-history"><small>Aipom was hurt by poison!</small><br></div><div class="spacer battle-history"><br></div><h2 class="battle-history">Turn 19</h2><div class="spacer battle-history"><br></div><div class="battle-history">Aipom used <strong>Beat Up</strong>!<br></div><div class="battle-history"><small>A critical hit!</small><br></div><div class="battle-history"><small>(The opposing Cyndaquil lost <abbr title="−3/21">14.3%</abbr> of its health!)</small><br></div><div class="battle-history"><small>Hit 1 time!</small><br></div><div class="spacer battle-history"><br></div><div class="battle-history">The opposing Cyndaquil fainted!<br></div><div class="spacer battle-history"><br></div><div class="battle-history"><strong>Gustawe</strong> won the battle!<br></div><div class="chat"><small>Tetu98 left.</small></div></div><div class="inner-preempt"></div></div></div>
</div>
<script>
let daily = Math.floor(Date.now()/1000/60/60/24);document.write('<script src="https://play.pokemonshowdown.com/js/replay-embed.js?version'+daily+'"></'+'script>');
</script>
