<!DOCTYPE html>
<meta charset="utf-8" />
<!-- version 1 -->
<title>LC replay: gungywamp vs. nura somal</title>
<style>
html,body {font-family:Verdana, sans-serif;font-size:10pt;margin:0;padding:0;}body{padding:12px 0;} .battle-log {font-family:Verdana, sans-serif;font-size:10pt;} .battle-log-inline {border:1px solid #AAAAAA;background:#EEF2F5;color:black;max-width:640px;margin:0 auto 80px;padding-bottom:5px;} .battle-log .inner {padding:4px 8px 0px 8px;} .battle-log .inner-preempt {padding:0 8px 4px 8px;} .battle-log .inner-after {margin-top:0.5em;} .battle-log h2 {margin:0.5em -8px;padding:4px 8px;border:1px solid #AAAAAA;background:#E0E7EA;border-left:0;border-right:0;font-family:Verdana, sans-serif;font-size:13pt;} .battle-log .chat {vertical-align:middle;padding:3px 0 3px 0;font-size:8pt;} .battle-log .chat strong {color:#40576A;} .battle-log .chat em {padding:1px 4px 1px 3px;color:#000000;font-style:normal;} .chat.mine {background:rgba(0,0,0,0.05);margin-left:-8px;margin-right:-8px;padding-left:8px;padding-right:8px;} .spoiler {color:#BBBBBB;background:#BBBBBB;padding:0px 3px;} .spoiler:hover, .spoiler:active, .spoiler-shown {color:#000000;background:#E2E2E2;padding:0px 3px;} .spoiler a {color:#BBBBBB;} .spoiler:hover a, .spoiler:active a, .spoiler-shown a {color:#2288CC;} .chat code, .chat .spoiler:hover code, .chat .spoiler:active code, .chat .spoiler-shown code {border:1px solid #C0C0C0;background:#EEEEEE;color:black;padding:0 2px;} .chat .spoiler code {border:1px solid #CCCCCC;background:#CCCCCC;color:#CCCCCC;} .battle-log .rated {padding:3px 4px;} .battle-log .rated strong {color:white;background:#89A;padding:1px 4px;border-radius:4px;} .spacer {margin-top:0.5em;} .message-announce {background:#6688AA;color:white;padding:1px 4px 2px;} .message-announce a, .broadcast-green a, .broadcast-blue a, .broadcast-red a {color:#DDEEFF;} .broadcast-green {background-color:#559955;color:white;padding:2px 4px;} .broadcast-blue {background-color:#6688AA;color:white;padding:2px 4px;} .infobox {border:1px solid #6688AA;padding:2px 4px;} .infobox-limited {max-height:200px;overflow:auto;overflow-x:hidden;} .broadcast-red {background-color:#AA5544;color:white;padding:2px 4px;} .message-learn-canlearn {font-weight:bold;color:#228822;text-decoration:underline;} .message-learn-cannotlearn {font-weight:bold;color:#CC2222;text-decoration:underline;} .message-effect-weak {font-weight:bold;color:#CC2222;} .message-effect-resist {font-weight:bold;color:#6688AA;} .message-effect-immune {font-weight:bold;color:#666666;} .message-learn-list {margin-top:0;margin-bottom:0;} .message-throttle-notice, .message-error {color:#992222;} .message-overflow, .chat small.message-overflow {font-size:0pt;} .message-overflow::before {font-size:9pt;content:'...';} .subtle {color:#3A4A66;}
</style>
<div class="wrapper replay-wrapper" style="max-width:1180px;margin:0 auto">
<input type="hidden" name="replayid" value="lc-483115806" />
<div class="battle"></div><div class="battle-log"></div><div class="replay-controls"></div><div class="replay-controls-2"></div>
<h1 style="font-weight:normal;text-align:center"><strong>LC</strong><br /><a href="http://pokemonshowdown.com/users/gungywamp" class="subtle" target="_blank">gungywamp</a> vs. <a href="http://pokemonshowdown.com/users/nurasomal" class="subtle" target="_blank">nura somal</a></h1>
<script type="text/plain" class="battle-log-data">|j|gungywamp
|j|nura somal
|player|p1|gungywamp|114
|player|p2|nura somal|192
|gametype|singles
|gen|6
|tier|LC
|rated
|seed|742,13539,9403,43930
|clearpoke
|poke|p1|Cottonee, L5, M|item
|poke|p1|Magnemite, L5, shiny|item
|poke|p1|Inkay, L5, F|item
|poke|p1|Shellder, L5, M|item
|poke|p1|Dwebble, L5, F|item
|poke|p1|Growlithe, L5, F|item
|poke|p2|Torchic, L5, F, shiny|item
|poke|p2|Aipom, L5, M|item
|poke|p2|Archen, L5, F|item
|poke|p2|Buizel, L5, M|item
|poke|p2|Bellsprout, L5, F, shiny|item
|poke|p2|Abra, L5, M|item
|rule|Sleep Clause Mod: Limit one foe put to sleep
|rule|Species Clause: Limit one of each Pokémon
|rule|OHKO Clause: OHKO moves are banned
|rule|Moody Clause: Moody is banned
|rule|Evasion Moves Clause: Evasion moves are banned
|rule|Endless Battle Clause: Forcing endless battles is banned
|rule|HP Percentage Mod: HP is shown in percentages
|teampreview
|choice|team 5, team 2, team 3, team 4, team 1, team 6|team 4, team 2, team 3, team 1, team 5, team 6
|
|start
|switch|p1a: Dwebble|Dwebble, L5, F|22\/22
|switch|p2a: Buizel|Buizel, L5, M|23\/23
|turn|1
|choice|switch 5|move waterfall
|
|switch|p1a: Cottonee|Cottonee, L5, M|21\/21
|move|p2a: Buizel|Waterfall|p1a: Cottonee
|-resisted|p1a: Cottonee
|-crit|p1a: Cottonee
|-damage|p1a: Cottonee|13\/21
|-damage|p2a: Buizel|20\/23|[from] item: Rocky Helmet|[of] p1a: Cottonee
|
|-heal|p2a: Buizel|21\/23|[from] item: Leftovers
|turn|2
|choice|move stunspore|move icepunch
|
|move|p1a: Cottonee|Stun Spore|p2a: Buizel
|-status|p2a: Buizel|par
|move|p2a: Buizel|Ice Punch|p1a: Cottonee
|-supereffective|p1a: Cottonee
|-damage|p1a: Cottonee|0 fnt
|-damage|p2a: Buizel|18\/23 par|[from] item: Rocky Helmet|[of] p1a: Cottonee
|faint|p1a: Cottonee
|
|-heal|p2a: Buizel|19\/23 par|[from] item: Leftovers
|choice|switch 3|
|
|switch|p1a: Inkay|Inkay, L5, F|22\/22
|turn|3
|choice|move superpower|switch 5
|
|switch|p2a: Bellsprout|Bellsprout, L5, F, shiny|23\/23
|move|p1a: Inkay|Superpower|p2a: Bellsprout
|-resisted|p2a: Bellsprout
|-damage|p2a: Bellsprout|17\/23
|-boost|p1a: Inkay|atk|1
|-boost|p1a: Inkay|def|1
|
|-heal|p2a: Bellsprout|18\/23|[from] item: Leftovers
|turn|4
|choice|move psychocut|move gigadrain
|
|move|p1a: Inkay|Psycho Cut|p2a: Bellsprout
|-supereffective|p2a: Bellsprout
|-damage|p2a: Bellsprout|0 fnt
|faint|p2a: Bellsprout
|
|choice||switch 2
|
|switch|p2a: Aipom|Aipom, L5, M|23\/23
|turn|5
|choice|move superpower|move retaliate
|
|move|p2a: Aipom|Retaliate|p1a: Inkay
|-damage|p1a: Inkay|12\/22
|move|p1a: Inkay|Superpower|p2a: Aipom
|-supereffective|p2a: Aipom
|-damage|p2a: Aipom|0 fnt
|-boost|p1a: Inkay|atk|1
|-boost|p1a: Inkay|def|1
|faint|p2a: Aipom
|
|choice||switch 4
|
|switch|p2a: Torchic|Torchic, L5, F, shiny|21\/21
|turn|6
|choice|move knockoff|move protect
|
|move|p2a: Torchic|Protect|p2a: Torchic
|-singleturn|p2a: Torchic|Protect
|move|p1a: Inkay|Knock Off|p2a: Torchic
|-activate|p2a: Torchic|move: Protect
|
|-ability|p2a: Torchic|Speed Boost|boost
|-boost|p2a: Torchic|spe|1
|turn|7
|choice|move knockoff|move flamethrower
|
|move|p2a: Torchic|Flamethrower|p1a: Inkay
|-damage|p1a: Inkay|3\/22
|move|p1a: Inkay|Knock Off|p2a: Torchic
|-damage|p2a: Torchic|0 fnt
|-enditem|p2a: Torchic|Leftovers|[from] move: Knock Off|[of] p1a: Inkay
|faint|p2a: Torchic
|
|choice||switch 3
|
|switch|p2a: Archen|Archen, L5, F|23\/23
|turn|8
|choice|move knockoff|move acrobatics
|
|move|p2a: Archen|Acrobatics|p1a: Inkay
|-damage|p1a: Inkay|0 fnt
|faint|p1a: Inkay
|
|choice|switch 5|
|
|switch|p1a: Dwebble|Dwebble, L5, F|22\/22
|turn|9
|choice|move shellsmash|move crunch
|
|move|p2a: Archen|Crunch|p1a: Dwebble
|-damage|p1a: Dwebble|15\/22
|move|p1a: Dwebble|Shell Smash|p1a: Dwebble
|-unboost|p1a: Dwebble|def|1
|-unboost|p1a: Dwebble|spd|1
|-boost|p1a: Dwebble|atk|2
|-boost|p1a: Dwebble|spa|2
|-boost|p1a: Dwebble|spe|2
|-enditem|p1a: Dwebble|White Herb
|-clearnegativeboost|p1a: Dwebble|[silent]
|
|turn|10
|choice|move rockslide|switch 5
|
|switch|p2a: Buizel|Buizel, L5, M|19\/23 par
|move|p1a: Dwebble|Rock Slide|p2a: Buizel|[miss]
|-miss|p1a: Dwebble|p2a: Buizel
|
|-heal|p2a: Buizel|20\/23 par|[from] item: Leftovers
|turn|11
|choice|move xscissor|move aquajet
|
|move|p2a: Buizel|Aqua Jet|p1a: Dwebble
|-supereffective|p1a: Dwebble
|-damage|p1a: Dwebble|3\/22
|move|p1a: Dwebble|X-Scissor|p2a: Buizel
|-damage|p2a: Buizel|0 fnt
|faint|p2a: Buizel
|
|choice||switch 5
|
|switch|p2a: Archen|Archen, L5, F|23\/23
|turn|12
|choice|move rockslide|move crunch
|
|move|p1a: Dwebble|Rock Slide|p2a: Archen
|-supereffective|p2a: Archen
|-damage|p2a: Archen|0 fnt
|faint|p2a: Archen
|
|c|★nura somal|gg
|-message|nura somal forfeited.
|
|win|gungywamp
|player|p1
|player|p2
|l|nura somal</script>
</div>
<div class="battle-log battle-log-inline"><div class="inner"><div class="battle-options"></div><div class="inner"><div class="chat"><small>gungywamp joined.</small></div><div class="chat"><small>nura somal joined.</small></div><div class=""><small>Format:</small> <br><strong>LC</strong></div><div class="rated"><strong>Rated battle</strong></div><div class=""><small><em>Sleep Clause Mod:</em> Limit one foe put to sleep</small></div><div class=""><small><em>Species Clause:</em> Limit one of each Pokémon</small></div><div class=""><small><em>OHKO Clause:</em> OHKO moves are banned</small></div><div class=""><small><em>Moody Clause:</em> Moody is banned</small></div><div class=""><small><em>Evasion Moves Clause:</em> Evasion moves are banned</small></div><div class=""><small><em>Endless Battle Clause:</em> Forcing endless battles is banned</small></div><div class=""><small><em>HP Percentage Mod:</em> HP is shown in percentages</small></div><div class="chat battle-history"><strong>gungywamp's team:</strong> <em style="color:#445566;display:block;">Cottonee / Magnemite / Inkay / Shellder / Dwebble / Growlithe</em></div><div class="chat battle-history"><strong>nura somal's team:</strong> <em style="color:#445566;display:block;">Torchic / Aipom / Archen / Buizel / Bellsprout / Abra</em></div><div class="spacer battle-history"><br></div><div class="battle-history">Battle started between gungywamp and nura somal!<br></div><div class="spacer battle-history"><br></div><div class="battle-history">Go! <strong>Dwebble</strong>!<br></div><div class="spacer battle-history"><br></div><div class="battle-history">nura somal sent out <strong>Buizel</strong>!<br></div><div class="spacer battle-history"><br></div><h2 class="battle-history">Turn 1</h2><div class="spacer battle-history"><br></div><div class="battle-history">Dwebble, come back!<br></div><div class="battle-history">Go! <strong>Cottonee</strong>!<br></div><div class="spacer battle-history"><br></div><div class="battle-history">The opposing Buizel used <strong>Waterfall</strong>!<br></div><div class="battle-history"><small>It's not very effective...</small><br></div><div class="battle-history"><small>A critical hit!</small><br></div><div class="battle-history"><small>(Cottonee lost <abbr title="−8/21">38.1%</abbr> of its health!)</small><br></div><div class="battle-history"><small>The opposing Buizel was hurt by the Rocky Helmet!</small><br></div><div class="spacer battle-history"><br></div><div class="battle-history"><small>The opposing Buizel restored a little HP using its Leftovers!</small><br></div><div class="spacer battle-history"><br></div><h2 class="battle-history">Turn 2</h2><div class="spacer battle-history"><br></div><div class="battle-history">Cottonee used <strong>Stun Spore</strong>!<br></div><div class="battle-history"><small>The opposing Buizel is paralyzed! It may be unable to move!</small><br></div><div class="spacer battle-history"><br></div><div class="battle-history">The opposing Buizel used <strong>Ice Punch</strong>!<br></div><div class="battle-history"><small>It's super effective!</small><br></div><div class="battle-history"><small>(Cottonee lost <abbr title="−13/21">61.9%</abbr> of its health!)</small><br></div><div class="battle-history"><small>The opposing Buizel was hurt by the Rocky Helmet!</small><br></div><div class="spacer battle-history"><br></div><div class="battle-history">Cottonee fainted!<br></div><div class="spacer battle-history"><br></div><div class="battle-history"><small>The opposing Buizel restored a little HP using its Leftovers!</small><br></div><div class="spacer battle-history"><br></div><div class="battle-history">Go! <strong>Inkay</strong>!<br></div><div class="spacer battle-history"><br></div><h2 class="battle-history">Turn 3</h2><div class="spacer battle-history"><br></div><div class="battle-history">nura somal withdrew Buizel!<br></div><div class="battle-history">nura somal sent out <strong>Bellsprout</strong>!<br></div><div class="spacer battle-history"><br></div><div class="battle-history">Inkay used <strong>Superpower</strong>!<br></div><div class="battle-history"><small>It's not very effective...</small><br></div><div class="battle-history"><small>(The opposing Bellsprout lost <abbr title="−6/23">26.1%</abbr> of its health!)</small><br></div><div class="battle-history"><small>Inkay's Attack rose!</small><br></div><div class="battle-history"><small>Inkay's Defense rose!</small><br></div><div class="spacer battle-history"><br></div><div class="battle-history"><small>The opposing Bellsprout restored a little HP using its Leftovers!</small><br></div><div class="spacer battle-history"><br></div><h2 class="battle-history">Turn 4</h2><div class="spacer battle-history"><br></div><div class="battle-history">Inkay used <strong>Psycho Cut</strong>!<br></div><div class="battle-history"><small>It's super effective!</small><br></div><div class="battle-history"><small>(The opposing Bellsprout lost <abbr title="−18/23">78.3%</abbr> of its health!)</small><br></div><div class="spacer battle-history"><br></div><div class="battle-history">The opposing Bellsprout fainted!<br></div><div class="spacer battle-history"><br></div><div class="battle-history">nura somal sent out <strong>Aipom</strong>!<br></div><div class="spacer battle-history"><br></div><h2 class="battle-history">Turn 5</h2><div class="spacer battle-history"><br></div><div class="battle-history">The opposing Aipom used <strong>Retaliate</strong>!<br></div><div class="battle-history"><small>(Inkay lost <abbr title="−10/22">45.5%</abbr> of its health!)</small><br></div><div class="spacer battle-history"><br></div><div class="battle-history">Inkay used <strong>Superpower</strong>!<br></div><div class="battle-history"><small>It's super effective!</small><br></div><div class="battle-history"><small>(The opposing Aipom lost <abbr title="−23/23">100%</abbr> of its health!)</small><br></div><div class="battle-history"><small>Inkay's Attack rose!</small><br></div><div class="battle-history"><small>Inkay's Defense rose!</small><br></div><div class="spacer battle-history"><br></div><div class="battle-history">The opposing Aipom fainted!<br></div><div class="spacer battle-history"><br></div><div class="battle-history">nura somal sent out <strong>Torchic</strong>!<br></div><div class="spacer battle-history"><br></div><h2 class="battle-history">Turn 6</h2><div class="spacer battle-history"><br></div><div class="battle-history">The opposing Torchic used <strong>Protect</strong>!<br></div><div class="battle-history"><small>The opposing Torchic protected itself!</small><br></div><div class="spacer battle-history"><br></div><div class="battle-history">Inkay used <strong>Knock Off</strong>!<br></div><div class="battle-history"><small>The opposing Torchic protected itself!</small><br></div><div class="spacer battle-history"><br></div><div class="battle-history"><small>[The opposing Torchic's Speed Boost]</small><br></div><div class="battle-history"><small>The opposing Torchic's Speed rose!</small><br></div><div class="spacer battle-history"><br></div><h2 class="battle-history">Turn 7</h2><div class="spacer battle-history"><br></div><div class="battle-history">The opposing Torchic used <strong>Flamethrower</strong>!<br></div><div class="battle-history"><small>(Inkay lost <abbr title="−9/22">40.9%</abbr> of its health!)</small><br></div><div class="spacer battle-history"><br></div><div class="battle-history">Inkay used <strong>Knock Off</strong>!<br></div><div class="battle-history"><small>(The opposing Torchic lost <abbr title="−21/21">100%</abbr> of its health!)</small><br></div><div class="battle-history"><small>Inkay knocked off the opposing Torchic's Leftovers!</small><br></div><div class="spacer battle-history"><br></div><div class="battle-history">The opposing Torchic fainted!<br></div><div class="spacer battle-history"><br></div><div class="battle-history">nura somal sent out <strong>Archen</strong>!<br></div><div class="spacer battle-history"><br></div><h2 class="battle-history">Turn 8</h2><div class="spacer battle-history"><br></div><div class="battle-history">The opposing Archen used <strong>Acrobatics</strong>!<br></div><div class="battle-history"><small>(Inkay lost <abbr title="−3/22">13.6%</abbr> of its health!)</small><br></div><div class="spacer battle-history"><br></div><div class="battle-history">Inkay fainted!<br></div><div class="spacer battle-history"><br></div><div class="battle-history">Go! <strong>Dwebble</strong>!<br></div><div class="spacer battle-history"><br></div><h2 class="battle-history">Turn 9</h2><div class="spacer battle-history"><br></div><div class="battle-history">The opposing Archen used <strong>Crunch</strong>!<br></div><div class="battle-history"><small>(Dwebble lost <abbr title="−7/22">31.8%</abbr> of its health!)</small><br></div><div class="spacer battle-history"><br></div><div class="battle-history">Dwebble used <strong>Shell Smash</strong>!<br></div><div class="battle-history"><small>Dwebble's Defense fell!</small><br></div><div class="battle-history"><small>Dwebble's Special Defense fell!</small><br></div><div class="battle-history"><small>Dwebble's Attack rose sharply!</small><br></div><div class="battle-history"><small>Dwebble's Special Attack rose sharply!</small><br></div><div class="battle-history"><small>Dwebble's Speed rose sharply!</small><br></div><div class="battle-history"><small>Dwebble returned its status to normal using its White Herb!</small><br></div><div class="spacer battle-history"><br></div><h2 class="battle-history">Turn 10</h2><div class="spacer battle-history"><br></div><div class="battle-history">nura somal withdrew Archen!<br></div><div class="battle-history">nura somal sent out <strong>Buizel</strong>!<br></div><div class="spacer battle-history"><br></div><div class="battle-history">Dwebble used <strong>Rock Slide</strong>!<br></div><div class="battle-history"><small>The opposing Buizel avoided the attack!</small><br></div><div class="spacer battle-history"><br></div><div class="battle-history"><small>The opposing Buizel restored a little HP using its Leftovers!</small><br></div><div class="spacer battle-history"><br></div><h2 class="battle-history">Turn 11</h2><div class="spacer battle-history"><br></div><div class="battle-history">The opposing Buizel used <strong>Aqua Jet</strong>!<br></div><div class="battle-history"><small>It's super effective!</small><br></div><div class="battle-history"><small>(Dwebble lost <abbr title="−12/22">54.5%</abbr> of its health!)</small><br></div><div class="spacer battle-history"><br></div><div class="battle-history">Dwebble used <strong>X-Scissor</strong>!<br></div><div class="battle-history"><small>(The opposing Buizel lost <abbr title="−20/23">87.0%</abbr> of its health!)</small><br></div><div class="spacer battle-history"><br></div><div class="battle-history">The opposing Buizel fainted!<br></div><div class="spacer battle-history"><br></div><div class="battle-history">nura somal sent out <strong>Archen</strong>!<br></div><div class="spacer battle-history"><br></div><h2 class="battle-history">Turn 12</h2><div class="spacer battle-history"><br></div><div class="battle-history">Dwebble used <strong>Rock Slide</strong>!<br></div><div class="battle-history"><small>It's super effective!</small><br></div><div class="battle-history"><small>(The opposing Archen lost <abbr title="−23/23">100%</abbr> of its health!)</small><br></div><div class="spacer battle-history"><br></div><div class="battle-history">The opposing Archen fainted!<br></div><div class="chat chatmessage-nurasomal"><strong style="color:hsl(39,81%,37%)"><small>★</small><span class="username" data-name="nura somal">nura somal</span>:</strong> <em>gg</em></div><div class="spacer battle-history"><br></div><div class="battle-history"><small>nura somal forfeited.</small><br></div><div class="spacer battle-history"><br></div><div class="battle-history"><strong>gungywamp</strong> won the battle!<br></div><div class="chat"><small>nura somal left.</small></div></div><div class="inner-preempt"></div></div></div>
</div>
<script>
let daily = Math.floor(Date.now()/1000/60/60/24);document.write('<script src="https://play.pokemonshowdown.com/js/replay-embed.js?version'+daily+'"></'+'script>');
</script>
