<!DOCTYPE html>
<meta charset="utf-8" />
<!-- version 1 -->
<title>LC replay: hshsnhd vs. zephyriaz</title>
<style>
html,body {font-family:Verdana, sans-serif;font-size:10pt;margin:0;padding:0;}body{padding:12px 0;} .battle-log {font-family:Verdana, sans-serif;font-size:10pt;} .battle-log-inline {border:1px solid #AAAAAA;background:#EEF2F5;color:black;max-width:640px;margin:0 auto 80px;padding-bottom:5px;} .battle-log .inner {padding:4px 8px 0px 8px;} .battle-log .inner-preempt {padding:0 8px 4px 8px;} .battle-log .inner-after {margin-top:0.5em;} .battle-log h2 {margin:0.5em -8px;padding:4px 8px;border:1px solid #AAAAAA;background:#E0E7EA;border-left:0;border-right:0;font-family:Verdana, sans-serif;font-size:13pt;} .battle-log .chat {vertical-align:middle;padding:3px 0 3px 0;font-size:8pt;} .battle-log .chat strong {color:#40576A;} .battle-log .chat em {padding:1px 4px 1px 3px;color:#000000;font-style:normal;} .chat.mine {background:rgba(0,0,0,0.05);margin-left:-8px;margin-right:-8px;padding-left:8px;padding-right:8px;} .spoiler {color:#BBBBBB;background:#BBBBBB;padding:0px 3px;} .spoiler:hover, .spoiler:active, .spoiler-shown {color:#000000;background:#E2E2E2;padding:0px 3px;} .spoiler a {color:#BBBBBB;} .spoiler:hover a, .spoiler:active a, .spoiler-shown a {color:#2288CC;} .chat code, .chat .spoiler:hover code, .chat .spoiler:active code, .chat .spoiler-shown code {border:1px solid #C0C0C0;background:#EEEEEE;color:black;padding:0 2px;} .chat .spoiler code {border:1px solid #CCCCCC;background:#CCCCCC;color:#CCCCCC;} .battle-log .rated {padding:3px 4px;} .battle-log .rated strong {color:white;background:#89A;padding:1px 4px;border-radius:4px;} .spacer {margin-top:0.5em;} .message-announce {background:#6688AA;color:white;padding:1px 4px 2px;} .message-announce a, .broadcast-green a, .broadcast-blue a, .broadcast-red a {color:#DDEEFF;} .broadcast-green {background-color:#559955;color:white;padding:2px 4px;} .broadcast-blue {background-color:#6688AA;color:white;padding:2px 4px;} .infobox {border:1px solid #6688AA;padding:2px 4px;} .infobox-limited {max-height:200px;overflow:auto;overflow-x:hidden;} .broadcast-red {background-color:#AA5544;color:white;padding:2px 4px;} .message-learn-canlearn {font-weight:bold;color:#228822;text-decoration:underline;} .message-learn-cannotlearn {font-weight:bold;color:#CC2222;text-decoration:underline;} .message-effect-weak {font-weight:bold;color:#CC2222;} .message-effect-resist {font-weight:bold;color:#6688AA;} .message-effect-immune {font-weight:bold;color:#666666;} .message-learn-list {margin-top:0;margin-bottom:0;} .message-throttle-notice, .message-error {color:#992222;} .message-overflow, .chat small.message-overflow {font-size:0pt;} .message-overflow::before {font-size:9pt;content:'...';} .subtle {color:#3A4A66;}
</style>
<div class="wrapper replay-wrapper" style="max-width:1180px;margin:0 auto">
<input type="hidden" name="replayid" value="lc-481996981" />
<div class="battle"></div><div class="battle-log"></div><div class="replay-controls"></div><div class="replay-controls-2"></div>
<h1 style="font-weight:normal;text-align:center"><strong>LC</strong><br /><a href="http://pokemonshowdown.com/users/hshsnhd" class="subtle" target="_blank">hshsnhd</a> vs. <a href="http://pokemonshowdown.com/users/zephyriaz" class="subtle" target="_blank">zephyriaz</a></h1>
<script type="text/plain" class="battle-log-data">|j|hshsnhd
|j|zephyriaz
|player|p1|hshsnhd|1
|player|p2|zephyriaz|238
|gametype|singles
|gen|6
|tier|LC
|rated
|seed|64145,52896,58771,22124
|clearpoke
|poke|p1|Squirtle, L5, M|
|poke|p1|Torchic, L5, F|item
|poke|p1|Piplup, L5, F|item
|poke|p1|Cubone, L5, M|item
|poke|p1|Charmander, L5, M|item
|poke|p1|Bulbasaur, L5, M|item
|poke|p2|Froakie, L5, M|item
|poke|p2|Ponyta, L5, M|item
|poke|p2|Gastly, L5, M|item
|poke|p2|Munchlax, L5, M|item
|poke|p2|Onix, L5, F|item
|poke|p2|Voltorb, L5|item
|rule|Sleep Clause Mod: Limit one foe put to sleep
|rule|Species Clause: Limit one of each Pokémon
|rule|OHKO Clause: OHKO moves are banned
|rule|Moody Clause: Moody is banned
|rule|Evasion Moves Clause: Evasion moves are banned
|rule|Endless Battle Clause: Forcing endless battles is banned
|rule|HP Percentage Mod: HP is shown in percentages
|teampreview
|choice|team 1, team 2, team 3, team 4, team 5, team 6|team 4, team 2, team 3, team 1, team 5, team 6
|
|start
|switch|p1a: Squirtle|Squirtle, L5, M|20\/20
|switch|p2a: Munchlax|Munchlax, L5, M|30\/30
|turn|1
|choice|move aquajet|move curse
|
|move|p1a: Squirtle|Aqua Jet|p2a: Munchlax
|-damage|p2a: Munchlax|24\/30
|move|p2a: Munchlax|Curse|p2a: Munchlax
|-unboost|p2a: Munchlax|spe|1
|-boost|p2a: Munchlax|atk|1
|-boost|p2a: Munchlax|def|1
|
|turn|2
|choice|move bubble|move curse
|
|move|p1a: Squirtle|Bubble|p2a: Munchlax
|-damage|p2a: Munchlax|21\/30
|-unboost|p2a: Munchlax|spe|1
|move|p2a: Munchlax|Curse|p2a: Munchlax
|-unboost|p2a: Munchlax|spe|1
|-boost|p2a: Munchlax|atk|1
|-boost|p2a: Munchlax|def|1
|
|turn|3
|choice|move facade|move curse
|
|move|p1a: Squirtle|Facade|p2a: Munchlax
|-damage|p2a: Munchlax|16\/30
|move|p2a: Munchlax|Curse|p2a: Munchlax
|-unboost|p2a: Munchlax|spe|1
|-boost|p2a: Munchlax|atk|1
|-boost|p2a: Munchlax|def|1
|
|turn|4
|choice|move brine|move curse
|
|move|p1a: Squirtle|Brine|p2a: Munchlax
|-damage|p2a: Munchlax|10\/30
|-enditem|p2a: Munchlax|Berry Juice
|-heal|p2a: Munchlax|30\/30|[from] item: Berry Juice
|move|p2a: Munchlax|Curse|p2a: Munchlax
|-unboost|p2a: Munchlax|spe|1
|-boost|p2a: Munchlax|atk|1
|-boost|p2a: Munchlax|def|1
|
|turn|5
|choice|move facade|move recycle
|
|move|p1a: Squirtle|Facade|p2a: Munchlax
|-damage|p2a: Munchlax|27\/30
|move|p2a: Munchlax|Recycle|p2a: Munchlax
|-item|p2a: Munchlax|Berry Juice|[from] move: Recycle
|
|turn|6
|choice|move aquajet|move return
|
|move|p1a: Squirtle|Aqua Jet|p2a: Munchlax
|-damage|p2a: Munchlax|24\/30
|move|p2a: Munchlax|Return|p1a: Squirtle
|-damage|p1a: Squirtle|0 fnt
|faint|p1a: Squirtle
|
|choice|switch 4|
|
|switch|p1a: Cubone|Cubone, L5, M|21\/21
|turn|7
|choice|move hiddenpower|move return
|
|move|p1a: Cubone|Hidden Power|p2a: Munchlax
|-damage|p2a: Munchlax|21\/30
|move|p2a: Munchlax|Return|p1a: Cubone
|-damage|p1a: Cubone|0 fnt
|faint|p1a: Cubone
|
|choice|switch 2|
|
|switch|p1a: Torchic|Torchic, L5, F|21\/21
|-item|p1a: Torchic|Air Balloon
|turn|8
|choice|move firespin|move return
|
|move|p1a: Torchic|Fire Spin|p2a: Munchlax
|-damage|p2a: Munchlax|18\/30
|-activate|p2a: Munchlax|move: Fire Spin|[of] p1a: Torchic
|move|p2a: Munchlax|Return|p1a: Torchic
|-damage|p1a: Torchic|0 fnt
|-enditem|p1a: Torchic|Air Balloon
|faint|p1a: Torchic
|
|choice|switch 3|
|
|switch|p1a: Piplup|Piplup, L5, F|21\/21
|turn|9
|c|★zephyriaz|might wannt to try some variety on your team...
|choice|move bubble|move return
|
|move|p1a: Piplup|Bubble|p2a: Munchlax
|-crit|p2a: Munchlax
|-damage|p2a: Munchlax|11\/30
|-enditem|p2a: Munchlax|Berry Juice
|-heal|p2a: Munchlax|30\/30|[from] item: Berry Juice
|move|p2a: Munchlax|Return|p1a: Piplup
|-damage|p1a: Piplup|0 fnt
|faint|p1a: Piplup
|
|choice|switch 6|
|
|switch|p1a: Bulbasaur|Bulbasaur, L5, M|24\/24
|turn|10
|choice|move magicalleaf|move firepunch
|
|move|p1a: Bulbasaur|Magical Leaf|p2a: Munchlax
|-damage|p2a: Munchlax|24\/30
|move|p2a: Munchlax|Fire Punch|p1a: Bulbasaur
|-supereffective|p1a: Bulbasaur
|-damage|p1a: Bulbasaur|0 fnt
|faint|p1a: Bulbasaur
|
|choice|switch 5|
|
|switch|p1a: Charmander|Charmander, L5, M|20\/20
|turn|11
|choice|move ember|move return
|
|move|p1a: Charmander|Ember|p2a: Munchlax
|-damage|p2a: Munchlax|21\/30
|move|p2a: Munchlax|Return|p1a: Charmander
|-damage|p1a: Charmander|0 fnt
|faint|p1a: Charmander
|
|win|zephyriaz
|player|p1
|player|p2</script>
</div>
<div class="battle-log battle-log-inline"><div class="inner"><div class="battle-options"></div><div class="inner"><div class="chat"><small>hshsnhd joined.</small></div><div class="chat"><small>zephyriaz joined.</small></div><div class=""><small>Format:</small> <br><strong>LC</strong></div><div class="rated"><strong>Rated battle</strong></div><div class=""><small><em>Sleep Clause Mod:</em> Limit one foe put to sleep</small></div><div class=""><small><em>Species Clause:</em> Limit one of each Pokémon</small></div><div class=""><small><em>OHKO Clause:</em> OHKO moves are banned</small></div><div class=""><small><em>Moody Clause:</em> Moody is banned</small></div><div class=""><small><em>Evasion Moves Clause:</em> Evasion moves are banned</small></div><div class=""><small><em>Endless Battle Clause:</em> Forcing endless battles is banned</small></div><div class=""><small><em>HP Percentage Mod:</em> HP is shown in percentages</small></div><div class="chat battle-history"><strong>hshsnhd's team:</strong> <em style="color:#445566;display:block;">Squirtle / Torchic / Piplup / Cubone / Charmander / Bulbasaur</em></div><div class="chat battle-history"><strong>zephyriaz's team:</strong> <em style="color:#445566;display:block;">Froakie / Ponyta / Gastly / Munchlax / Onix / Voltorb</em></div><div class="spacer battle-history"><br></div><div class="battle-history">Battle started between hshsnhd and zephyriaz!<br></div><div class="spacer battle-history"><br></div><div class="battle-history">Go! <strong>Squirtle</strong>!<br></div><div class="spacer battle-history"><br></div><div class="battle-history">zephyriaz sent out <strong>Munchlax</strong>!<br></div><div class="spacer battle-history"><br></div><h2 class="battle-history">Turn 1</h2><div class="spacer battle-history"><br></div><div class="battle-history">Squirtle used <strong>Aqua Jet</strong>!<br></div><div class="battle-history"><small>(The opposing Munchlax lost <abbr title="−6/30">20%</abbr> of its health!)</small><br></div><div class="spacer battle-history"><br></div><div class="battle-history">The opposing Munchlax used <strong>Curse</strong>!<br></div><div class="battle-history"><small>The opposing Munchlax's Speed fell!</small><br></div><div class="battle-history"><small>The opposing Munchlax's Attack rose!</small><br></div><div class="battle-history"><small>The opposing Munchlax's Defense rose!</small><br></div><div class="spacer battle-history"><br></div><h2 class="battle-history">Turn 2</h2><div class="spacer battle-history"><br></div><div class="battle-history">Squirtle used <strong>Bubble</strong>!<br></div><div class="battle-history"><small>(The opposing Munchlax lost <abbr title="−3/30">10%</abbr> of its health!)</small><br></div><div class="battle-history"><small>The opposing Munchlax's Speed fell!</small><br></div><div class="spacer battle-history"><br></div><div class="battle-history">The opposing Munchlax used <strong>Curse</strong>!<br></div><div class="battle-history"><small>The opposing Munchlax's Speed fell!</small><br></div><div class="battle-history"><small>The opposing Munchlax's Attack rose!</small><br></div><div class="battle-history"><small>The opposing Munchlax's Defense rose!</small><br></div><div class="spacer battle-history"><br></div><h2 class="battle-history">Turn 3</h2><div class="spacer battle-history"><br></div><div class="battle-history">Squirtle used <strong>Facade</strong>!<br></div><div class="battle-history"><small>(The opposing Munchlax lost <abbr title="−5/30">16.7%</abbr> of its health!)</small><br></div><div class="spacer battle-history"><br></div><div class="battle-history">The opposing Munchlax used <strong>Curse</strong>!<br></div><div class="battle-history"><small>The opposing Munchlax's Speed fell!</small><br></div><div class="battle-history"><small>The opposing Munchlax's Attack rose!</small><br></div><div class="battle-history"><small>The opposing Munchlax's Defense rose!</small><br></div><div class="spacer battle-history"><br></div><h2 class="battle-history">Turn 4</h2><div class="spacer battle-history"><br></div><div class="battle-history">Squirtle used <strong>Brine</strong>!<br></div><div class="battle-history"><small>(The opposing Munchlax lost <abbr title="−6/30">20%</abbr> of its health!)</small><br></div><div class="battle-history"><small>(The opposing Munchlax used its Berry Juice!)</small><br></div><div class="battle-history"><small>The opposing Munchlax restored HP using its Berry Juice!</small><br></div><div class="spacer battle-history"><br></div><div class="battle-history">The opposing Munchlax used <strong>Curse</strong>!<br></div><div class="battle-history"><small>The opposing Munchlax's Speed fell!</small><br></div><div class="battle-history"><small>The opposing Munchlax's Attack rose!</small><br></div><div class="battle-history"><small>The opposing Munchlax's Defense rose!</small><br></div><div class="spacer battle-history"><br></div><h2 class="battle-history">Turn 5</h2><div class="spacer battle-history"><br></div><div class="battle-history">Squirtle used <strong>Facade</strong>!<br></div><div class="battle-history"><small>(The opposing Munchlax lost <abbr title="−3/30">10%</abbr> of its health!)</small><br></div><div class="spacer battle-history"><br></div><div class="battle-history">The opposing Munchlax used <strong>Recycle</strong>!<br></div><div class="battle-history"><small>The opposing Munchlax found one Berry Juice!</small><br></div><div class="spacer battle-history"><br></div><h2 class="battle-history">Turn 6</h2><div class="spacer battle-history"><br></div><div class="battle-history">Squirtle used <strong>Aqua Jet</strong>!<br></div><div class="battle-history"><small>(The opposing Munchlax lost <abbr title="−3/30">10%</abbr> of its health!)</small><br></div><div class="spacer battle-history"><br></div><div class="battle-history">The opposing Munchlax used <strong>Return</strong>!<br></div><div class="battle-history"><small>(Squirtle lost <abbr title="−20/20">100%</abbr> of its health!)</small><br></div><div class="spacer battle-history"><br></div><div class="battle-history">Squirtle fainted!<br></div><div class="spacer battle-history"><br></div><div class="battle-history">Go! <strong>Cubone</strong>!<br></div><div class="spacer battle-history"><br></div><h2 class="battle-history">Turn 7</h2><div class="spacer battle-history"><br></div><div class="battle-history">Cubone used <strong>Hidden Power</strong>!<br></div><div class="battle-history"><small>(The opposing Munchlax lost <abbr title="−3/30">10%</abbr> of its health!)</small><br></div><div class="spacer battle-history"><br></div><div class="battle-history">The opposing Munchlax used <strong>Return</strong>!<br></div><div class="battle-history"><small>(Cubone lost <abbr title="−21/21">100%</abbr> of its health!)</small><br></div><div class="spacer battle-history"><br></div><div class="battle-history">Cubone fainted!<br></div><div class="spacer battle-history"><br></div><div class="battle-history">Go! <strong>Torchic</strong>!<br></div><div class="battle-history"><small>Torchic floats in the air with its Air Balloon!</small><br></div><div class="spacer battle-history"><br></div><h2 class="battle-history">Turn 8</h2><div class="spacer battle-history"><br></div><div class="battle-history">Torchic used <strong>Fire Spin</strong>!<br></div><div class="battle-history"><small>(The opposing Munchlax lost <abbr title="−3/30">10%</abbr> of its health!)</small><br></div><div class="battle-history"><small>The opposing Munchlax became trapped in the fiery vortex!</small><br></div><div class="spacer battle-history"><br></div><div class="battle-history">The opposing Munchlax used <strong>Return</strong>!<br></div><div class="battle-history"><small>(Torchic lost <abbr title="−21/21">100%</abbr> of its health!)</small><br></div><div class="battle-history"><small>Torchic's Air Balloon popped!</small><br></div><div class="spacer battle-history"><br></div><div class="battle-history">Torchic fainted!<br></div><div class="spacer battle-history"><br></div><div class="battle-history">Go! <strong>Piplup</strong>!<br></div><div class="spacer battle-history"><br></div><h2 class="battle-history">Turn 9</h2><div class="chat chatmessage-zephyriaz"><strong style="color:hsl(277,52%,53.389581830387414%)"><small>★</small><span class="username" data-name="zephyriaz">zephyriaz</span>:</strong> <em>might wannt to try some variety on your team...</em></div><div class="spacer battle-history"><br></div><div class="battle-history">Piplup used <strong>Bubble</strong>!<br></div><div class="battle-history"><small>A critical hit!</small><br></div><div class="battle-history"><small>(The opposing Munchlax lost <abbr title="−7/30">23.3%</abbr> of its health!)</small><br></div><div class="battle-history"><small>(The opposing Munchlax used its Berry Juice!)</small><br></div><div class="battle-history"><small>The opposing Munchlax restored HP using its Berry Juice!</small><br></div><div class="spacer battle-history"><br></div><div class="battle-history">The opposing Munchlax used <strong>Return</strong>!<br></div><div class="battle-history"><small>(Piplup lost <abbr title="−21/21">100%</abbr> of its health!)</small><br></div><div class="spacer battle-history"><br></div><div class="battle-history">Piplup fainted!<br></div><div class="spacer battle-history"><br></div><div class="battle-history">Go! <strong>Bulbasaur</strong>!<br></div><div class="spacer battle-history"><br></div><h2 class="battle-history">Turn 10</h2><div class="spacer battle-history"><br></div><div class="battle-history">Bulbasaur used <strong>Magical Leaf</strong>!<br></div><div class="battle-history"><small>(The opposing Munchlax lost <abbr title="−6/30">20%</abbr> of its health!)</small><br></div><div class="spacer battle-history"><br></div><div class="battle-history">The opposing Munchlax used <strong>Fire Punch</strong>!<br></div><div class="battle-history"><small>It's super effective!</small><br></div><div class="battle-history"><small>(Bulbasaur lost <abbr title="−24/24">100%</abbr> of its health!)</small><br></div><div class="spacer battle-history"><br></div><div class="battle-history">Bulbasaur fainted!<br></div><div class="spacer battle-history"><br></div><div class="battle-history">Go! <strong>Charmander</strong>!<br></div><div class="spacer battle-history"><br></div><h2 class="battle-history">Turn 11</h2><div class="spacer battle-history"><br></div><div class="battle-history">Charmander used <strong>Ember</strong>!<br></div><div class="battle-history"><small>(The opposing Munchlax lost <abbr title="−3/30">10%</abbr> of its health!)</small><br></div><div class="spacer battle-history"><br></div><div class="battle-history">The opposing Munchlax used <strong>Return</strong>!<br></div><div class="battle-history"><small>(Charmander lost <abbr title="−20/20">100%</abbr> of its health!)</small><br></div><div class="spacer battle-history"><br></div><div class="battle-history">Charmander fainted!<br></div><div class="spacer battle-history"><br></div><div class="battle-history"><strong>zephyriaz</strong> won the battle!<br></div></div><div class="inner-preempt"></div></div></div>
</div>
<script>
let daily = Math.floor(Date.now()/1000/60/60/24);document.write('<script src="https://play.pokemonshowdown.com/js/replay-embed.js?version'+daily+'"></'+'script>');
</script>
