<!DOCTYPE html>
<meta charset="utf-8" />
<!-- version 1 -->
<title>LC replay: Isab!!! vs. Solgaleo28</title>
<style>
html,body {font-family:Verdana, sans-serif;font-size:10pt;margin:0;padding:0;}body{padding:12px 0;} .battle-log {font-family:Verdana, sans-serif;font-size:10pt;} .battle-log-inline {border:1px solid #AAAAAA;background:#EEF2F5;color:black;max-width:640px;margin:0 auto 80px;padding-bottom:5px;} .battle-log .inner {padding:4px 8px 0px 8px;} .battle-log .inner-preempt {padding:0 8px 4px 8px;} .battle-log .inner-after {margin-top:0.5em;} .battle-log h2 {margin:0.5em -8px;padding:4px 8px;border:1px solid #AAAAAA;background:#E0E7EA;border-left:0;border-right:0;font-family:Verdana, sans-serif;font-size:13pt;} .battle-log .chat {vertical-align:middle;padding:3px 0 3px 0;font-size:8pt;} .battle-log .chat strong {color:#40576A;} .battle-log .chat em {padding:1px 4px 1px 3px;color:#000000;font-style:normal;} .chat.mine {background:rgba(0,0,0,0.05);margin-left:-8px;margin-right:-8px;padding-left:8px;padding-right:8px;} .spoiler {color:#BBBBBB;background:#BBBBBB;padding:0px 3px;} .spoiler:hover, .spoiler:active, .spoiler-shown {color:#000000;background:#E2E2E2;padding:0px 3px;} .spoiler a {color:#BBBBBB;} .spoiler:hover a, .spoiler:active a, .spoiler-shown a {color:#2288CC;} .chat code, .chat .spoiler:hover code, .chat .spoiler:active code, .chat .spoiler-shown code {border:1px solid #C0C0C0;background:#EEEEEE;color:black;padding:0 2px;} .chat .spoiler code {border:1px solid #CCCCCC;background:#CCCCCC;color:#CCCCCC;} .battle-log .rated {padding:3px 4px;} .battle-log .rated strong {color:white;background:#89A;padding:1px 4px;border-radius:4px;} .spacer {margin-top:0.5em;} .message-announce {background:#6688AA;color:white;padding:1px 4px 2px;} .message-announce a, .broadcast-green a, .broadcast-blue a, .broadcast-red a {color:#DDEEFF;} .broadcast-green {background-color:#559955;color:white;padding:2px 4px;} .broadcast-blue {background-color:#6688AA;color:white;padding:2px 4px;} .infobox {border:1px solid #6688AA;padding:2px 4px;} .infobox-limited {max-height:200px;overflow:auto;overflow-x:hidden;} .broadcast-red {background-color:#AA5544;color:white;padding:2px 4px;} .message-learn-canlearn {font-weight:bold;color:#228822;text-decoration:underline;} .message-learn-cannotlearn {font-weight:bold;color:#CC2222;text-decoration:underline;} .message-effect-weak {font-weight:bold;color:#CC2222;} .message-effect-resist {font-weight:bold;color:#6688AA;} .message-effect-immune {font-weight:bold;color:#666666;} .message-learn-list {margin-top:0;margin-bottom:0;} .message-throttle-notice, .message-error {color:#992222;} .message-overflow, .chat small.message-overflow {font-size:0pt;} .message-overflow::before {font-size:9pt;content:'...';} .subtle {color:#3A4A66;}
</style>
<div class="wrapper replay-wrapper" style="max-width:1180px;margin:0 auto">
<input type="hidden" name="replayid" value="pokestrat-lc-578" />
<div class="battle"></div><div class="battle-log"></div><div class="replay-controls"></div><div class="replay-controls-2"></div>
<h1 style="font-weight:normal;text-align:center"><strong>LC</strong><br /><a href="http://pokemonshowdown.com/users/isab" class="subtle" target="_blank">Isab!!!</a> vs. <a href="http://pokemonshowdown.com/users/solgaleo28" class="subtle" target="_blank">Solgaleo28</a></h1>
<script type="text/plain" class="battle-log-data">|j|Isab!!!
|j|Solgaleo28
|player|p1|Isab!!!|161
|player|p2|Solgaleo28|209
|gametype|singles
|gen|6
|tier|LC
|seed|38711,18196,17959,6035
|clearpoke
|poke|p1|Darumaka, L5, F, shiny|item
|poke|p1|Cacnea, L5, M, shiny|item
|poke|p1|Totodile, L5, F|item
|poke|p1|Gastly, L5, F, shiny|item
|poke|p1|Flabebe-Blue, L5, F, shiny|item
|poke|p1|Porygon, L5|item
|poke|p2|Abra, L5, M, shiny|item
|poke|p2|Pawniard, L5, F, shiny|item
|poke|p2|Fletchling, L5, M, shiny|
|poke|p2|Porygon, L5|item
|poke|p2|Cottonee, L5, F|item
|poke|p2|Diglett, L5, F, shiny|item
|rule|Sleep Clause Mod: Limit one foe put to sleep
|rule|Species Clause: Limit one of each Pokémon
|rule|OHKO Clause: OHKO moves are banned
|rule|Moody Clause: Moody is banned
|rule|Evasion Moves Clause: Evasion moves are banned
|rule|Endless Battle Clause: Forcing endless battles is banned
|rule|HP Percentage Mod: HP is shown in percentages
|teampreview
|c|★Solgaleo28|hf !
|j|Rotom-Undefined
|c|★Isab!!!|gl
|choice|team 4, team 2, team 3, team 1, team 5, team 6|team 6, team 2, team 3, team 4, team 5, team 1
|
|start
|switch|p1a: Walksacred|Gastly, L5, F, shiny|20\/20
|switch|p2a: Diglett|Diglett, L5, F, shiny|17\/17
|turn|1
|choice|move hiddenpower|move stealthrock
|
|move|p2a: Diglett|Stealth Rock|p1a: Walksacred
|-sidestart|p1: Isab!!!|move: Stealth Rock
|move|p1a: Walksacred|Hidden Power|p2a: Diglett
|-damage|p2a: Diglett|8\/17
|
|turn|2
|choice|move hiddenpower|move suckerpunch
|
|move|p2a: Diglett|Sucker Punch|p1a: Walksacred
|-supereffective|p1a: Walksacred
|-enditem|p1a: Walksacred|Focus Sash
|-damage|p1a: Walksacred|1\/20
|move|p1a: Walksacred|Hidden Power|p2a: Diglett
|-damage|p2a: Diglett|0 fnt
|faint|p2a: Diglett
|
|choice||switch 2
|
|switch|p2a: Pawniard|Pawniard, L5, F, shiny|21\/21
|turn|3
|choice|move hiddenpower|move suckerpunch
|
|move|p2a: Pawniard|Sucker Punch|p1a: Walksacred
|-supereffective|p1a: Walksacred
|-damage|p1a: Walksacred|0 fnt
|faint|p1a: Walksacred
|
|choice|switch 6|
|
|switch|p1a: Cirio|Porygon, L5|25\/25
|-damage|p1a: Cirio|22\/25|[from] Stealth Rock
|-ability|p1a: Cirio|Defiant|[from] ability: Trace|[of] p2a: Pawniard
|turn|4
|choice|move hiddenpower|move swordsdance
|
|move|p2a: Pawniard|Swords Dance|p2a: Pawniard
|-boost|p2a: Pawniard|atk|2
|move|p1a: Cirio|Hidden Power|p2a: Pawniard
|-supereffective|p2a: Pawniard
|-damage|p2a: Pawniard|1\/21
|
|turn|5
|c|★Isab!!!|oh
|c|★Isab!!!|shit
|c|★Isab!!!|:V
|choice|move thunderwave|move knockoff
|
|move|p2a: Pawniard|Knock Off|p1a: Cirio
|-damage|p1a: Cirio|3\/25
|-enditem|p1a: Cirio|Eviolite|[from] move: Knock Off|[of] p2a: Pawniard
|move|p1a: Cirio|Thunder Wave|p2a: Pawniard
|-status|p2a: Pawniard|par
|
|turn|6
|choice|move recover|move suckerpunch
|
|move|p2a: Pawniard|Sucker Punch|p1a: Cirio|[still]
|-fail|p2a: Pawniard
|move|p1a: Cirio|Recover|p1a: Cirio
|-heal|p1a: Cirio|16\/25
|
|turn|7
|choice|move hiddenpower|move suckerpunch
|
|move|p2a: Pawniard|Sucker Punch|p1a: Cirio
|-damage|p1a: Cirio|0 fnt
|faint|p1a: Cirio
|
|choice|switch 2|
|
|switch|p1a: Bouki|Cacnea, L5, M, shiny|22\/22
|-damage|p1a: Bouki|20\/22|[from] Stealth Rock
|turn|8
|choice|move suckerpunch|move suckerpunch
|
|move|p1a: Bouki|Sucker Punch|p2a: Pawniard
|-resisted|p2a: Pawniard
|-damage|p2a: Pawniard|0 fnt
|faint|p2a: Pawniard
|
|choice||switch 5
|
|switch|p2a: Cottonee|Cottonee, L5, F|22\/22
|turn|9
|choice|switch 4|move encore
|
|switch|p1a: Moutemoute|Darumaka, L5, F, shiny|23\/23
|-damage|p1a: Moutemoute|18\/23|[from] Stealth Rock
|move|p2a: Cottonee|Encore|p1a: Moutemoute
|-fail|p1a: Moutemoute
|
|turn|10
|l|Rotom-Undefined
|choice|move flareblitz|switch 4
|
|switch|p2a: Porygon|Porygon, L5|25\/25
|-ability|p2a: Porygon|Download|boost
|-boost|p2a: Porygon|atk|1
|move|p1a: Moutemoute|Flare Blitz|p2a: Porygon
|-damage|p2a: Porygon|7\/25
|-status|p2a: Porygon|brn
|-damage|p1a: Moutemoute|12\/23|[from] recoil|[of] p2a: Porygon
|
|-damage|p2a: Porygon|4\/25 brn|[from] brn
|turn|11
|j|Rotom-Undefined
|choice|move flareblitz|move triattack
|
|move|p1a: Moutemoute|Flare Blitz|p2a: Porygon
|-damage|p2a: Porygon|0 fnt
|-damage|p1a: Moutemoute|11\/23|[from] recoil|[of] p2a: Porygon
|faint|p2a: Porygon
|
|choice||switch 6
|
|switch|p2a: Abra|Abra, L5, M, shiny|19\/19
|turn|12
|choice|switch 4|move psychic
|
|switch|p1a: Bouki|Cacnea, L5, M, shiny|20\/22
|-damage|p1a: Bouki|18\/22|[from] Stealth Rock
|move|p2a: Abra|Psychic|p1a: Bouki
|-damage|p1a: Bouki|3\/22
|
|turn|13
|choice|move suckerpunch|move psychic
|
|move|p1a: Bouki|Sucker Punch|p2a: Abra
|-supereffective|p2a: Abra
|-enditem|p2a: Abra|Focus Sash
|-damage|p2a: Abra|1\/19
|move|p2a: Abra|Psychic|p1a: Bouki
|-damage|p1a: Bouki|0 fnt
|faint|p1a: Bouki
|
|choice|switch 5|
|
|switch|p1a: Paul2212|Flabebe-Blue, L5, F, shiny|23\/23
|-damage|p1a: Paul2212|21\/23|[from] Stealth Rock
|turn|14
|choice|move gigadrain|move psychic
|
|move|p2a: Abra|Psychic|p1a: Paul2212
|-damage|p1a: Paul2212|11\/23
|move|p1a: Paul2212|Giga Drain|p2a: Abra
|-damage|p2a: Abra|0 fnt
|-heal|p1a: Paul2212|12\/23|[from] drain|[of] p2a: Abra
|faint|p2a: Abra
|
|choice||switch 3
|
|switch|p2a: Fletchling|Fletchling, L5, M, shiny|21\/21
|turn|15
|choice|move moonblast|move acrobatics
|
|move|p2a: Fletchling|Acrobatics|p1a: Paul2212
|-damage|p1a: Paul2212|2\/23
|move|p1a: Paul2212|Moonblast|p2a: Fletchling
|-damage|p2a: Fletchling|6\/21
|-unboost|p2a: Fletchling|spa|1
|
|turn|16
|choice|move moonblast|move acrobatics
|
|move|p2a: Fletchling|Acrobatics|p1a: Paul2212
|-damage|p1a: Paul2212|0 fnt
|faint|p1a: Paul2212
|
|choice|switch 3|
|
|switch|p1a: Bastyen|Totodile, L5, F|21\/21
|-damage|p1a: Bastyen|19\/21|[from] Stealth Rock
|turn|17
|c|★Isab!!!|gg
|choice|move icepunch|move acrobatics
|
|move|p2a: Fletchling|Acrobatics|p1a: Bastyen
|-damage|p1a: Bastyen|3\/21
|move|p1a: Bastyen|Ice Punch|p2a: Fletchling
|-supereffective|p2a: Fletchling
|-damage|p2a: Fletchling|0 fnt
|faint|p2a: Fletchling
|
|c|★Solgaleo28|gg
|choice||switch 4
|
|switch|p2a: Cottonee|Cottonee, L5, F|22\/22
|turn|18
|choice|move icepunch|move gigadrain
|
|move|p1a: Bastyen|Ice Punch|p2a: Cottonee
|-supereffective|p2a: Cottonee
|-damage|p2a: Cottonee|6\/22
|move|p2a: Cottonee|Giga Drain|p1a: Bastyen
|-supereffective|p1a: Bastyen
|-damage|p1a: Bastyen|0 fnt
|-heal|p2a: Cottonee|8\/22|[from] drain|[of] p1a: Bastyen
|faint|p1a: Bastyen
|
|choice|switch 4|
|
|switch|p1a: Moutemoute|Darumaka, L5, F, shiny|11\/23
|-damage|p1a: Moutemoute|6\/23|[from] Stealth Rock
|turn|19
|choice|move flareblitz|move gigadrain
|
|move|p2a: Cottonee|Giga Drain|p1a: Moutemoute
|-resisted|p1a: Moutemoute
|-damage|p1a: Moutemoute|3\/23
|-heal|p2a: Cottonee|10\/22|[from] drain|[of] p1a: Moutemoute
|move|p1a: Moutemoute|Flare Blitz|p2a: Cottonee
|-supereffective|p2a: Cottonee
|-crit|p2a: Cottonee
|-damage|p2a: Cottonee|0 fnt
|-damage|p1a: Moutemoute|0 fnt|[from] recoil|[of] p2a: Cottonee
|faint|p2a: Cottonee
|faint|p1a: Moutemoute
|
|win|Isab!!!
|player|p1
|player|p2
|c|★Solgaleo28|^^
|l|Rotom-Undefined</script>
</div>
<div class="battle-log battle-log-inline"><div class="inner"><div class="battle-options"></div><div class="inner"><div class="chat"><small>Isab!!! joined.</small></div><div class="chat"><small>Solgaleo28 joined.</small></div><div class=""><small>Format:</small> <br><strong>LC</strong></div><div class=""><small><em>Sleep Clause Mod:</em> Limit one foe put to sleep</small></div><div class=""><small><em>Species Clause:</em> Limit one of each Pokémon</small></div><div class=""><small><em>OHKO Clause:</em> OHKO moves are banned</small></div><div class=""><small><em>Moody Clause:</em> Moody is banned</small></div><div class=""><small><em>Evasion Moves Clause:</em> Evasion moves are banned</small></div><div class=""><small><em>Endless Battle Clause:</em> Forcing endless battles is banned</small></div><div class=""><small><em>HP Percentage Mod:</em> HP is shown in percentages</small></div><div class="chat battle-history"><strong>Isab!!!'s team:</strong> <em style="color:#445566;display:block;">Darumaka / Cacnea / Totodile / Gastly / Flabebe-Blue / Porygon</em></div><div class="chat battle-history"><strong>Solgaleo28's team:</strong> <em style="color:#445566;display:block;">Abra / Pawniard / Fletchling / Porygon / Cottonee / Diglett</em></div><div class="chat chatmessage-solgaleo28"><strong style="color:hsl(110,60%,41.521783152640005%)"><small>★</small><span class="username" data-name="Solgaleo28">Solgaleo28</span>:</strong> <em>hf !</em></div><div class="chat"><small>Rotom-Undefined joined.</small></div><div class="chat chatmessage-isab"><strong style="color:hsl(212,79%,49%)"><small>★</small><span class="username" data-name="Isab!!!">Isab!!!</span>:</strong> <em>gl</em></div><div class="spacer battle-history"><br></div><div class="battle-history">Battle started between Isab!!! and Solgaleo28!<br></div><div class="spacer battle-history"><br></div><div class="battle-history">Go! Walksacred (<strong>Gastly</strong>)!<br></div><div class="spacer battle-history"><br></div><div class="battle-history">Solgaleo28 sent out <strong>Diglett</strong>!<br></div><div class="spacer battle-history"><br></div><h2 class="battle-history">Turn 1</h2><div class="spacer battle-history"><br></div><div class="battle-history">The opposing Diglett used <strong>Stealth Rock</strong>!<br></div><div class="battle-history"><small>Pointed stones float in the air around your team!</small><br></div><div class="spacer battle-history"><br></div><div class="battle-history">Walksacred used <strong>Hidden Power</strong>!<br></div><div class="battle-history"><small>(The opposing Diglett lost <abbr title="−9/17">52.9%</abbr> of its health!)</small><br></div><div class="spacer battle-history"><br></div><h2 class="battle-history">Turn 2</h2><div class="spacer battle-history"><br></div><div class="battle-history">The opposing Diglett used <strong>Sucker Punch</strong>!<br></div><div class="battle-history"><small>It's super effective!</small><br></div><div class="battle-history"><small>Walksacred hung on using its Focus Sash!</small><br></div><div class="battle-history"><small>(Walksacred lost <abbr title="−19/20">95%</abbr> of its health!)</small><br></div><div class="spacer battle-history"><br></div><div class="battle-history">Walksacred used <strong>Hidden Power</strong>!<br></div><div class="battle-history"><small>(The opposing Diglett lost <abbr title="−8/17">47.1%</abbr> of its health!)</small><br></div><div class="spacer battle-history"><br></div><div class="battle-history">The opposing Diglett fainted!<br></div><div class="spacer battle-history"><br></div><div class="battle-history">Solgaleo28 sent out <strong>Pawniard</strong>!<br></div><div class="spacer battle-history"><br></div><h2 class="battle-history">Turn 3</h2><div class="spacer battle-history"><br></div><div class="battle-history">The opposing Pawniard used <strong>Sucker Punch</strong>!<br></div><div class="battle-history"><small>It's super effective!</small><br></div><div class="battle-history"><small>(Walksacred lost <abbr title="−1/20">5%</abbr> of its health!)</small><br></div><div class="spacer battle-history"><br></div><div class="battle-history">Walksacred fainted!<br></div><div class="spacer battle-history"><br></div><div class="battle-history">Go! Cirio (<strong>Porygon</strong>)!<br></div><div class="battle-history"><small>Pointed stones dug into Cirio!</small><br></div><div class="battle-history"><small>[Cirio's Trace]</small><br><small>[Cirio's Defiant]</small><br><small>Cirio traced the opposing Pawniard's Defiant!</small><br></div><div class="spacer battle-history"><br></div><h2 class="battle-history">Turn 4</h2><div class="spacer battle-history"><br></div><div class="battle-history">The opposing Pawniard used <strong>Swords Dance</strong>!<br></div><div class="battle-history"><small>The opposing Pawniard's Attack rose sharply!</small><br></div><div class="spacer battle-history"><br></div><div class="battle-history">Cirio used <strong>Hidden Power</strong>!<br></div><div class="battle-history"><small>It's super effective!</small><br></div><div class="battle-history"><small>(The opposing Pawniard lost <abbr title="−20/21">95.2%</abbr> of its health!)</small><br></div><div class="spacer battle-history"><br></div><h2 class="battle-history">Turn 5</h2><div class="chat chatmessage-isab"><strong style="color:hsl(212,79%,49%)"><small>★</small><span class="username" data-name="Isab!!!">Isab!!!</span>:</strong> <em>oh</em></div><div class="chat chatmessage-isab"><strong style="color:hsl(212,79%,49%)"><small>★</small><span class="username" data-name="Isab!!!">Isab!!!</span>:</strong> <em>shit</em></div><div class="chat chatmessage-isab"><strong style="color:hsl(212,79%,49%)"><small>★</small><span class="username" data-name="Isab!!!">Isab!!!</span>:</strong> <em>:V</em></div><div class="spacer battle-history"><br></div><div class="battle-history">The opposing Pawniard used <strong>Knock Off</strong>!<br></div><div class="battle-history"><small>(Cirio lost <abbr title="−19/25">76%</abbr> of its health!)</small><br></div><div class="battle-history"><small>The opposing Pawniard knocked off Cirio's Eviolite!</small><br></div><div class="spacer battle-history"><br></div><div class="battle-history">Cirio used <strong>Thunder Wave</strong>!<br></div><div class="battle-history"><small>The opposing Pawniard is paralyzed! It may be unable to move!</small><br></div><div class="spacer battle-history"><br></div><h2 class="battle-history">Turn 6</h2><div class="spacer battle-history"><br></div><div class="battle-history">The opposing Pawniard used <strong>Sucker Punch</strong>!<br></div><div class="battle-history"><small>But it failed!</small><br></div><div class="spacer battle-history"><br></div><div class="battle-history">Cirio used <strong>Recover</strong>!<br></div><div class="battle-history"><small>Cirio restored its HP.</small><br></div><div class="spacer battle-history"><br></div><h2 class="battle-history">Turn 7</h2><div class="spacer battle-history"><br></div><div class="battle-history">The opposing Pawniard used <strong>Sucker Punch</strong>!<br></div><div class="battle-history"><small>(Cirio lost <abbr title="−16/25">64%</abbr> of its health!)</small><br></div><div class="spacer battle-history"><br></div><div class="battle-history">Cirio fainted!<br></div><div class="spacer battle-history"><br></div><div class="battle-history">Go! Bouki (<strong>Cacnea</strong>)!<br></div><div class="battle-history"><small>Pointed stones dug into Bouki!</small><br></div><div class="spacer battle-history"><br></div><h2 class="battle-history">Turn 8</h2><div class="spacer battle-history"><br></div><div class="battle-history">Bouki used <strong>Sucker Punch</strong>!<br></div><div class="battle-history"><small>It's not very effective...</small><br></div><div class="battle-history"><small>(The opposing Pawniard lost <abbr title="−1/21">4.8%</abbr> of its health!)</small><br></div><div class="spacer battle-history"><br></div><div class="battle-history">The opposing Pawniard fainted!<br></div><div class="spacer battle-history"><br></div><div class="battle-history">Solgaleo28 sent out <strong>Cottonee</strong>!<br></div><div class="spacer battle-history"><br></div><h2 class="battle-history">Turn 9</h2><div class="spacer battle-history"><br></div><div class="battle-history">Bouki, come back!<br></div><div class="battle-history">Go! Moutemoute (<strong>Darumaka</strong>)!<br></div><div class="battle-history"><small>Pointed stones dug into Moutemoute!</small><br></div><div class="spacer battle-history"><br></div><div class="battle-history">The opposing Cottonee used <strong>Encore</strong>!<br></div><div class="battle-history"><small>But it failed!</small><br></div><div class="spacer battle-history"><br></div><h2 class="battle-history">Turn 10</h2><div class="chat"><small>Rotom-Undefined left.</small></div><div class="spacer battle-history"><br></div><div class="battle-history">Solgaleo28 withdrew Cottonee!<br></div><div class="battle-history">Solgaleo28 sent out <strong>Porygon</strong>!<br></div><div class="battle-history"><small>[The opposing Porygon's Download]</small><br></div><div class="battle-history"><small>The opposing Porygon's Attack rose!</small><br></div><div class="spacer battle-history"><br></div><div class="battle-history">Moutemoute used <strong>Flare Blitz</strong>!<br></div><div class="battle-history"><small>(The opposing Porygon lost <abbr title="−18/25">72%</abbr> of its health!)</small><br></div><div class="battle-history"><small>The opposing Porygon was burned!</small><br></div><div class="battle-history"><small>Moutemoute is damaged by the recoil!</small><br></div><div class="spacer battle-history"><br></div><div class="battle-history"><small>The opposing Porygon was hurt by its burn!</small><br></div><div class="spacer battle-history"><br></div><h2 class="battle-history">Turn 11</h2><div class="chat"><small>Rotom-Undefined joined.</small></div><div class="spacer battle-history"><br></div><div class="battle-history">Moutemoute used <strong>Flare Blitz</strong>!<br></div><div class="battle-history"><small>(The opposing Porygon lost <abbr title="−4/25">16%</abbr> of its health!)</small><br></div><div class="battle-history"><small>Moutemoute is damaged by the recoil!</small><br></div><div class="spacer battle-history"><br></div><div class="battle-history">The opposing Porygon fainted!<br></div><div class="spacer battle-history"><br></div><div class="battle-history">Solgaleo28 sent out <strong>Abra</strong>!<br></div><div class="spacer battle-history"><br></div><h2 class="battle-history">Turn 12</h2><div class="spacer battle-history"><br></div><div class="battle-history">Moutemoute, come back!<br></div><div class="battle-history">Go! Bouki (<strong>Cacnea</strong>)!<br></div><div class="battle-history"><small>Pointed stones dug into Bouki!</small><br></div><div class="spacer battle-history"><br></div><div class="battle-history">The opposing Abra used <strong>Psychic</strong>!<br></div><div class="battle-history"><small>(Bouki lost <abbr title="−15/22">68.2%</abbr> of its health!)</small><br></div><div class="spacer battle-history"><br></div><h2 class="battle-history">Turn 13</h2><div class="spacer battle-history"><br></div><div class="battle-history">Bouki used <strong>Sucker Punch</strong>!<br></div><div class="battle-history"><small>It's super effective!</small><br></div><div class="battle-history"><small>The opposing Abra hung on using its Focus Sash!</small><br></div><div class="battle-history"><small>(The opposing Abra lost <abbr title="−18/19">94.7%</abbr> of its health!)</small><br></div><div class="spacer battle-history"><br></div><div class="battle-history">The opposing Abra used <strong>Psychic</strong>!<br></div><div class="battle-history"><small>(Bouki lost <abbr title="−3/22">13.6%</abbr> of its health!)</small><br></div><div class="spacer battle-history"><br></div><div class="battle-history">Bouki fainted!<br></div><div class="spacer battle-history"><br></div><div class="battle-history">Go! Paul2212 (<strong>Flabebe-Blue</strong>)!<br></div><div class="battle-history"><small>Pointed stones dug into Paul2212!</small><br></div><div class="spacer battle-history"><br></div><h2 class="battle-history">Turn 14</h2><div class="spacer battle-history"><br></div><div class="battle-history">The opposing Abra used <strong>Psychic</strong>!<br></div><div class="battle-history"><small>(Paul2212 lost <abbr title="−10/23">43.5%</abbr> of its health!)</small><br></div><div class="spacer battle-history"><br></div><div class="battle-history">Paul2212 used <strong>Giga Drain</strong>!<br></div><div class="battle-history"><small>(The opposing Abra lost <abbr title="−1/19">5.3%</abbr> of its health!)</small><br></div><div class="battle-history"><small>The opposing Abra had its energy drained!</small><br></div><div class="spacer battle-history"><br></div><div class="battle-history">The opposing Abra fainted!<br></div><div class="spacer battle-history"><br></div><div class="battle-history">Solgaleo28 sent out <strong>Fletchling</strong>!<br></div><div class="spacer battle-history"><br></div><h2 class="battle-history">Turn 15</h2><div class="spacer battle-history"><br></div><div class="battle-history">The opposing Fletchling used <strong>Acrobatics</strong>!<br></div><div class="battle-history"><small>(Paul2212 lost <abbr title="−10/23">43.5%</abbr> of its health!)</small><br></div><div class="spacer battle-history"><br></div><div class="battle-history">Paul2212 used <strong>Moonblast</strong>!<br></div><div class="battle-history"><small>(The opposing Fletchling lost <abbr title="−15/21">71.4%</abbr> of its health!)</small><br></div><div class="battle-history"><small>The opposing Fletchling's Special Attack fell!</small><br></div><div class="spacer battle-history"><br></div><h2 class="battle-history">Turn 16</h2><div class="spacer battle-history"><br></div><div class="battle-history">The opposing Fletchling used <strong>Acrobatics</strong>!<br></div><div class="battle-history"><small>(Paul2212 lost <abbr title="−2/23">8.7%</abbr> of its health!)</small><br></div><div class="spacer battle-history"><br></div><div class="battle-history">Paul2212 fainted!<br></div><div class="spacer battle-history"><br></div><div class="battle-history">Go! Bastyen (<strong>Totodile</strong>)!<br></div><div class="battle-history"><small>Pointed stones dug into Bastyen!</small><br></div><div class="spacer battle-history"><br></div><h2 class="battle-history">Turn 17</h2><div class="chat chatmessage-isab"><strong style="color:hsl(212,79%,49%)"><small>★</small><span class="username" data-name="Isab!!!">Isab!!!</span>:</strong> <em>gg</em></div><div class="spacer battle-history"><br></div><div class="battle-history">The opposing Fletchling used <strong>Acrobatics</strong>!<br></div><div class="battle-history"><small>(Bastyen lost <abbr title="−16/21">76.2%</abbr> of its health!)</small><br></div><div class="spacer battle-history"><br></div><div class="battle-history">Bastyen used <strong>Ice Punch</strong>!<br></div><div class="battle-history"><small>It's super effective!</small><br></div><div class="battle-history"><small>(The opposing Fletchling lost <abbr title="−6/21">28.6%</abbr> of its health!)</small><br></div><div class="spacer battle-history"><br></div><div class="battle-history">The opposing Fletchling fainted!<br></div><div class="chat chatmessage-solgaleo28"><strong style="color:hsl(110,60%,41.521783152640005%)"><small>★</small><span class="username" data-name="Solgaleo28">Solgaleo28</span>:</strong> <em>gg</em></div><div class="spacer battle-history"><br></div><div class="battle-history">Solgaleo28 sent out <strong>Cottonee</strong>!<br></div><div class="spacer battle-history"><br></div><h2 class="battle-history">Turn 18</h2><div class="spacer battle-history"><br></div><div class="battle-history">Bastyen used <strong>Ice Punch</strong>!<br></div><div class="battle-history"><small>It's super effective!</small><br></div><div class="battle-history"><small>(The opposing Cottonee lost <abbr title="−16/22">72.7%</abbr> of its health!)</small><br></div><div class="spacer battle-history"><br></div><div class="battle-history">The opposing Cottonee used <strong>Giga Drain</strong>!<br></div><div class="battle-history"><small>It's super effective!</small><br></div><div class="battle-history"><small>(Bastyen lost <abbr title="−3/21">14.3%</abbr> of its health!)</small><br></div><div class="battle-history"><small>Bastyen had its energy drained!</small><br></div><div class="spacer battle-history"><br></div><div class="battle-history">Bastyen fainted!<br></div><div class="spacer battle-history"><br></div><div class="battle-history">Go! Moutemoute (<strong>Darumaka</strong>)!<br></div><div class="battle-history"><small>Pointed stones dug into Moutemoute!</small><br></div><div class="spacer battle-history"><br></div><h2 class="battle-history">Turn 19</h2><div class="spacer battle-history"><br></div><div class="battle-history">The opposing Cottonee used <strong>Giga Drain</strong>!<br></div><div class="battle-history"><small>It's not very effective...</small><br></div><div class="battle-history"><small>(Moutemoute lost <abbr title="−3/23">13.0%</abbr> of its health!)</small><br></div><div class="battle-history"><small>Moutemoute had its energy drained!</small><br></div><div class="spacer battle-history"><br></div><div class="battle-history">Moutemoute used <strong>Flare Blitz</strong>!<br></div><div class="battle-history"><small>It's super effective!</small><br></div><div class="battle-history"><small>A critical hit!</small><br></div><div class="battle-history"><small>(The opposing Cottonee lost <abbr title="−10/22">45.5%</abbr> of its health!)</small><br></div><div class="battle-history"><small>Moutemoute is damaged by the recoil!</small><br></div><div class="spacer battle-history"><br></div><div class="battle-history">The opposing Cottonee fainted!<br></div><div class="battle-history">Moutemoute fainted!<br></div><div class="spacer battle-history"><br></div><div class="battle-history"><strong>Isab!!!</strong> won the battle!<br></div><div class="chat chatmessage-solgaleo28"><strong style="color:hsl(110,60%,41.521783152640005%)"><small>★</small><span class="username" data-name="Solgaleo28">Solgaleo28</span>:</strong> <em>^^</em></div><div class="chat"><small>Rotom-Undefined left.</small></div></div><div class="inner-preempt"></div></div></div>
</div>
<script>
let daily = Math.floor(Date.now()/1000/60/60/24);document.write('<script src="https://play.pokemonshowdown.com/js/replay-embed.js?version'+daily+'"></'+'script>');
</script>
