<!DOCTYPE html>
<meta charset="utf-8" />
<!-- version 1 -->
<title>LC replay: janus05 vs. Helper 23456</title>
<style>
html,body {font-family:Verdana, sans-serif;font-size:10pt;margin:0;padding:0;}body{padding:12px 0;} .battle-log {font-family:Verdana, sans-serif;font-size:10pt;} .battle-log-inline {border:1px solid #AAAAAA;background:#EEF2F5;color:black;max-width:640px;margin:0 auto 80px;padding-bottom:5px;} .battle-log .inner {padding:4px 8px 0px 8px;} .battle-log .inner-preempt {padding:0 8px 4px 8px;} .battle-log .inner-after {margin-top:0.5em;} .battle-log h2 {margin:0.5em -8px;padding:4px 8px;border:1px solid #AAAAAA;background:#E0E7EA;border-left:0;border-right:0;font-family:Verdana, sans-serif;font-size:13pt;} .battle-log .chat {vertical-align:middle;padding:3px 0 3px 0;font-size:8pt;} .battle-log .chat strong {color:#40576A;} .battle-log .chat em {padding:1px 4px 1px 3px;color:#000000;font-style:normal;} .chat.mine {background:rgba(0,0,0,0.05);margin-left:-8px;margin-right:-8px;padding-left:8px;padding-right:8px;} .spoiler {color:#BBBBBB;background:#BBBBBB;padding:0px 3px;} .spoiler:hover, .spoiler:active, .spoiler-shown {color:#000000;background:#E2E2E2;padding:0px 3px;} .spoiler a {color:#BBBBBB;} .spoiler:hover a, .spoiler:active a, .spoiler-shown a {color:#2288CC;} .chat code, .chat .spoiler:hover code, .chat .spoiler:active code, .chat .spoiler-shown code {border:1px solid #C0C0C0;background:#EEEEEE;color:black;padding:0 2px;} .chat .spoiler code {border:1px solid #CCCCCC;background:#CCCCCC;color:#CCCCCC;} .battle-log .rated {padding:3px 4px;} .battle-log .rated strong {color:white;background:#89A;padding:1px 4px;border-radius:4px;} .spacer {margin-top:0.5em;} .message-announce {background:#6688AA;color:white;padding:1px 4px 2px;} .message-announce a, .broadcast-green a, .broadcast-blue a, .broadcast-red a {color:#DDEEFF;} .broadcast-green {background-color:#559955;color:white;padding:2px 4px;} .broadcast-blue {background-color:#6688AA;color:white;padding:2px 4px;} .infobox {border:1px solid #6688AA;padding:2px 4px;} .infobox-limited {max-height:200px;overflow:auto;overflow-x:hidden;} .broadcast-red {background-color:#AA5544;color:white;padding:2px 4px;} .message-learn-canlearn {font-weight:bold;color:#228822;text-decoration:underline;} .message-learn-cannotlearn {font-weight:bold;color:#CC2222;text-decoration:underline;} .message-effect-weak {font-weight:bold;color:#CC2222;} .message-effect-resist {font-weight:bold;color:#6688AA;} .message-effect-immune {font-weight:bold;color:#666666;} .message-learn-list {margin-top:0;margin-bottom:0;} .message-throttle-notice, .message-error {color:#992222;} .message-overflow, .chat small.message-overflow {font-size:0pt;} .message-overflow::before {font-size:9pt;content:'...';} .subtle {color:#3A4A66;}
</style>
<div class="wrapper replay-wrapper" style="max-width:1180px;margin:0 auto">
<input type="hidden" name="replayid" value="lc-481996481" />
<div class="battle"></div><div class="battle-log"></div><div class="replay-controls"></div><div class="replay-controls-2"></div>
<h1 style="font-weight:normal;text-align:center"><strong>LC</strong><br /><a href="http://pokemonshowdown.com/users/janus05" class="subtle" target="_blank">janus05</a> vs. <a href="http://pokemonshowdown.com/users/helper23456" class="subtle" target="_blank">Helper 23456</a></h1>
<script type="text/plain" class="battle-log-data">|j|janus05
|j|Helper 23456
|player|p1|janus05|224
|player|p2|Helper 23456|28
|gametype|singles
|gen|6
|tier|LC
|rated
|seed|61825,22036,42060,29908
|clearpoke
|poke|p1|Snubbull, L5, F|item
|poke|p1|Carvanha, L5, F|item
|poke|p1|Cubone, L5, F|item
|poke|p1|Torchic, L5, F|item
|poke|p1|Scraggy, L5, M|item
|poke|p1|Corphish, L5, F|item
|poke|p2|Tirtouga, L5, M, shiny|item
|poke|p2|Archen, L5, F, shiny|item
|poke|p2|Pawniard, L5, M, shiny|item
|poke|p2|Ferroseed, L5, M|item
|poke|p2|Chimchar, L5, M, shiny|item
|poke|p2|Abra, L5, M, shiny|item
|rule|Sleep Clause Mod: Limit one foe put to sleep
|rule|Species Clause: Limit one of each Pokémon
|rule|OHKO Clause: OHKO moves are banned
|rule|Moody Clause: Moody is banned
|rule|Evasion Moves Clause: Evasion moves are banned
|rule|Endless Battle Clause: Forcing endless battles is banned
|rule|HP Percentage Mod: HP is shown in percentages
|teampreview
|choice|team 4, team 2, team 3, team 1, team 5, team 6|team 1, team 2, team 3, team 4, team 5, team 6
|
|start
|switch|p1a: Torchic|Torchic, L5, F|21\/21
|switch|p2a: Crush|Tirtouga, L5, M, shiny|21\/21
|turn|1
|choice|move swordsdance|move stoneedge
|
|move|p1a: Torchic|Swords Dance|p1a: Torchic
|-boost|p1a: Torchic|atk|2
|move|p2a: Crush|Stone Edge|p1a: Torchic
|-supereffective|p1a: Torchic
|-enditem|p1a: Torchic|Focus Sash
|-damage|p1a: Torchic|1\/21
|
|-ability|p1a: Torchic|Speed Boost|boost
|-boost|p1a: Torchic|spe|1
|turn|2
|choice|move batonpass|move aquajet
|
|move|p2a: Crush|Aqua Jet|p1a: Torchic
|-supereffective|p1a: Torchic
|-damage|p1a: Torchic|0 fnt
|faint|p1a: Torchic
|
|choice|switch 3|
|
|switch|p1a: Cubone|Cubone, L5, F|21\/21
|turn|3
|choice|move bonemerang|move shellsmash
|
|move|p1a: Cubone|Bonemerang|p2a: Crush
|-supereffective|p2a: Crush
|-ability|p2a: Crush|Sturdy
|-damage|p2a: Crush|1\/21
|-enditem|p2a: Crush|Berry Juice
|-heal|p2a: Crush|21\/21|[from] item: Berry Juice
|-supereffective|p2a: Crush
|-damage|p2a: Crush|1\/21
|-hitcount|p2a: Crush|2
|move|p2a: Crush|Shell Smash|p2a: Crush
|-unboost|p2a: Crush|def|1
|-unboost|p2a: Crush|spd|1
|-boost|p2a: Crush|atk|2
|-boost|p2a: Crush|spa|2
|-boost|p2a: Crush|spe|2
|
|turn|4
|choice|move knockoff|move aquajet
|
|move|p2a: Crush|Aqua Jet|p1a: Cubone
|-supereffective|p1a: Cubone
|-damage|p1a: Cubone|1\/21
|move|p1a: Cubone|Knock Off|p2a: Crush
|-crit|p2a: Crush
|-damage|p2a: Crush|0 fnt
|faint|p2a: Crush
|
|choice||switch 2
|
|switch|p2a: Terry|Archen, L5, F, shiny|23\/23
|turn|5
|choice|move thunderpunch|move uturn
|
|move|p2a: Terry|U-turn|p1a: Cubone
|-damage|p1a: Cubone|0 fnt
|faint|p1a: Cubone
|choice||switch 6
|
|switch|p2a: Joel|Abra, L5, M, shiny|19\/19
|
|choice|switch 4|
|
|switch|p1a: Snubbull|Snubbull, L5, F|22\/22
|-ability|p1a: Snubbull|Intimidate|boost
|-unboost|p2a: Joel|atk|1
|turn|6
|choice|move thunderwave|switch 4
|
|switch|p2a: Sheldon|Ferroseed, L5, M|22\/22
|move|p1a: Snubbull|Thunder Wave|p2a: Sheldon
|-status|p2a: Sheldon|par
|
|turn|7
|choice|move bulkup|move leechseed
|
|move|p1a: Snubbull|Bulk Up|p1a: Snubbull
|-boost|p1a: Snubbull|atk|1
|-boost|p1a: Snubbull|def|1
|move|p2a: Sheldon|Leech Seed|p1a: Snubbull
|-start|p1a: Snubbull|move: Leech Seed
|
|-damage|p1a: Snubbull|20\/22|[from] Leech Seed|[of] p2a: Sheldon
|turn|8
|choice|move closecombat|move knockoff
|
|move|p1a: Snubbull|Close Combat|p2a: Sheldon
|-supereffective|p2a: Sheldon
|-damage|p2a: Sheldon|4\/22 par
|-damage|p1a: Snubbull|18\/22|[from] ability: Iron Barbs|[of] p2a: Sheldon
|-unboost|p1a: Snubbull|def|1
|-unboost|p1a: Snubbull|spd|1
|move|p2a: Sheldon|Knock Off|p1a: Snubbull
|-resisted|p1a: Snubbull
|-damage|p1a: Snubbull|16\/22
|-enditem|p1a: Snubbull|Eviolite|[from] move: Knock Off|[of] p2a: Sheldon
|
|-damage|p1a: Snubbull|14\/22|[from] Leech Seed|[of] p2a: Sheldon
|-heal|p2a: Sheldon|6\/22 par|[silent]
|turn|9
|choice|move closecombat|move stealthrock
|
|move|p1a: Snubbull|Close Combat|p2a: Sheldon
|-supereffective|p2a: Sheldon
|-damage|p2a: Sheldon|0 fnt
|-damage|p1a: Snubbull|12\/22|[from] ability: Iron Barbs|[of] p2a: Sheldon
|-unboost|p1a: Snubbull|def|1
|-unboost|p1a: Snubbull|spd|1
|faint|p2a: Sheldon
|
|choice||switch 3
|
|switch|p2a: Checky|Pawniard, L5, M, shiny|21\/21
|turn|10
|choice|move closecombat|move ironhead
|
|move|p2a: Checky|Iron Head|p1a: Snubbull
|-supereffective|p1a: Snubbull
|-damage|p1a: Snubbull|0 fnt
|faint|p1a: Snubbull
|
|choice|switch 5|
|
|switch|p1a: Scraggy|Scraggy, L5, M|21\/21
|turn|11
|choice|move drainpunch|switch 6
|
|switch|p2a: Terry|Archen, L5, F, shiny|23\/23
|move|p1a: Scraggy|Drain Punch|p2a: Terry
|-damage|p2a: Terry|8\/23
|-enditem|p2a: Terry|Berry Juice
|-heal|p2a: Terry|23\/23|[from] item: Berry Juice
|
|turn|12
|choice|switch 6|move acrobatics
|
|switch|p1a: Corphish|Corphish, L5, F|20\/20
|move|p2a: Terry|Acrobatics|p1a: Corphish
|-damage|p1a: Corphish|7\/20
|
|turn|13
|choice|move aquajet|switch 6
|
|switch|p2a: Checky|Pawniard, L5, M, shiny|21\/21
|move|p1a: Corphish|Aqua Jet|p2a: Checky
|-damage|p2a: Checky|13\/21
|
|turn|14
|choice|move aquajet|move suckerpunch
|
|move|p2a: Checky|Sucker Punch|p1a: Corphish
|-damage|p1a: Corphish|0 fnt
|faint|p1a: Corphish
|
|choice|switch 2|
|
|switch|p1a: Carvanha|Carvanha, L5, F|21\/21
|turn|15
|choice|move protect|move ironhead
|
|move|p1a: Carvanha|Protect|p1a: Carvanha
|-singleturn|p1a: Carvanha|Protect
|move|p2a: Checky|Iron Head|p1a: Carvanha
|-activate|p1a: Carvanha|move: Protect
|
|-ability|p1a: Carvanha|Speed Boost|boost
|-boost|p1a: Carvanha|spe|1
|turn|16
|choice|move waterfall|move ironhead
|
|move|p1a: Carvanha|Waterfall|p2a: Checky
|-damage|p2a: Checky|1\/21
|-damage|p1a: Carvanha|19\/21|[from] item: Life Orb
|move|p2a: Checky|Iron Head|p1a: Carvanha
|-resisted|p1a: Carvanha
|-damage|p1a: Carvanha|9\/21
|
|-ability|p1a: Carvanha|Speed Boost|boost
|-boost|p1a: Carvanha|spe|1
|turn|17
|choice|move protect|move suckerpunch
|
|move|p1a: Carvanha|Protect|p1a: Carvanha
|-singleturn|p1a: Carvanha|Protect
|move|p2a: Checky|Sucker Punch|p1a: Carvanha|[still]
|-fail|p2a: Checky
|
|-ability|p1a: Carvanha|Speed Boost|boost
|-boost|p1a: Carvanha|spe|1
|turn|18
|choice|move destinybond|move suckerpunch
|
|move|p2a: Checky|Sucker Punch|p1a: Carvanha|[still]
|-fail|p2a: Checky
|move|p1a: Carvanha|Destiny Bond|p1a: Carvanha
|-singlemove|p1a: Carvanha|Destiny Bond
|
|-ability|p1a: Carvanha|Speed Boost|boost
|-boost|p1a: Carvanha|spe|1
|turn|19
|choice|move waterfall|move suckerpunch
|
|move|p2a: Checky|Sucker Punch|p1a: Carvanha
|-resisted|p1a: Carvanha
|-damage|p1a: Carvanha|0 fnt
|faint|p1a: Carvanha
|-activate|p1a: Carvanha|move: Destiny Bond
|faint|p2a: Checky
|
|choice|switch 6|switch 6
|
|switch|p2a: Terry|Archen, L5, F, shiny|23\/23
|switch|p1a: Scraggy|Scraggy, L5, M|21\/21
|turn|20
|choice|move dragondance|move acrobatics
|
|move|p2a: Terry|Acrobatics|p1a: Scraggy
|-supereffective|p1a: Scraggy
|-damage|p1a: Scraggy|0 fnt
|faint|p1a: Scraggy
|
|win|Helper 23456
|player|p1
|player|p2
|l|janus05</script>
</div>
<div class="battle-log battle-log-inline"><div class="inner"><div class="battle-options"></div><div class="inner"><div class="chat"><small>janus05 joined.</small></div><div class="chat"><small>Helper 23456 joined.</small></div><div class=""><small>Format:</small> <br><strong>LC</strong></div><div class="rated"><strong>Rated battle</strong></div><div class=""><small><em>Sleep Clause Mod:</em> Limit one foe put to sleep</small></div><div class=""><small><em>Species Clause:</em> Limit one of each Pokémon</small></div><div class=""><small><em>OHKO Clause:</em> OHKO moves are banned</small></div><div class=""><small><em>Moody Clause:</em> Moody is banned</small></div><div class=""><small><em>Evasion Moves Clause:</em> Evasion moves are banned</small></div><div class=""><small><em>Endless Battle Clause:</em> Forcing endless battles is banned</small></div><div class=""><small><em>HP Percentage Mod:</em> HP is shown in percentages</small></div><div class="chat battle-history"><strong>janus05's team:</strong> <em style="color:#445566;display:block;">Snubbull / Carvanha / Cubone / Torchic / Scraggy / Corphish</em></div><div class="chat battle-history"><strong>Helper 23456's team:</strong> <em style="color:#445566;display:block;">Tirtouga / Archen / Pawniard / Ferroseed / Chimchar / Abra</em></div><div class="spacer battle-history"><br></div><div class="battle-history">Battle started between janus05 and Helper 23456!<br></div><div class="spacer battle-history"><br></div><div class="battle-history">Go! <strong>Torchic</strong>!<br></div><div class="spacer battle-history"><br></div><div class="battle-history">Helper 23456 sent out Crush (<strong>Tirtouga</strong>)!<br></div><div class="spacer battle-history"><br></div><h2 class="battle-history">Turn 1</h2><div class="spacer battle-history"><br></div><div class="battle-history">Torchic used <strong>Swords Dance</strong>!<br></div><div class="battle-history"><small>Torchic's Attack rose sharply!</small><br></div><div class="spacer battle-history"><br></div><div class="battle-history">The opposing Crush used <strong>Stone Edge</strong>!<br></div><div class="battle-history"><small>It's super effective!</small><br></div><div class="battle-history"><small>Torchic hung on using its Focus Sash!</small><br></div><div class="battle-history"><small>(Torchic lost <abbr title="−20/21">95.2%</abbr> of its health!)</small><br></div><div class="spacer battle-history"><br></div><div class="battle-history"><small>[Torchic's Speed Boost]</small><br></div><div class="battle-history"><small>Torchic's Speed rose!</small><br></div><div class="spacer battle-history"><br></div><h2 class="battle-history">Turn 2</h2><div class="spacer battle-history"><br></div><div class="battle-history">The opposing Crush used <strong>Aqua Jet</strong>!<br></div><div class="battle-history"><small>It's super effective!</small><br></div><div class="battle-history"><small>(Torchic lost <abbr title="−1/21">4.8%</abbr> of its health!)</small><br></div><div class="spacer battle-history"><br></div><div class="battle-history">Torchic fainted!<br></div><div class="spacer battle-history"><br></div><div class="battle-history">Go! <strong>Cubone</strong>!<br></div><div class="spacer battle-history"><br></div><h2 class="battle-history">Turn 3</h2><div class="spacer battle-history"><br></div><div class="battle-history">Cubone used <strong>Bonemerang</strong>!<br></div><div class="battle-history"><small>It's super effective!</small><br></div><div class="battle-history"><small>[The opposing Crush's Sturdy]</small><br><small>The opposing Crush endured the hit!</small><br></div><div class="battle-history"><small>(The opposing Crush lost <abbr title="−20/21">95.2%</abbr> of its health!)</small><br></div><div class="battle-history"><small>(The opposing Crush used its Berry Juice!)</small><br></div><div class="battle-history"><small>The opposing Crush restored HP using its Berry Juice!</small><br></div><div class="battle-history"><small>It's super effective!</small><br></div><div class="battle-history"><small>(The opposing Crush lost <abbr title="−20/21">95.2%</abbr> of its health!)</small><br></div><div class="battle-history"><small>Hit 2 times!</small><br></div><div class="spacer battle-history"><br></div><div class="battle-history">The opposing Crush used <strong>Shell Smash</strong>!<br></div><div class="battle-history"><small>The opposing Crush's Defense fell!</small><br></div><div class="battle-history"><small>The opposing Crush's Special Defense fell!</small><br></div><div class="battle-history"><small>The opposing Crush's Attack rose sharply!</small><br></div><div class="battle-history"><small>The opposing Crush's Special Attack rose sharply!</small><br></div><div class="battle-history"><small>The opposing Crush's Speed rose sharply!</small><br></div><div class="spacer battle-history"><br></div><h2 class="battle-history">Turn 4</h2><div class="spacer battle-history"><br></div><div class="battle-history">The opposing Crush used <strong>Aqua Jet</strong>!<br></div><div class="battle-history"><small>It's super effective!</small><br></div><div class="battle-history"><small>(Cubone lost <abbr title="−20/21">95.2%</abbr> of its health!)</small><br></div><div class="spacer battle-history"><br></div><div class="battle-history">Cubone used <strong>Knock Off</strong>!<br></div><div class="battle-history"><small>A critical hit!</small><br></div><div class="battle-history"><small>(The opposing Crush lost <abbr title="−1/21">4.8%</abbr> of its health!)</small><br></div><div class="spacer battle-history"><br></div><div class="battle-history">The opposing Crush fainted!<br></div><div class="spacer battle-history"><br></div><div class="battle-history">Helper 23456 sent out Terry (<strong>Archen</strong>)!<br></div><div class="spacer battle-history"><br></div><h2 class="battle-history">Turn 5</h2><div class="spacer battle-history"><br></div><div class="battle-history">The opposing Terry used <strong>U-turn</strong>!<br></div><div class="battle-history"><small>(Cubone lost <abbr title="−1/21">4.8%</abbr> of its health!)</small><br></div><div class="spacer battle-history"><br></div><div class="battle-history">Cubone fainted!<br></div><div class="spacer battle-history"><br></div><div class="battle-history">The opposing Terry went back to Helper 23456!<br></div><div class="battle-history">Helper 23456 sent out Joel (<strong>Abra</strong>)!<br></div><div class="spacer battle-history"><br></div><div class="battle-history">Go! <strong>Snubbull</strong>!<br></div><div class="battle-history"><small>[Snubbull's Intimidate]</small><br></div><div class="battle-history"><small>The opposing Joel's Attack fell!</small><br></div><div class="spacer battle-history"><br></div><h2 class="battle-history">Turn 6</h2><div class="spacer battle-history"><br></div><div class="battle-history">Helper 23456 withdrew Joel!<br></div><div class="battle-history">Helper 23456 sent out Sheldon (<strong>Ferroseed</strong>)!<br></div><div class="spacer battle-history"><br></div><div class="battle-history">Snubbull used <strong>Thunder Wave</strong>!<br></div><div class="battle-history"><small>The opposing Sheldon is paralyzed! It may be unable to move!</small><br></div><div class="spacer battle-history"><br></div><h2 class="battle-history">Turn 7</h2><div class="spacer battle-history"><br></div><div class="battle-history">Snubbull used <strong>Bulk Up</strong>!<br></div><div class="battle-history"><small>Snubbull's Attack rose!</small><br></div><div class="battle-history"><small>Snubbull's Defense rose!</small><br></div><div class="spacer battle-history"><br></div><div class="battle-history">The opposing Sheldon used <strong>Leech Seed</strong>!<br></div><div class="battle-history"><small>Snubbull was seeded!</small><br></div><div class="spacer battle-history"><br></div><div class="battle-history"><small>Snubbull's health is sapped by Leech Seed!</small><br></div><div class="spacer battle-history"><br></div><h2 class="battle-history">Turn 8</h2><div class="spacer battle-history"><br></div><div class="battle-history">Snubbull used <strong>Close Combat</strong>!<br></div><div class="battle-history"><small>It's super effective!</small><br></div><div class="battle-history"><small>(The opposing Sheldon lost <abbr title="−18/22">81.8%</abbr> of its health!)</small><br></div><div class="battle-history"><small>[The opposing Sheldon's Iron Barbs]</small><br><small>Snubbull was hurt!</small><br></div><div class="battle-history"><small>Snubbull's Defense fell!</small><br></div><div class="battle-history"><small>Snubbull's Special Defense fell!</small><br></div><div class="spacer battle-history"><br></div><div class="battle-history">The opposing Sheldon used <strong>Knock Off</strong>!<br></div><div class="battle-history"><small>It's not very effective...</small><br></div><div class="battle-history"><small>(Snubbull lost <abbr title="−2/22">9.1%</abbr> of its health!)</small><br></div><div class="battle-history"><small>The opposing Sheldon knocked off Snubbull's Eviolite!</small><br></div><div class="spacer battle-history"><br></div><div class="battle-history"><small>Snubbull's health is sapped by Leech Seed!</small><br></div><div class="spacer battle-history"><br></div><h2 class="battle-history">Turn 9</h2><div class="spacer battle-history"><br></div><div class="battle-history">Snubbull used <strong>Close Combat</strong>!<br></div><div class="battle-history"><small>It's super effective!</small><br></div><div class="battle-history"><small>(The opposing Sheldon lost <abbr title="−6/22">27.3%</abbr> of its health!)</small><br></div><div class="battle-history"><small>[The opposing Sheldon's Iron Barbs]</small><br><small>Snubbull was hurt!</small><br></div><div class="battle-history"><small>Snubbull's Defense fell!</small><br></div><div class="battle-history"><small>Snubbull's Special Defense fell!</small><br></div><div class="spacer battle-history"><br></div><div class="battle-history">The opposing Sheldon fainted!<br></div><div class="spacer battle-history"><br></div><div class="battle-history">Helper 23456 sent out Checky (<strong>Pawniard</strong>)!<br></div><div class="spacer battle-history"><br></div><h2 class="battle-history">Turn 10</h2><div class="spacer battle-history"><br></div><div class="battle-history">The opposing Checky used <strong>Iron Head</strong>!<br></div><div class="battle-history"><small>It's super effective!</small><br></div><div class="battle-history"><small>(Snubbull lost <abbr title="−12/22">54.5%</abbr> of its health!)</small><br></div><div class="spacer battle-history"><br></div><div class="battle-history">Snubbull fainted!<br></div><div class="spacer battle-history"><br></div><div class="battle-history">Go! <strong>Scraggy</strong>!<br></div><div class="spacer battle-history"><br></div><h2 class="battle-history">Turn 11</h2><div class="spacer battle-history"><br></div><div class="battle-history">Helper 23456 withdrew Checky!<br></div><div class="battle-history">Helper 23456 sent out Terry (<strong>Archen</strong>)!<br></div><div class="spacer battle-history"><br></div><div class="battle-history">Scraggy used <strong>Drain Punch</strong>!<br></div><div class="battle-history"><small>(The opposing Terry lost <abbr title="−15/23">65.2%</abbr> of its health!)</small><br></div><div class="battle-history"><small>(The opposing Terry used its Berry Juice!)</small><br></div><div class="battle-history"><small>The opposing Terry restored HP using its Berry Juice!</small><br></div><div class="spacer battle-history"><br></div><h2 class="battle-history">Turn 12</h2><div class="spacer battle-history"><br></div><div class="battle-history">Scraggy, come back!<br></div><div class="battle-history">Go! <strong>Corphish</strong>!<br></div><div class="spacer battle-history"><br></div><div class="battle-history">The opposing Terry used <strong>Acrobatics</strong>!<br></div><div class="battle-history"><small>(Corphish lost <abbr title="−13/20">65%</abbr> of its health!)</small><br></div><div class="spacer battle-history"><br></div><h2 class="battle-history">Turn 13</h2><div class="spacer battle-history"><br></div><div class="battle-history">Helper 23456 withdrew Terry!<br></div><div class="battle-history">Helper 23456 sent out Checky (<strong>Pawniard</strong>)!<br></div><div class="spacer battle-history"><br></div><div class="battle-history">Corphish used <strong>Aqua Jet</strong>!<br></div><div class="battle-history"><small>(The opposing Checky lost <abbr title="−8/21">38.1%</abbr> of its health!)</small><br></div><div class="spacer battle-history"><br></div><h2 class="battle-history">Turn 14</h2><div class="spacer battle-history"><br></div><div class="battle-history">The opposing Checky used <strong>Sucker Punch</strong>!<br></div><div class="battle-history"><small>(Corphish lost <abbr title="−7/20">35%</abbr> of its health!)</small><br></div><div class="spacer battle-history"><br></div><div class="battle-history">Corphish fainted!<br></div><div class="spacer battle-history"><br></div><div class="battle-history">Go! <strong>Carvanha</strong>!<br></div><div class="spacer battle-history"><br></div><h2 class="battle-history">Turn 15</h2><div class="spacer battle-history"><br></div><div class="battle-history">Carvanha used <strong>Protect</strong>!<br></div><div class="battle-history"><small>Carvanha protected itself!</small><br></div><div class="spacer battle-history"><br></div><div class="battle-history">The opposing Checky used <strong>Iron Head</strong>!<br></div><div class="battle-history"><small>Carvanha protected itself!</small><br></div><div class="spacer battle-history"><br></div><div class="battle-history"><small>[Carvanha's Speed Boost]</small><br></div><div class="battle-history"><small>Carvanha's Speed rose!</small><br></div><div class="spacer battle-history"><br></div><h2 class="battle-history">Turn 16</h2><div class="spacer battle-history"><br></div><div class="battle-history">Carvanha used <strong>Waterfall</strong>!<br></div><div class="battle-history"><small>(The opposing Checky lost <abbr title="−12/21">57.1%</abbr> of its health!)</small><br></div><div class="battle-history"><small>Carvanha lost some of its HP!</small><br></div><div class="spacer battle-history"><br></div><div class="battle-history">The opposing Checky used <strong>Iron Head</strong>!<br></div><div class="battle-history"><small>It's not very effective...</small><br></div><div class="battle-history"><small>(Carvanha lost <abbr title="−10/21">47.6%</abbr> of its health!)</small><br></div><div class="spacer battle-history"><br></div><div class="battle-history"><small>[Carvanha's Speed Boost]</small><br></div><div class="battle-history"><small>Carvanha's Speed rose!</small><br></div><div class="spacer battle-history"><br></div><h2 class="battle-history">Turn 17</h2><div class="spacer battle-history"><br></div><div class="battle-history">Carvanha used <strong>Protect</strong>!<br></div><div class="battle-history"><small>Carvanha protected itself!</small><br></div><div class="spacer battle-history"><br></div><div class="battle-history">The opposing Checky used <strong>Sucker Punch</strong>!<br></div><div class="battle-history"><small>But it failed!</small><br></div><div class="spacer battle-history"><br></div><div class="battle-history"><small>[Carvanha's Speed Boost]</small><br></div><div class="battle-history"><small>Carvanha's Speed rose!</small><br></div><div class="spacer battle-history"><br></div><h2 class="battle-history">Turn 18</h2><div class="spacer battle-history"><br></div><div class="battle-history">The opposing Checky used <strong>Sucker Punch</strong>!<br></div><div class="battle-history"><small>But it failed!</small><br></div><div class="spacer battle-history"><br></div><div class="battle-history">Carvanha used <strong>Destiny Bond</strong>!<br></div><div class="battle-history">Carvanha is hoping to take its attacker down with it!<br></div><div class="spacer battle-history"><br></div><div class="battle-history"><small>[Carvanha's Speed Boost]</small><br></div><div class="battle-history"><small>Carvanha's Speed rose!</small><br></div><div class="spacer battle-history"><br></div><h2 class="battle-history">Turn 19</h2><div class="spacer battle-history"><br></div><div class="battle-history">The opposing Checky used <strong>Sucker Punch</strong>!<br></div><div class="battle-history"><small>It's not very effective...</small><br></div><div class="battle-history"><small>(Carvanha lost <abbr title="−9/21">42.9%</abbr> of its health!)</small><br></div><div class="spacer battle-history"><br></div><div class="battle-history">Carvanha fainted!<br></div><div class="battle-history"><small>Carvanha took its attacker down with it!</small><br></div><div class="spacer battle-history"><br></div><div class="battle-history">The opposing Checky fainted!<br></div><div class="spacer battle-history"><br></div><div class="battle-history">Helper 23456 sent out Terry (<strong>Archen</strong>)!<br></div><div class="spacer battle-history"><br></div><div class="battle-history">Go! <strong>Scraggy</strong>!<br></div><div class="spacer battle-history"><br></div><h2 class="battle-history">Turn 20</h2><div class="spacer battle-history"><br></div><div class="battle-history">The opposing Terry used <strong>Acrobatics</strong>!<br></div><div class="battle-history"><small>It's super effective!</small><br></div><div class="battle-history"><small>(Scraggy lost <abbr title="−21/21">100%</abbr> of its health!)</small><br></div><div class="spacer battle-history"><br></div><div class="battle-history">Scraggy fainted!<br></div><div class="spacer battle-history"><br></div><div class="battle-history"><strong>Helper 23456</strong> won the battle!<br></div><div class="chat"><small>janus05 left.</small></div></div><div class="inner-preempt"></div></div></div>
</div>
<script>
let daily = Math.floor(Date.now()/1000/60/60/24);document.write('<script src="https://play.pokemonshowdown.com/js/replay-embed.js?version'+daily+'"></'+'script>');
</script>
