<!DOCTYPE html>
<meta charset="utf-8" />
<!-- version 1 -->
<title>LC replay: CLG Blacklight vs. eliwood_of_pherae</title>
<style>
html,body {font-family:Verdana, sans-serif;font-size:10pt;margin:0;padding:0;}body{padding:12px 0;} .battle-log {font-family:Verdana, sans-serif;font-size:10pt;} .battle-log-inline {border:1px solid #AAAAAA;background:#EEF2F5;color:black;max-width:640px;margin:0 auto 80px;padding-bottom:5px;} .battle-log .inner {padding:4px 8px 0px 8px;} .battle-log .inner-preempt {padding:0 8px 4px 8px;} .battle-log .inner-after {margin-top:0.5em;} .battle-log h2 {margin:0.5em -8px;padding:4px 8px;border:1px solid #AAAAAA;background:#E0E7EA;border-left:0;border-right:0;font-family:Verdana, sans-serif;font-size:13pt;} .battle-log .chat {vertical-align:middle;padding:3px 0 3px 0;font-size:8pt;} .battle-log .chat strong {color:#40576A;} .battle-log .chat em {padding:1px 4px 1px 3px;color:#000000;font-style:normal;} .chat.mine {background:rgba(0,0,0,0.05);margin-left:-8px;margin-right:-8px;padding-left:8px;padding-right:8px;} .spoiler {color:#BBBBBB;background:#BBBBBB;padding:0px 3px;} .spoiler:hover, .spoiler:active, .spoiler-shown {color:#000000;background:#E2E2E2;padding:0px 3px;} .spoiler a {color:#BBBBBB;} .spoiler:hover a, .spoiler:active a, .spoiler-shown a {color:#2288CC;} .chat code, .chat .spoiler:hover code, .chat .spoiler:active code, .chat .spoiler-shown code {border:1px solid #C0C0C0;background:#EEEEEE;color:black;padding:0 2px;} .chat .spoiler code {border:1px solid #CCCCCC;background:#CCCCCC;color:#CCCCCC;} .battle-log .rated {padding:3px 4px;} .battle-log .rated strong {color:white;background:#89A;padding:1px 4px;border-radius:4px;} .spacer {margin-top:0.5em;} .message-announce {background:#6688AA;color:white;padding:1px 4px 2px;} .message-announce a, .broadcast-green a, .broadcast-blue a, .broadcast-red a {color:#DDEEFF;} .broadcast-green {background-color:#559955;color:white;padding:2px 4px;} .broadcast-blue {background-color:#6688AA;color:white;padding:2px 4px;} .infobox {border:1px solid #6688AA;padding:2px 4px;} .infobox-limited {max-height:200px;overflow:auto;overflow-x:hidden;} .broadcast-red {background-color:#AA5544;color:white;padding:2px 4px;} .message-learn-canlearn {font-weight:bold;color:#228822;text-decoration:underline;} .message-learn-cannotlearn {font-weight:bold;color:#CC2222;text-decoration:underline;} .message-effect-weak {font-weight:bold;color:#CC2222;} .message-effect-resist {font-weight:bold;color:#6688AA;} .message-effect-immune {font-weight:bold;color:#666666;} .message-learn-list {margin-top:0;margin-bottom:0;} .message-throttle-notice, .message-error {color:#992222;} .message-overflow, .chat small.message-overflow {font-size:0pt;} .message-overflow::before {font-size:9pt;content:'...';} .subtle {color:#3A4A66;}
</style>
<div class="wrapper replay-wrapper" style="max-width:1180px;margin:0 auto">
<input type="hidden" name="replayid" value="lc-500919415" />
<div class="battle"></div><div class="battle-log"></div><div class="replay-controls"></div><div class="replay-controls-2"></div>
<h1 style="font-weight:normal;text-align:center"><strong>LC</strong><br /><a href="http://pokemonshowdown.com/users/clgblacklight" class="subtle" target="_blank">CLG Blacklight</a> vs. <a href="http://pokemonshowdown.com/users/eliwoodofpherae" class="subtle" target="_blank">eliwood_of_pherae</a></h1>
<script type="text/plain" class="battle-log-data">|j|CLG Blacklight
|j|eliwood_of_pherae
|player|p1|CLG Blacklight|192
|player|p2|eliwood_of_pherae|49
|gametype|singles
|gen|6
|tier|LC
|seed|53211,38962,64713,37587
|clearpoke
|poke|p1|Archen, L5, M|item
|poke|p1|Sandshrew, L5, M|item
|poke|p1|Woobat, L5, M|item
|poke|p1|Fletchling, L5, M|item
|poke|p1|Slowpoke, L5, F|item
|poke|p1|Magnemite, L5|item
|poke|p2|Bonsly, L5, F|item
|poke|p2|Voltorb, L5|item
|poke|p2|Kabuto, L5, M|item
|poke|p2|Croagunk, L5, F|item
|poke|p2|Trapinch, L5, M|item
|poke|p2|Karrablast, L5, F|item
|rule|Sleep Clause Mod: Limit one foe put to sleep
|rule|Species Clause: Limit one of each Pokémon
|rule|OHKO Clause: OHKO moves are banned
|rule|Moody Clause: Moody is banned
|rule|Evasion Moves Clause: Evasion moves are banned
|rule|Endless Battle Clause: Forcing endless battles is banned
|rule|HP Percentage Mod: HP is shown in percentages
|teampreview
|c|★eliwood_of_pherae|Here we go
|choice|team 2, team 1, team 3, team 4, team 5, team 6|team 1, team 2, team 3, team 4, team 5, team 6
|
|start
|switch|p1a: Sandshrew|Sandshrew, L5, M|24\/24
|switch|p2a: Bonsly|Bonsly, L5, F|22\/22
|turn|1
|choice|move earthquake|move stealthrock
|
|move|p1a: Sandshrew|Earthquake|p2a: Bonsly
|-supereffective|p2a: Bonsly
|-ability|p2a: Bonsly|Sturdy
|-damage|p2a: Bonsly|1\/22
|move|p2a: Bonsly|Stealth Rock|p1a: Sandshrew
|-sidestart|p1: CLG Blacklight|move: Stealth Rock
|
|upkeep
|turn|2
|-enditem|p2a: Bonsly|Custap Berry|[eat]
|-activate|p2a: Bonsly|item: Custap Berry
|choice|move rapidspin|move explosion
|
|move|p2a: Bonsly|Explosion|p1a: Sandshrew
|-crit|p1a: Sandshrew
|-damage|p1a: Sandshrew|4\/24
|faint|p2a: Bonsly
|move|p1a: Sandshrew|Rapid Spin|p2: Bonsly|[notarget]
|-notarget
|
|upkeep
|choice||switch 2
|
|switch|p2a: Voltorb|Voltorb, L5|20\/20
|turn|3
|c|★CLG Blacklight|that is a gross crit
|c|★eliwood_of_pherae|It was rough yeah
|choice|move rapidspin|move hiddenpower
|
|move|p2a: Voltorb|Hidden Power|p1a: Sandshrew
|-supereffective|p1a: Sandshrew
|-damage|p1a: Sandshrew|0 fnt
|faint|p1a: Sandshrew
|
|upkeep
|choice|switch 6|
|
|switch|p1a: Magnemite|Magnemite, L5|19\/19
|-damage|p1a: Magnemite|18\/19|[from] Stealth Rock
|turn|4
|choice|move flashcannon|move voltswitch
|
|move|p2a: Voltorb|Volt Switch|p1a: Magnemite
|-resisted|p1a: Magnemite
|-crit|p1a: Magnemite
|-damage|p1a: Magnemite|12\/19
|choice||switch 5
|
|switch|p2a: Trapinch|Trapinch, L5, M|21\/21
|move|p1a: Magnemite|Flash Cannon|p2a: Trapinch
|-damage|p2a: Trapinch|11\/21
|
|upkeep
|turn|5
|c|★eliwood_of_pherae|weqw
|c|★CLG Blacklight|lets keep count shall we
|choice|move recycle|move earthquake
|
|move|p1a: Magnemite|Recycle|p1a: Magnemite
|-fail|p1a: Magnemite
|move|p2a: Trapinch|Earthquake|p1a: Magnemite
|-supereffective|p1a: Magnemite
|-damage|p1a: Magnemite|0 fnt
|-enditem|p1a: Magnemite|Berry Juice
|faint|p1a: Magnemite
|
|upkeep
|choice|switch 5|
|
|switch|p1a: Slowpoke|Slowpoke, L5, F|27\/27
|-damage|p1a: Slowpoke|24\/27|[from] Stealth Rock
|turn|6
|c|★eliwood_of_pherae|misclick?
|choice|move scald|move crunch
|
|move|p1a: Slowpoke|Scald|p2a: Trapinch
|-supereffective|p2a: Trapinch
|-damage|p2a: Trapinch|0 fnt
|faint|p2a: Trapinch
|
|upkeep
|choice||switch 6
|
|switch|p2a: Karrablast|Karrablast, L5, F|21\/21
|turn|7
|choice|switch 2|move knockoff
|
|switch|p1a: Archen|Archen, L5, M|23\/23
|-damage|p1a: Archen|18\/23|[from] Stealth Rock
|move|p2a: Karrablast|Knock Off|p1a: Archen
|-damage|p1a: Archen|5\/23
|-enditem|p1a: Archen|Berry Juice|[from] move: Knock Off|[of] p2a: Karrablast
|
|upkeep
|turn|8
|choice|move acrobatics|move knockoff
|
|move|p2a: Karrablast|Knock Off|p1a: Archen
|-damage|p1a: Archen|0 fnt
|faint|p1a: Archen
|
|upkeep
|choice|switch 4|
|
|switch|p1a: Fletchling|Fletchling, L5, M|21\/21
|-damage|p1a: Fletchling|16\/21|[from] Stealth Rock
|turn|9
|j|tazerz95
|choice|move substitute|switch 5
|
|switch|p2a: Voltorb|Voltorb, L5|20\/20
|move|p1a: Fletchling|Substitute|p1a: Fletchling
|-start|p1a: Fletchling|Substitute
|-damage|p1a: Fletchling|11\/21
|
|upkeep
|turn|10
|choice|move swordsdance|move voltswitch
|
|move|p2a: Voltorb|Volt Switch|p1a: Fletchling
|-supereffective|p1a: Fletchling
|-end|p1a: Fletchling|Substitute
|choice||switch 3
|
|switch|p2a: Kabuto|Kabuto, L5, M|20\/20
|move|p1a: Fletchling|Swords Dance|p1a: Fletchling
|-boost|p1a: Fletchling|atk|2
|
|upkeep
|turn|11
|choice|move substitute|move rockslide
|
|move|p1a: Fletchling|Substitute|p1a: Fletchling
|-start|p1a: Fletchling|Substitute
|-damage|p1a: Fletchling|6\/21
|-enditem|p1a: Fletchling|Berry Juice
|-heal|p1a: Fletchling|21\/21|[from] item: Berry Juice
|move|p2a: Kabuto|Rock Slide|p1a: Fletchling
|-supereffective|p1a: Fletchling
|-crit|p1a: Fletchling
|-end|p1a: Fletchling|Substitute
|
|upkeep
|turn|12
|c| tazerz95|natural gft grass gogogog
|c| tazerz95|oh rip
|c| tazerz95|berry juice
|c|★CLG Blacklight|yeah this was screwed from the beginning pretty much
|c|★eliwood_of_pherae|I got an early crit so I sort of fucked his sandshrew
|choice|move acrobatics|move rockslide
|
|move|p1a: Fletchling|Acrobatics|p2a: Kabuto
|-resisted|p2a: Kabuto
|-damage|p2a: Kabuto|12\/20
|move|p2a: Kabuto|Rock Slide|p1a: Fletchling
|-supereffective|p1a: Fletchling
|-damage|p1a: Fletchling|0 fnt
|faint|p1a: Fletchling
|
|upkeep
|choice|switch 2|
|
|switch|p1a: Slowpoke|Slowpoke, L5, F|27\/27
|-damage|p1a: Slowpoke|24\/27|[from] Stealth Rock
|turn|13
|choice|move psychic|move knockoff
|
|move|p2a: Kabuto|Knock Off|p1a: Slowpoke
|-supereffective|p1a: Slowpoke
|-damage|p1a: Slowpoke|12\/27
|-enditem|p1a: Slowpoke|Eviolite|[from] move: Knock Off|[of] p2a: Kabuto
|move|p1a: Slowpoke|Psychic|p2a: Kabuto
|-crit|p2a: Kabuto
|-damage|p2a: Kabuto|0 fnt
|faint|p2a: Kabuto
|
|upkeep
|choice||switch 5
|
|switch|p2a: Karrablast|Karrablast, L5, F|21\/21
|turn|14
|choice|move slackoff|move megahorn
|
|move|p2a: Karrablast|Megahorn|p1a: Slowpoke
|-supereffective|p1a: Slowpoke
|-damage|p1a: Slowpoke|0 fnt
|faint|p1a: Slowpoke
|
|upkeep
|choice|switch 3|
|
|switch|p1a: Woobat|Woobat, L5, M|23\/23
|-damage|p1a: Woobat|18\/23|[from] Stealth Rock
|turn|15
|choice|move calmmind|move megahorn
|
|move|p2a: Karrablast|Megahorn|p1a: Woobat
|-damage|p1a: Woobat|0 fnt
|faint|p1a: Woobat
|
|win|eliwood_of_pherae
|player|p1
|player|p2
|c| tazerz95|I'll have to rewatch to do the kills
|c|★eliwood_of_pherae|Sorry about the early kill black
|c|★eliwood_of_pherae|gg
|l|tazerz95
|c|★CLG Blacklight|w\/e
|l|CLG Blacklight</script>
</div>
<div class="battle-log battle-log-inline"><div class="inner"><div class="battle-options"></div><div class="inner"><div class="chat"><small>CLG Blacklight joined.</small></div><div class="chat"><small>eliwood_of_pherae joined.</small></div><div class=""><small>Format:</small> <br><strong>LC</strong></div><div class=""><small><em>Sleep Clause Mod:</em> Limit one foe put to sleep</small></div><div class=""><small><em>Species Clause:</em> Limit one of each Pokémon</small></div><div class=""><small><em>OHKO Clause:</em> OHKO moves are banned</small></div><div class=""><small><em>Moody Clause:</em> Moody is banned</small></div><div class=""><small><em>Evasion Moves Clause:</em> Evasion moves are banned</small></div><div class=""><small><em>Endless Battle Clause:</em> Forcing endless battles is banned</small></div><div class=""><small><em>HP Percentage Mod:</em> HP is shown in percentages</small></div><div class="chat battle-history"><strong>CLG Blacklight's team:</strong> <em style="color:#445566;display:block;">Archen / Sandshrew / Woobat / Fletchling / Slowpoke / Magnemite</em></div><div class="chat battle-history"><strong>eliwood_of_pherae's team:</strong> <em style="color:#445566;display:block;">Bonsly / Voltorb / Kabuto / Croagunk / Trapinch / Karrablast</em></div><div class="chat chatmessage-eliwoodofpherae"><strong style="color:hsl(193,67%,45.54202110162206%)"><small>★</small><span class="username" data-name="eliwood_of_pherae">eliwood_of_pherae</span>:</strong> <em>Here we go</em></div><div class="spacer battle-history"><br></div><div class="battle-history">Battle started between CLG Blacklight and eliwood_of_pherae!<br></div><div class="spacer battle-history"><br></div><div class="battle-history">Go! <strong>Sandshrew</strong>!<br></div><div class="spacer battle-history"><br></div><div class="battle-history">eliwood_of_pherae sent out <strong>Bonsly</strong>!<br></div><div class="spacer battle-history"><br></div><h2 class="battle-history">Turn 1</h2><div class="spacer battle-history"><br></div><div class="battle-history">Sandshrew used <strong>Earthquake</strong>!<br></div><div class="battle-history"><small>It's super effective!</small><br></div><div class="battle-history"><small>[The opposing Bonsly's Sturdy]</small><br><small>The opposing Bonsly endured the hit!</small><br></div><div class="battle-history"><small>(The opposing Bonsly lost <abbr title="−21/22">95.5%</abbr> of its health!)</small><br></div><div class="spacer battle-history"><br></div><div class="battle-history">The opposing Bonsly used <strong>Stealth Rock</strong>!<br></div><div class="battle-history"><small>Pointed stones float in the air around your team!</small><br></div><div class="spacer battle-history"><br></div><h2 class="battle-history">Turn 2</h2><div class="spacer battle-history"><br></div><div class="battle-history"><small>The opposing Bonsly ate its Custap Berry!</small><br></div><div class="battle-history"><small>The opposing Bonsly's Custap Berry let it move first!</small><br></div><div class="spacer battle-history"><br></div><div class="battle-history">The opposing Bonsly used <strong>Explosion</strong>!<br></div><div class="battle-history"><small>A critical hit!</small><br></div><div class="battle-history"><small>(Sandshrew lost <abbr title="−20/24">83.3%</abbr> of its health!)</small><br></div><div class="spacer battle-history"><br></div><div class="battle-history">The opposing Bonsly fainted!<br></div><div class="battle-history">Sandshrew used <strong>Rapid Spin</strong>!<br></div><div class="battle-history"><small>But there was no target...</small><br></div><div class="spacer battle-history"><br></div><div class="battle-history">eliwood_of_pherae sent out <strong>Voltorb</strong>!<br></div><div class="spacer battle-history"><br></div><h2 class="battle-history">Turn 3</h2><div class="chat chatmessage-clgblacklight"><strong style="color:hsl(243,65%,62.01116908808691%)"><small>★</small><span class="username" data-name="CLG Blacklight">CLG Blacklight</span>:</strong> <em>that is a gross crit</em></div><div class="chat chatmessage-eliwoodofpherae"><strong style="color:hsl(193,67%,45.54202110162206%)"><small>★</small><span class="username" data-name="eliwood_of_pherae">eliwood_of_pherae</span>:</strong> <em>It was rough yeah</em></div><div class="spacer battle-history"><br></div><div class="battle-history">The opposing Voltorb used <strong>Hidden Power</strong>!<br></div><div class="battle-history"><small>It's super effective!</small><br></div><div class="battle-history"><small>(Sandshrew lost <abbr title="−4/24">16.7%</abbr> of its health!)</small><br></div><div class="spacer battle-history"><br></div><div class="battle-history">Sandshrew fainted!<br></div><div class="spacer battle-history"><br></div><div class="battle-history">Go! <strong>Magnemite</strong>!<br></div><div class="battle-history"><small>Pointed stones dug into Magnemite!</small><br></div><div class="spacer battle-history"><br></div><h2 class="battle-history">Turn 4</h2><div class="spacer battle-history"><br></div><div class="battle-history">The opposing Voltorb used <strong>Volt Switch</strong>!<br></div><div class="battle-history"><small>It's not very effective...</small><br></div><div class="battle-history"><small>A critical hit!</small><br></div><div class="battle-history"><small>(Magnemite lost <abbr title="−6/19">31.6%</abbr> of its health!)</small><br></div><div class="spacer battle-history"><br></div><div class="battle-history">The opposing Voltorb went back to eliwood_of_pherae!<br></div><div class="battle-history">eliwood_of_pherae sent out <strong>Trapinch</strong>!<br></div><div class="spacer battle-history"><br></div><div class="battle-history">Magnemite used <strong>Flash Cannon</strong>!<br></div><div class="battle-history"><small>(The opposing Trapinch lost <abbr title="−10/21">47.6%</abbr> of its health!)</small><br></div><div class="spacer battle-history"><br></div><h2 class="battle-history">Turn 5</h2><div class="chat chatmessage-eliwoodofpherae"><strong style="color:hsl(193,67%,45.54202110162206%)"><small>★</small><span class="username" data-name="eliwood_of_pherae">eliwood_of_pherae</span>:</strong> <em>weqw</em></div><div class="chat chatmessage-clgblacklight"><strong style="color:hsl(243,65%,62.01116908808691%)"><small>★</small><span class="username" data-name="CLG Blacklight">CLG Blacklight</span>:</strong> <em>lets keep count shall we</em></div><div class="spacer battle-history"><br></div><div class="battle-history">Magnemite used <strong>Recycle</strong>!<br></div><div class="battle-history"><small>But it failed!</small><br></div><div class="spacer battle-history"><br></div><div class="battle-history">The opposing Trapinch used <strong>Earthquake</strong>!<br></div><div class="battle-history"><small>It's super effective!</small><br></div><div class="battle-history"><small>(Magnemite lost <abbr title="−12/19">63.2%</abbr> of its health!)</small><br></div><div class="battle-history"><small>(Magnemite used its Berry Juice!)</small><br></div><div class="spacer battle-history"><br></div><div class="battle-history">Magnemite fainted!<br></div><div class="spacer battle-history"><br></div><div class="battle-history">Go! <strong>Slowpoke</strong>!<br></div><div class="battle-history"><small>Pointed stones dug into Slowpoke!</small><br></div><div class="spacer battle-history"><br></div><h2 class="battle-history">Turn 6</h2><div class="chat chatmessage-eliwoodofpherae"><strong style="color:hsl(193,67%,45.54202110162206%)"><small>★</small><span class="username" data-name="eliwood_of_pherae">eliwood_of_pherae</span>:</strong> <em>misclick?</em></div><div class="spacer battle-history"><br></div><div class="battle-history">Slowpoke used <strong>Scald</strong>!<br></div><div class="battle-history"><small>It's super effective!</small><br></div><div class="battle-history"><small>(The opposing Trapinch lost <abbr title="−11/21">52.4%</abbr> of its health!)</small><br></div><div class="spacer battle-history"><br></div><div class="battle-history">The opposing Trapinch fainted!<br></div><div class="spacer battle-history"><br></div><div class="battle-history">eliwood_of_pherae sent out <strong>Karrablast</strong>!<br></div><div class="spacer battle-history"><br></div><h2 class="battle-history">Turn 7</h2><div class="spacer battle-history"><br></div><div class="battle-history">Slowpoke, come back!<br></div><div class="battle-history">Go! <strong>Archen</strong>!<br></div><div class="battle-history"><small>Pointed stones dug into Archen!</small><br></div><div class="spacer battle-history"><br></div><div class="battle-history">The opposing Karrablast used <strong>Knock Off</strong>!<br></div><div class="battle-history"><small>(Archen lost <abbr title="−13/23">56.5%</abbr> of its health!)</small><br></div><div class="battle-history"><small>The opposing Karrablast knocked off Archen's Berry Juice!</small><br></div><div class="spacer battle-history"><br></div><h2 class="battle-history">Turn 8</h2><div class="spacer battle-history"><br></div><div class="battle-history">The opposing Karrablast used <strong>Knock Off</strong>!<br></div><div class="battle-history"><small>(Archen lost <abbr title="−5/23">21.7%</abbr> of its health!)</small><br></div><div class="spacer battle-history"><br></div><div class="battle-history">Archen fainted!<br></div><div class="spacer battle-history"><br></div><div class="battle-history">Go! <strong>Fletchling</strong>!<br></div><div class="battle-history"><small>Pointed stones dug into Fletchling!</small><br></div><div class="spacer battle-history"><br></div><h2 class="battle-history">Turn 9</h2><div class="chat"><small>tazerz95 joined.</small></div><div class="spacer battle-history"><br></div><div class="battle-history">eliwood_of_pherae withdrew Karrablast!<br></div><div class="battle-history">eliwood_of_pherae sent out <strong>Voltorb</strong>!<br></div><div class="spacer battle-history"><br></div><div class="battle-history">Fletchling used <strong>Substitute</strong>!<br></div><div class="battle-history"><small>Fletchling put in a substitute!</small><br></div><div class="battle-history"><small>(Fletchling lost <abbr title="−5/21">23.8%</abbr> of its health!)</small><br></div><div class="spacer battle-history"><br></div><h2 class="battle-history">Turn 10</h2><div class="spacer battle-history"><br></div><div class="battle-history">The opposing Voltorb used <strong>Volt Switch</strong>!<br></div><div class="battle-history"><small>It's super effective!</small><br></div><div class="battle-history"><small>Fletchling's substitute faded!</small><br></div><div class="spacer battle-history"><br></div><div class="battle-history">The opposing Voltorb went back to eliwood_of_pherae!<br></div><div class="battle-history">eliwood_of_pherae sent out <strong>Kabuto</strong>!<br></div><div class="spacer battle-history"><br></div><div class="battle-history">Fletchling used <strong>Swords Dance</strong>!<br></div><div class="battle-history"><small>Fletchling's Attack rose sharply!</small><br></div><div class="spacer battle-history"><br></div><h2 class="battle-history">Turn 11</h2><div class="spacer battle-history"><br></div><div class="battle-history">Fletchling used <strong>Substitute</strong>!<br></div><div class="battle-history"><small>Fletchling put in a substitute!</small><br></div><div class="battle-history"><small>(Fletchling lost <abbr title="−5/21">23.8%</abbr> of its health!)</small><br></div><div class="battle-history"><small>(Fletchling used its Berry Juice!)</small><br></div><div class="battle-history"><small>Fletchling restored HP using its Berry Juice!</small><br></div><div class="spacer battle-history"><br></div><div class="battle-history">The opposing Kabuto used <strong>Rock Slide</strong>!<br></div><div class="battle-history"><small>It's super effective!</small><br></div><div class="battle-history"><small>A critical hit!</small><br></div><div class="battle-history"><small>Fletchling's substitute faded!</small><br></div><div class="spacer battle-history"><br></div><h2 class="battle-history">Turn 12</h2><div class="chat chatmessage-tazerz95"><strong style="color:hsl(67,75%,31%)"><small> </small><span class="username" data-name="tazerz95">tazerz95</span>:</strong> <em>natural gft grass gogogog</em></div><div class="chat chatmessage-tazerz95"><strong style="color:hsl(67,75%,31%)"><small> </small><span class="username" data-name="tazerz95">tazerz95</span>:</strong> <em>oh rip</em></div><div class="chat chatmessage-tazerz95"><strong style="color:hsl(67,75%,31%)"><small> </small><span class="username" data-name="tazerz95">tazerz95</span>:</strong> <em>berry juice</em></div><div class="chat chatmessage-clgblacklight"><strong style="color:hsl(243,65%,62.01116908808691%)"><small>★</small><span class="username" data-name="CLG Blacklight">CLG Blacklight</span>:</strong> <em>yeah this was screwed from the beginning pretty much</em></div><div class="chat chatmessage-eliwoodofpherae"><strong style="color:hsl(193,67%,45.54202110162206%)"><small>★</small><span class="username" data-name="eliwood_of_pherae">eliwood_of_pherae</span>:</strong> <em>I got an early crit so I sort of fucked his sandshrew</em></div><div class="spacer battle-history"><br></div><div class="battle-history">Fletchling used <strong>Acrobatics</strong>!<br></div><div class="battle-history"><small>It's not very effective...</small><br></div><div class="battle-history"><small>(The opposing Kabuto lost <abbr title="−8/20">40%</abbr> of its health!)</small><br></div><div class="spacer battle-history"><br></div><div class="battle-history">The opposing Kabuto used <strong>Rock Slide</strong>!<br></div><div class="battle-history"><small>It's super effective!</small><br></div><div class="battle-history"><small>(Fletchling lost <abbr title="−21/21">100%</abbr> of its health!)</small><br></div><div class="spacer battle-history"><br></div><div class="battle-history">Fletchling fainted!<br></div><div class="spacer battle-history"><br></div><div class="battle-history">Go! <strong>Slowpoke</strong>!<br></div><div class="battle-history"><small>Pointed stones dug into Slowpoke!</small><br></div><div class="spacer battle-history"><br></div><h2 class="battle-history">Turn 13</h2><div class="spacer battle-history"><br></div><div class="battle-history">The opposing Kabuto used <strong>Knock Off</strong>!<br></div><div class="battle-history"><small>It's super effective!</small><br></div><div class="battle-history"><small>(Slowpoke lost <abbr title="−12/27">44.4%</abbr> of its health!)</small><br></div><div class="battle-history"><small>The opposing Kabuto knocked off Slowpoke's Eviolite!</small><br></div><div class="spacer battle-history"><br></div><div class="battle-history">Slowpoke used <strong>Psychic</strong>!<br></div><div class="battle-history"><small>A critical hit!</small><br></div><div class="battle-history"><small>(The opposing Kabuto lost <abbr title="−12/20">60%</abbr> of its health!)</small><br></div><div class="spacer battle-history"><br></div><div class="battle-history">The opposing Kabuto fainted!<br></div><div class="spacer battle-history"><br></div><div class="battle-history">eliwood_of_pherae sent out <strong>Karrablast</strong>!<br></div><div class="spacer battle-history"><br></div><h2 class="battle-history">Turn 14</h2><div class="spacer battle-history"><br></div><div class="battle-history">The opposing Karrablast used <strong>Megahorn</strong>!<br></div><div class="battle-history"><small>It's super effective!</small><br></div><div class="battle-history"><small>(Slowpoke lost <abbr title="−12/27">44.4%</abbr> of its health!)</small><br></div><div class="spacer battle-history"><br></div><div class="battle-history">Slowpoke fainted!<br></div><div class="spacer battle-history"><br></div><div class="battle-history">Go! <strong>Woobat</strong>!<br></div><div class="battle-history"><small>Pointed stones dug into Woobat!</small><br></div><div class="spacer battle-history"><br></div><h2 class="battle-history">Turn 15</h2><div class="spacer battle-history"><br></div><div class="battle-history">The opposing Karrablast used <strong>Megahorn</strong>!<br></div><div class="battle-history"><small>(Woobat lost <abbr title="−18/23">78.3%</abbr> of its health!)</small><br></div><div class="spacer battle-history"><br></div><div class="battle-history">Woobat fainted!<br></div><div class="spacer battle-history"><br></div><div class="battle-history"><strong>eliwood_of_pherae</strong> won the battle!<br></div><div class="chat chatmessage-tazerz95"><strong style="color:hsl(67,75%,31%)"><small> </small><span class="username" data-name="tazerz95">tazerz95</span>:</strong> <em>I'll have to rewatch to do the kills</em></div><div class="chat chatmessage-eliwoodofpherae"><strong style="color:hsl(193,67%,45.54202110162206%)"><small>★</small><span class="username" data-name="eliwood_of_pherae">eliwood_of_pherae</span>:</strong> <em>Sorry about the early kill black</em></div><div class="chat chatmessage-eliwoodofpherae"><strong style="color:hsl(193,67%,45.54202110162206%)"><small>★</small><span class="username" data-name="eliwood_of_pherae">eliwood_of_pherae</span>:</strong> <em>gg</em></div><div class="chat"><small>tazerz95 left.</small></div><div class="chat chatmessage-clgblacklight"><strong style="color:hsl(243,65%,62.01116908808691%)"><small>★</small><span class="username" data-name="CLG Blacklight">CLG Blacklight</span>:</strong> <em>w/e</em></div><div class="chat"><small>CLG Blacklight left.</small></div></div><div class="inner-preempt"></div></div></div>
</div>
<script>
let daily = Math.floor(Date.now()/1000/60/60/24);document.write('<script src="https://play.pokemonshowdown.com/js/replay-embed.js?version'+daily+'"></'+'script>');
</script>
