<!DOCTYPE html>
<meta charset="utf-8" />
<!-- version 1 -->
<title>LC replay: HeYItzMeTc vs. ssssimones ●●</title>
<style>
html,body {font-family:Verdana, sans-serif;font-size:10pt;margin:0;padding:0;}body{padding:12px 0;} .battle-log {font-family:Verdana, sans-serif;font-size:10pt;} .battle-log-inline {border:1px solid #AAAAAA;background:#EEF2F5;color:black;max-width:640px;margin:0 auto 80px;padding-bottom:5px;} .battle-log .inner {padding:4px 8px 0px 8px;} .battle-log .inner-preempt {padding:0 8px 4px 8px;} .battle-log .inner-after {margin-top:0.5em;} .battle-log h2 {margin:0.5em -8px;padding:4px 8px;border:1px solid #AAAAAA;background:#E0E7EA;border-left:0;border-right:0;font-family:Verdana, sans-serif;font-size:13pt;} .battle-log .chat {vertical-align:middle;padding:3px 0 3px 0;font-size:8pt;} .battle-log .chat strong {color:#40576A;} .battle-log .chat em {padding:1px 4px 1px 3px;color:#000000;font-style:normal;} .chat.mine {background:rgba(0,0,0,0.05);margin-left:-8px;margin-right:-8px;padding-left:8px;padding-right:8px;} .spoiler {color:#BBBBBB;background:#BBBBBB;padding:0px 3px;} .spoiler:hover, .spoiler:active, .spoiler-shown {color:#000000;background:#E2E2E2;padding:0px 3px;} .spoiler a {color:#BBBBBB;} .spoiler:hover a, .spoiler:active a, .spoiler-shown a {color:#2288CC;} .chat code, .chat .spoiler:hover code, .chat .spoiler:active code, .chat .spoiler-shown code {border:1px solid #C0C0C0;background:#EEEEEE;color:black;padding:0 2px;} .chat .spoiler code {border:1px solid #CCCCCC;background:#CCCCCC;color:#CCCCCC;} .battle-log .rated {padding:3px 4px;} .battle-log .rated strong {color:white;background:#89A;padding:1px 4px;border-radius:4px;} .spacer {margin-top:0.5em;} .message-announce {background:#6688AA;color:white;padding:1px 4px 2px;} .message-announce a, .broadcast-green a, .broadcast-blue a, .broadcast-red a {color:#DDEEFF;} .broadcast-green {background-color:#559955;color:white;padding:2px 4px;} .broadcast-blue {background-color:#6688AA;color:white;padding:2px 4px;} .infobox {border:1px solid #6688AA;padding:2px 4px;} .infobox-limited {max-height:200px;overflow:auto;overflow-x:hidden;} .broadcast-red {background-color:#AA5544;color:white;padding:2px 4px;} .message-learn-canlearn {font-weight:bold;color:#228822;text-decoration:underline;} .message-learn-cannotlearn {font-weight:bold;color:#CC2222;text-decoration:underline;} .message-effect-weak {font-weight:bold;color:#CC2222;} .message-effect-resist {font-weight:bold;color:#6688AA;} .message-effect-immune {font-weight:bold;color:#666666;} .message-learn-list {margin-top:0;margin-bottom:0;} .message-throttle-notice, .message-error {color:#992222;} .message-overflow, .chat small.message-overflow {font-size:0pt;} .message-overflow::before {font-size:9pt;content:'...';} .subtle {color:#3A4A66;}
</style>
<div class="wrapper replay-wrapper" style="max-width:1180px;margin:0 auto">
<input type="hidden" name="replayid" value="lc-532649221" />
<div class="battle"></div><div class="battle-log"></div><div class="replay-controls"></div><div class="replay-controls-2"></div>
<h1 style="font-weight:normal;text-align:center"><strong>LC</strong><br /><a href="http://pokemonshowdown.com/users/heyitzmetc" class="subtle" target="_blank">HeYItzMeTc</a> vs. <a href="http://pokemonshowdown.com/users/ssssimones" class="subtle" target="_blank">ssssimones ●●</a></h1>
<script type="text/plain" class="battle-log-data">|j|HeYItzMeTc
|j|ssssimones ●●
|player|p1|HeYItzMeTc|101
|player|p2|ssssimones ●●|52
|gametype|singles
|gen|6
|tier|LC
|rated
|seed|17888,44467,9329,59813
|clearpoke
|poke|p1|Drowzee, L5, M|item
|poke|p1|Magby, L5, M, shiny|item
|poke|p1|Totodile, L5, M|item
|poke|p1|Starly, L5, F|item
|poke|p1|Chikorita, L5, F|item
|poke|p1|Tyrogue, L5, M|item
|poke|p2|Piplup, L5, M, shiny|item
|poke|p2|Eevee, L5, M, shiny|item
|poke|p2|Poochyena, L5, M, shiny|item
|rule|Sleep Clause Mod: Limit one foe put to sleep
|rule|Species Clause: Limit one of each Pokémon
|rule|OHKO Clause: OHKO moves are banned
|rule|Moody Clause: Moody is banned
|rule|Evasion Moves Clause: Evasion moves are banned
|rule|Endless Battle Clause: Forcing endless battles is banned
|rule|HP Percentage Mod: HP is shown in percentages
|teampreview
|choice|team 5, team 2, team 3, team 4, team 1, team 6|team 1, team 2, team 3
|
|start
|switch|p1a: Chikorita|Chikorita, L5, F|22\/22
|switch|p2a: Piplup|Piplup, L5, M, shiny|25\/25
|turn|1
|choice|move bulletseed|move icebeam
|
|move|p1a: Chikorita|Bullet Seed|p2a: Piplup
|-supereffective|p2a: Piplup
|-damage|p2a: Piplup|17\/25
|-supereffective|p2a: Piplup
|-damage|p2a: Piplup|5\/25
|-hitcount|p2a: Piplup|2
|move|p2a: Piplup|Ice Beam|p1a: Chikorita
|-supereffective|p1a: Chikorita
|-damage|p1a: Chikorita|6\/22
|
|upkeep
|turn|2
|choice|move bulletseed|move icebeam
|
|move|p1a: Chikorita|Bullet Seed|p2a: Piplup
|-supereffective|p2a: Piplup
|-damage|p2a: Piplup|0 fnt
|-hitcount|p2a: Piplup|1
|faint|p2a: Piplup
|
|upkeep
|choice||switch 2
|
|switch|p2a: Eevee|Eevee, L5, M, shiny|25\/25
|turn|3
|choice|move grasswhistle|move return
|
|move|p2a: Eevee|Return|p1a: Chikorita
|-damage|p1a: Chikorita|0 fnt
|faint|p1a: Chikorita
|
|upkeep
|choice|switch 4|
|
|switch|p1a: Starly|Starly, L5, F|20\/20
|turn|4
|choice|move bravebird|move return
|
|move|p2a: Eevee|Return|p1a: Starly
|-damage|p1a: Starly|0 fnt
|faint|p1a: Starly
|
|upkeep
|choice|switch 6|
|
|switch|p1a: Tyrogue|Tyrogue, L5, M|20\/20
|turn|5
|choice|move counter|move return
|
|move|p2a: Eevee|Return|p1a: Tyrogue
|-damage|p1a: Tyrogue|0 fnt
|faint|p1a: Tyrogue
|
|upkeep
|choice|switch 5|
|
|switch|p1a: Drowzee|Drowzee, L5, M|25\/25
|turn|6
|choice|move psychic|move return
|
|move|p2a: Eevee|Return|p1a: Drowzee
|-damage|p1a: Drowzee|3\/25
|-enditem|p1a: Drowzee|Aguav Berry|[eat]
|-heal|p1a: Drowzee|6\/25|[from] item: Aguav Berry
|move|p1a: Drowzee|Psychic|p2a: Eevee
|-damage|p2a: Eevee|18\/25
|
|upkeep
|turn|7
|choice|move toxic|move return
|
|move|p2a: Eevee|Return|p1a: Drowzee
|-damage|p1a: Drowzee|0 fnt
|faint|p1a: Drowzee
|
|upkeep
|choice|switch 3|
|
|switch|p1a: Totodile|Totodile, L5, M|21\/21
|turn|8
|choice|move aquajet|move return
|
|move|p1a: Totodile|Aqua Jet|p2a: Eevee
|-damage|p2a: Eevee|14\/25
|move|p2a: Eevee|Return|p1a: Totodile
|-damage|p1a: Totodile|7\/21
|
|upkeep
|turn|9
|choice|move return|move return
|
|move|p2a: Eevee|Return|p1a: Totodile
|-damage|p1a: Totodile|0 fnt
|faint|p1a: Totodile
|
|upkeep
|choice|switch 2|
|
|switch|p1a: Magby|Magby, L5, M, shiny|21\/21
|turn|10
|choice|move crosschop|move return
|
|move|p1a: Magby|Cross Chop|p2a: Eevee
|-supereffective|p2a: Eevee
|-damage|p2a: Eevee|0 fnt
|faint|p2a: Eevee
|
|upkeep
|choice||switch 3
|
|switch|p2a: Poochyena|Poochyena, L5, M, shiny|23\/23
|turn|11
|choice|move crosschop|move crunch
|
|move|p1a: Magby|Cross Chop|p2a: Poochyena
|-supereffective|p2a: Poochyena
|-damage|p2a: Poochyena|1\/23
|move|p2a: Poochyena|Crunch|p1a: Magby
|-enditem|p1a: Magby|Focus Sash
|-damage|p1a: Magby|1\/21
|
|upkeep
|turn|12
|choice|move thunderpunch|move crunch
|
|move|p1a: Magby|Thunder Punch|p2a: Poochyena
|-damage|p2a: Poochyena|0 fnt
|faint|p2a: Poochyena
|
|win|HeYItzMeTc
|player|p1
|player|p2
|raw|HeYItzMeTc's rating: 1049 &rarr; <strong>1083<\/strong><br \/>(+34 for winning)
|raw|ssssimones ●●'s rating: 1057 &rarr; <strong>1038<\/strong><br \/>(-19 for losing)</script>
</div>
<div class="battle-log battle-log-inline"><div class="inner"><div class="battle-options"></div><div class="inner"><div class="chat"><small>HeYItzMeTc joined.</small></div><div class="chat"><small>ssssimones ●● joined.</small></div><div class=""><small>Format:</small> <br><strong>LC</strong></div><div class="rated"><strong>Rated battle</strong></div><div class=""><small><em>Sleep Clause Mod:</em> Limit one foe put to sleep</small></div><div class=""><small><em>Species Clause:</em> Limit one of each Pokémon</small></div><div class=""><small><em>OHKO Clause:</em> OHKO moves are banned</small></div><div class=""><small><em>Moody Clause:</em> Moody is banned</small></div><div class=""><small><em>Evasion Moves Clause:</em> Evasion moves are banned</small></div><div class=""><small><em>Endless Battle Clause:</em> Forcing endless battles is banned</small></div><div class=""><small><em>HP Percentage Mod:</em> HP is shown in percentages</small></div><div class="chat battle-history"><strong>HeYItzMeTc's team:</strong> <em style="color:#445566;display:block;">Drowzee / Magby / Totodile / Starly / Chikorita / Tyrogue</em></div><div class="chat battle-history"><strong>ssssimones ●●'s team:</strong> <em style="color:#445566;display:block;">Piplup / Eevee / Poochyena</em></div><div class="spacer battle-history"><br></div><div class="battle-history">Battle started between HeYItzMeTc and ssssimones ●●!<br></div><div class="spacer battle-history"><br></div><div class="battle-history">Go! <strong>Chikorita</strong>!<br></div><div class="spacer battle-history"><br></div><div class="battle-history">ssssimones ●● sent out <strong>Piplup</strong>!<br></div><div class="spacer battle-history"><br></div><h2 class="battle-history">Turn 1</h2><div class="spacer battle-history"><br></div><div class="battle-history">Chikorita used <strong>Bullet Seed</strong>!<br></div><div class="battle-history"><small>It's super effective!</small><br></div><div class="battle-history"><small>(The opposing Piplup lost <abbr title="−8/25">32%</abbr> of its health!)</small><br></div><div class="battle-history"><small>It's super effective!</small><br></div><div class="battle-history"><small>(The opposing Piplup lost <abbr title="−12/25">48%</abbr> of its health!)</small><br></div><div class="battle-history"><small>Hit 2 times!</small><br></div><div class="spacer battle-history"><br></div><div class="battle-history">The opposing Piplup used <strong>Ice Beam</strong>!<br></div><div class="battle-history"><small>It's super effective!</small><br></div><div class="battle-history"><small>(Chikorita lost <abbr title="−16/22">72.7%</abbr> of its health!)</small><br></div><div class="spacer battle-history"><br></div><h2 class="battle-history">Turn 2</h2><div class="spacer battle-history"><br></div><div class="battle-history">Chikorita used <strong>Bullet Seed</strong>!<br></div><div class="battle-history"><small>It's super effective!</small><br></div><div class="battle-history"><small>(The opposing Piplup lost <abbr title="−5/25">20%</abbr> of its health!)</small><br></div><div class="battle-history"><small>Hit 1 time!</small><br></div><div class="spacer battle-history"><br></div><div class="battle-history">The opposing Piplup fainted!<br></div><div class="spacer battle-history"><br></div><div class="battle-history">ssssimones ●● sent out <strong>Eevee</strong>!<br></div><div class="spacer battle-history"><br></div><h2 class="battle-history">Turn 3</h2><div class="spacer battle-history"><br></div><div class="battle-history">The opposing Eevee used <strong>Return</strong>!<br></div><div class="battle-history"><small>(Chikorita lost <abbr title="−6/22">27.3%</abbr> of its health!)</small><br></div><div class="spacer battle-history"><br></div><div class="battle-history">Chikorita fainted!<br></div><div class="spacer battle-history"><br></div><div class="battle-history">Go! <strong>Starly</strong>!<br></div><div class="spacer battle-history"><br></div><h2 class="battle-history">Turn 4</h2><div class="spacer battle-history"><br></div><div class="battle-history">The opposing Eevee used <strong>Return</strong>!<br></div><div class="battle-history"><small>(Starly lost <abbr title="−20/20">100%</abbr> of its health!)</small><br></div><div class="spacer battle-history"><br></div><div class="battle-history">Starly fainted!<br></div><div class="spacer battle-history"><br></div><div class="battle-history">Go! <strong>Tyrogue</strong>!<br></div><div class="spacer battle-history"><br></div><h2 class="battle-history">Turn 5</h2><div class="spacer battle-history"><br></div><div class="battle-history">The opposing Eevee used <strong>Return</strong>!<br></div><div class="battle-history"><small>(Tyrogue lost <abbr title="−20/20">100%</abbr> of its health!)</small><br></div><div class="spacer battle-history"><br></div><div class="battle-history">Tyrogue fainted!<br></div><div class="spacer battle-history"><br></div><div class="battle-history">Go! <strong>Drowzee</strong>!<br></div><div class="spacer battle-history"><br></div><h2 class="battle-history">Turn 6</h2><div class="spacer battle-history"><br></div><div class="battle-history">The opposing Eevee used <strong>Return</strong>!<br></div><div class="battle-history"><small>(Drowzee lost <abbr title="−22/25">88%</abbr> of its health!)</small><br></div><div class="battle-history"><small>Drowzee ate its Aguav Berry!</small><br></div><div class="battle-history"><small>Drowzee restored HP using its Aguav Berry!</small><br></div><div class="spacer battle-history"><br></div><div class="battle-history">Drowzee used <strong>Psychic</strong>!<br></div><div class="battle-history"><small>(The opposing Eevee lost <abbr title="−7/25">28.0%</abbr> of its health!)</small><br></div><div class="spacer battle-history"><br></div><h2 class="battle-history">Turn 7</h2><div class="spacer battle-history"><br></div><div class="battle-history">The opposing Eevee used <strong>Return</strong>!<br></div><div class="battle-history"><small>(Drowzee lost <abbr title="−6/25">24%</abbr> of its health!)</small><br></div><div class="spacer battle-history"><br></div><div class="battle-history">Drowzee fainted!<br></div><div class="spacer battle-history"><br></div><div class="battle-history">Go! <strong>Totodile</strong>!<br></div><div class="spacer battle-history"><br></div><h2 class="battle-history">Turn 8</h2><div class="spacer battle-history"><br></div><div class="battle-history">Totodile used <strong>Aqua Jet</strong>!<br></div><div class="battle-history"><small>(The opposing Eevee lost <abbr title="−4/25">16%</abbr> of its health!)</small><br></div><div class="spacer battle-history"><br></div><div class="battle-history">The opposing Eevee used <strong>Return</strong>!<br></div><div class="battle-history"><small>(Totodile lost <abbr title="−14/21">66.7%</abbr> of its health!)</small><br></div><div class="spacer battle-history"><br></div><h2 class="battle-history">Turn 9</h2><div class="spacer battle-history"><br></div><div class="battle-history">The opposing Eevee used <strong>Return</strong>!<br></div><div class="battle-history"><small>(Totodile lost <abbr title="−7/21">33.3%</abbr> of its health!)</small><br></div><div class="spacer battle-history"><br></div><div class="battle-history">Totodile fainted!<br></div><div class="spacer battle-history"><br></div><div class="battle-history">Go! <strong>Magby</strong>!<br></div><div class="spacer battle-history"><br></div><h2 class="battle-history">Turn 10</h2><div class="spacer battle-history"><br></div><div class="battle-history">Magby used <strong>Cross Chop</strong>!<br></div><div class="battle-history"><small>It's super effective!</small><br></div><div class="battle-history"><small>(The opposing Eevee lost <abbr title="−14/25">56.0%</abbr> of its health!)</small><br></div><div class="spacer battle-history"><br></div><div class="battle-history">The opposing Eevee fainted!<br></div><div class="spacer battle-history"><br></div><div class="battle-history">ssssimones ●● sent out <strong>Poochyena</strong>!<br></div><div class="spacer battle-history"><br></div><h2 class="battle-history">Turn 11</h2><div class="spacer battle-history"><br></div><div class="battle-history">Magby used <strong>Cross Chop</strong>!<br></div><div class="battle-history"><small>It's super effective!</small><br></div><div class="battle-history"><small>(The opposing Poochyena lost <abbr title="−22/23">95.7%</abbr> of its health!)</small><br></div><div class="spacer battle-history"><br></div><div class="battle-history">The opposing Poochyena used <strong>Crunch</strong>!<br></div><div class="battle-history"><small>Magby hung on using its Focus Sash!</small><br></div><div class="battle-history"><small>(Magby lost <abbr title="−20/21">95.2%</abbr> of its health!)</small><br></div><div class="spacer battle-history"><br></div><h2 class="battle-history">Turn 12</h2><div class="spacer battle-history"><br></div><div class="battle-history">Magby used <strong>Thunder Punch</strong>!<br></div><div class="battle-history"><small>(The opposing Poochyena lost <abbr title="−1/23">4.3%</abbr> of its health!)</small><br></div><div class="spacer battle-history"><br></div><div class="battle-history">The opposing Poochyena fainted!<br></div><div class="spacer battle-history"><br></div><div class="battle-history"><strong>HeYItzMeTc</strong> won the battle!<br></div><div class="chat">HeYItzMeTc's rating: 1049 → <strong>1083</strong><br>(+34 for winning)</div><div class="chat">ssssimones ●●'s rating: 1057 → <strong>1038</strong><br>(-19 for losing)</div></div><div class="inner-preempt"></div></div></div>
</div>
<script>
let daily = Math.floor(Date.now()/1000/60/60/24);document.write('<script src="https://play.pokemonshowdown.com/js/replay-embed.js?version'+daily+'"></'+'script>');
</script>
