<!DOCTYPE html>
<meta charset="utf-8" />
<!-- version 1 -->
<title>LC replay: panther2 vs. MoneyGuy9559</title>
<style>
html,body {font-family:Verdana, sans-serif;font-size:10pt;margin:0;padding:0;}body{padding:12px 0;} .battle-log {font-family:Verdana, sans-serif;font-size:10pt;} .battle-log-inline {border:1px solid #AAAAAA;background:#EEF2F5;color:black;max-width:640px;margin:0 auto 80px;padding-bottom:5px;} .battle-log .inner {padding:4px 8px 0px 8px;} .battle-log .inner-preempt {padding:0 8px 4px 8px;} .battle-log .inner-after {margin-top:0.5em;} .battle-log h2 {margin:0.5em -8px;padding:4px 8px;border:1px solid #AAAAAA;background:#E0E7EA;border-left:0;border-right:0;font-family:Verdana, sans-serif;font-size:13pt;} .battle-log .chat {vertical-align:middle;padding:3px 0 3px 0;font-size:8pt;} .battle-log .chat strong {color:#40576A;} .battle-log .chat em {padding:1px 4px 1px 3px;color:#000000;font-style:normal;} .chat.mine {background:rgba(0,0,0,0.05);margin-left:-8px;margin-right:-8px;padding-left:8px;padding-right:8px;} .spoiler {color:#BBBBBB;background:#BBBBBB;padding:0px 3px;} .spoiler:hover, .spoiler:active, .spoiler-shown {color:#000000;background:#E2E2E2;padding:0px 3px;} .spoiler a {color:#BBBBBB;} .spoiler:hover a, .spoiler:active a, .spoiler-shown a {color:#2288CC;} .chat code, .chat .spoiler:hover code, .chat .spoiler:active code, .chat .spoiler-shown code {border:1px solid #C0C0C0;background:#EEEEEE;color:black;padding:0 2px;} .chat .spoiler code {border:1px solid #CCCCCC;background:#CCCCCC;color:#CCCCCC;} .battle-log .rated {padding:3px 4px;} .battle-log .rated strong {color:white;background:#89A;padding:1px 4px;border-radius:4px;} .spacer {margin-top:0.5em;} .message-announce {background:#6688AA;color:white;padding:1px 4px 2px;} .message-announce a, .broadcast-green a, .broadcast-blue a, .broadcast-red a {color:#DDEEFF;} .broadcast-green {background-color:#559955;color:white;padding:2px 4px;} .broadcast-blue {background-color:#6688AA;color:white;padding:2px 4px;} .infobox {border:1px solid #6688AA;padding:2px 4px;} .infobox-limited {max-height:200px;overflow:auto;overflow-x:hidden;} .broadcast-red {background-color:#AA5544;color:white;padding:2px 4px;} .message-learn-canlearn {font-weight:bold;color:#228822;text-decoration:underline;} .message-learn-cannotlearn {font-weight:bold;color:#CC2222;text-decoration:underline;} .message-effect-weak {font-weight:bold;color:#CC2222;} .message-effect-resist {font-weight:bold;color:#6688AA;} .message-effect-immune {font-weight:bold;color:#666666;} .message-learn-list {margin-top:0;margin-bottom:0;} .message-throttle-notice, .message-error {color:#992222;} .message-overflow, .chat small.message-overflow {font-size:0pt;} .message-overflow::before {font-size:9pt;content:'...';} .subtle {color:#3A4A66;}
</style>
<div class="wrapper replay-wrapper" style="max-width:1180px;margin:0 auto">
<input type="hidden" name="replayid" value="lc-491376312" />
<div class="battle"></div><div class="battle-log"></div><div class="replay-controls"></div><div class="replay-controls-2"></div>
<h1 style="font-weight:normal;text-align:center"><strong>LC</strong><br /><a href="http://pokemonshowdown.com/users/panther2" class="subtle" target="_blank">panther2</a> vs. <a href="http://pokemonshowdown.com/users/moneyguy9559" class="subtle" target="_blank">MoneyGuy9559</a></h1>
<script type="text/plain" class="battle-log-data">|j|panther2
|j|MoneyGuy9559
|player|p1|panther2|102
|player|p2|MoneyGuy9559|102
|gametype|singles
|gen|6
|tier|LC
|seed|52945,27486,17353,43501
|clearpoke
|poke|p1|Buizel, L5, M|item
|poke|p1|Ferroseed, L5, M|item
|poke|p1|Rufflet, L5, M|item
|poke|p1|Growlithe, L5, F|item
|poke|p1|Mienfoo, L5, M|item
|poke|p1|Munchlax, L5, F|item
|poke|p2|Mienfoo, L5, F|item
|poke|p2|Chinchou, L5, F, shiny|item
|poke|p2|Bellsprout, L5, M|item
|poke|p2|Teddiursa, L5, M, shiny|item
|poke|p2|Growlithe, L5, F|item
|poke|p2|Baltoy, L5|item
|rule|Sleep Clause Mod: Limit one foe put to sleep
|rule|Species Clause: Limit one of each Pokémon
|rule|OHKO Clause: OHKO moves are banned
|rule|Moody Clause: Moody is banned
|rule|Evasion Moves Clause: Evasion moves are banned
|rule|Endless Battle Clause: Forcing endless battles is banned
|rule|HP Percentage Mod: HP is shown in percentages
|teampreview
|c|★MoneyGuy9559|glhf
|j|CloudNimbus
|j|lgrab
|c|★panther2|you too man
|c|★panther2|gonna wait on a few more that are joining
|j|Miticus
|j|H is here
|j|Who is Pikachu
|c|★MoneyGuy9559|that's fine getting pizza out of my oven lol
|c|★panther2|lol im good hen you are now
|c|★panther2|no rush
|c| Who is Pikachu|yo money you trying to share
|c|★MoneyGuy9559|lol sorry had couldn't keep the pizza waiting
|c|★MoneyGuy9559|I'm ready now
|c|★panther2|cool me too
|choice|team 1, team 2, team 3, team 4, team 5, team 6|team 1, team 2, team 3, team 4, team 5, team 6
|
|start
|switch|p1a: Buizel|Buizel, L5, M|22\/22
|switch|p2a: Mulan|Mienfoo, L5, F|21\/21
|turn|1
|choice|switch 4|move knockoff
|
|switch|p1a: Growlithe|Growlithe, L5, F|25\/25
|-ability|p1a: Growlithe|Intimidate|boost
|-unboost|p2a: Mulan|atk|1
|move|p2a: Mulan|Knock Off|p1a: Growlithe
|-damage|p1a: Growlithe|21\/25
|-enditem|p1a: Growlithe|Eviolite|[from] move: Knock Off|[of] p2a: Mulan
|
|upkeep
|turn|2
|choice|switch 3|move taunt
|
|switch|p1a: Rufflet|Rufflet, L5, M|25\/25
|move|p2a: Mulan|Taunt|p1a: Rufflet
|-start|p1a: Rufflet|move: Taunt
|
|upkeep
|turn|3
|choice|move aerialace|switch 5
|
|switch|p2a: Jackie|Growlithe, L5, F|25\/25
|-ability|p2a: Jackie|Intimidate|boost
|-unboost|p1a: Rufflet|atk|1
|move|p1a: Rufflet|Aerial Ace|p2a: Jackie
|-damage|p2a: Jackie|19\/25
|
|upkeep
|turn|4
|choice|switch 6|move toxic
|
|switch|p1a: Munchlax|Munchlax, L5, F|30\/30
|move|p2a: Jackie|Toxic|p1a: Munchlax
|-status|p1a: Munchlax|tox
|
|-damage|p1a: Munchlax|29\/30 tox|[from] psn
|upkeep
|turn|5
|choice|move curse|switch 6
|
|switch|p2a: BeyBlade|Baltoy, L5|21\/21
|move|p1a: Munchlax|Curse|p1a: Munchlax
|-unboost|p1a: Munchlax|spe|1
|-boost|p1a: Munchlax|atk|1
|-boost|p1a: Munchlax|def|1
|
|-damage|p1a: Munchlax|27\/30 tox|[from] psn
|upkeep
|turn|6
|choice|move curse|move stealthrock
|
|move|p2a: BeyBlade|Stealth Rock|p1a: Munchlax
|-sidestart|p1: panther2|move: Stealth Rock
|move|p1a: Munchlax|Curse|p1a: Munchlax
|-unboost|p1a: Munchlax|spe|1
|-boost|p1a: Munchlax|atk|1
|-boost|p1a: Munchlax|def|1
|
|-damage|p1a: Munchlax|24\/30 tox|[from] psn
|upkeep
|turn|7
|choice|move bodyslam|move psychic
|
|move|p2a: BeyBlade|Psychic|p1a: Munchlax
|-damage|p1a: Munchlax|20\/30 tox
|move|p1a: Munchlax|Body Slam|p2a: BeyBlade
|-damage|p2a: BeyBlade|6\/21
|
|-damage|p1a: Munchlax|16\/30 tox|[from] psn
|upkeep
|turn|8
|choice|move rest|switch 5
|
|switch|p2a: Mulan|Mienfoo, L5, F|21\/21
|move|p1a: Munchlax|Rest|p1a: Munchlax
|-status|p1a: Munchlax|slp
|-heal|p1a: Munchlax|30\/30 slp|[silent]
|-status|p1a: Munchlax|slp|[from] move: Rest
|
|upkeep
|turn|9
|choice|move sleeptalk|move taunt
|
|move|p2a: Mulan|Taunt|p1a: Munchlax
|-start|p1a: Munchlax|move: Taunt
|cant|p1a: Munchlax|slp
|cant|p1a: Munchlax|move: Taunt|Sleep Talk
|
|upkeep
|turn|10
|j|ThePolishElf
|choice|switch 3|move knockoff
|
|switch|p1a: Growlithe|Growlithe, L5, F|21\/25
|-damage|p1a: Growlithe|15\/25|[from] Stealth Rock
|-ability|p1a: Growlithe|Intimidate|boost
|-unboost|p2a: Mulan|atk|1
|move|p2a: Mulan|Knock Off|p1a: Growlithe
|-damage|p1a: Growlithe|11\/25
|
|upkeep
|turn|11
|choice|switch 5|move taunt
|
|switch|p1a: Mienfoo|Mienfoo, L5, M|21\/21
|-damage|p1a: Mienfoo|20\/21|[from] Stealth Rock
|move|p2a: Mulan|Taunt|p1a: Mienfoo
|-start|p1a: Mienfoo|move: Taunt
|
|upkeep
|turn|12
|choice|move knockoff|switch 5
|
|switch|p2a: BeyBlade|Baltoy, L5|6\/21
|move|p1a: Mienfoo|Knock Off|p2a: BeyBlade
|-supereffective|p2a: BeyBlade
|-crit|p2a: BeyBlade
|-damage|p2a: BeyBlade|0 fnt
|-enditem|p2a: BeyBlade|Eviolite|[from] move: Knock Off|[of] p1a: Mienfoo
|faint|p2a: BeyBlade
|
|upkeep
|choice||switch 6
|
|switch|p2a: Jackie|Growlithe, L5, F|19\/25
|-ability|p2a: Jackie|Intimidate|boost
|-unboost|p1a: Mienfoo|atk|1
|turn|13
|choice|switch 3|move willowisp
|
|switch|p1a: Munchlax|Munchlax, L5, F|30\/30 slp
|-damage|p1a: Munchlax|27\/30 slp|[from] Stealth Rock
|move|p2a: Jackie|Will-O-Wisp|p1a: Munchlax|[miss]
|-miss|p2a: Jackie|p1a: Munchlax
|
|upkeep
|turn|14
|choice|move sleeptalk|switch 5
|
|switch|p2a: Mulan|Mienfoo, L5, F|21\/21
|cant|p1a: Munchlax|slp
|move|p1a: Munchlax|Sleep Talk|p1a: Munchlax
|move|p1a: Munchlax|Curse|p1a: Munchlax|[from]Sleep Talk
|-unboost|p1a: Munchlax|spe|1
|-boost|p1a: Munchlax|atk|1
|-boost|p1a: Munchlax|def|1
|
|upkeep
|turn|15
|choice|move bodyslam|move knockoff
|
|move|p2a: Mulan|Knock Off|p1a: Munchlax
|-damage|p1a: Munchlax|21\/30 slp
|-enditem|p1a: Munchlax|Eviolite|[from] move: Knock Off|[of] p2a: Mulan
|-curestatus|p1a: Munchlax|slp|[msg]
|move|p1a: Munchlax|Body Slam|p2a: Mulan
|-damage|p2a: Mulan|8\/21
|
|upkeep
|turn|16
|j|dougiemcbuckets3
|choice|switch 5|move uturn
|
|switch|p1a: Growlithe|Growlithe, L5, F|11\/25
|-damage|p1a: Growlithe|5\/25|[from] Stealth Rock
|-ability|p1a: Growlithe|Intimidate|boost
|-unboost|p2a: Mulan|atk|1
|move|p2a: Mulan|U-turn|p1a: Growlithe
|-resisted|p1a: Growlithe
|-damage|p1a: Growlithe|3\/25
|choice||switch 2
|
|switch|p2a: Ching Ming|Chinchou, L5, F, shiny|24\/24
|
|upkeep
|turn|17
|choice|move morningsun|move voltswitch
|
|move|p2a: Ching Ming|Volt Switch|p1a: Growlithe
|-damage|p1a: Growlithe|0 fnt
|faint|p1a: Growlithe
|choice||switch 4
|
|switch|p2a: Village Crusher Jr|Teddiursa, L5, M, shiny|23\/23
|
|-status|p2a: Village Crusher Jr|tox|[from] item: Toxic Orb
|upkeep
|choice|switch 3|
|
|switch|p1a: Mienfoo|Mienfoo, L5, M|21\/21
|-damage|p1a: Mienfoo|20\/21|[from] Stealth Rock
|turn|18
|l|Who is Pikachu
|choice|move drainpunch|switch 5
|
|switch|p2a: Jackie|Growlithe, L5, F|19\/25
|-ability|p2a: Jackie|Intimidate|boost
|-unboost|p1a: Mienfoo|atk|1
|move|p1a: Mienfoo|Drain Punch|p2a: Jackie
|-damage|p2a: Jackie|13\/25
|-heal|p1a: Mienfoo|21\/21|[from] drain|[of] p2a: Jackie
|
|upkeep
|turn|19
|choice|switch 4|move morningsun
|
|switch|p1a: Buizel|Buizel, L5, M|22\/22
|-damage|p1a: Buizel|20\/22|[from] Stealth Rock
|move|p2a: Jackie|Morning Sun|p2a: Jackie
|-heal|p2a: Jackie|25\/25
|
|upkeep
|turn|20
|choice|move batonpass|switch 4
|
|switch|p2a: Ching Ming|Chinchou, L5, F, shiny|24\/24
|move|p1a: Buizel|Baton Pass|p1a: Buizel
|choice|switch 2|
|
|switch|p1a: Ferroseed|Ferroseed, L5, M|22\/22
|-damage|p1a: Ferroseed|21\/22|[from] Stealth Rock
|
|upkeep
|turn|21
|l|dougiemcbuckets3
|choice|move stealthrock|move voltswitch
|
|move|p2a: Ching Ming|Volt Switch|p1a: Ferroseed
|-resisted|p1a: Ferroseed
|-damage|p1a: Ferroseed|18\/22
|choice||switch 4
|
|switch|p2a: Jackie|Growlithe, L5, F|25\/25
|-ability|p2a: Jackie|Intimidate|boost
|-unboost|p1a: Ferroseed|atk|1
|move|p1a: Ferroseed|Stealth Rock|p2a: Jackie
|-sidestart|p2: MoneyGuy9559|move: Stealth Rock
|
|upkeep
|turn|22
|choice|switch 5|move willowisp
|
|switch|p1a: Munchlax|Munchlax, L5, F|21\/30
|-damage|p1a: Munchlax|18\/30|[from] Stealth Rock
|move|p2a: Jackie|Will-O-Wisp|p1a: Munchlax
|-status|p1a: Munchlax|brn
|
|-damage|p1a: Munchlax|15\/30 brn|[from] brn
|upkeep
|turn|23
|choice|move rest|switch 2
|
|switch|p2a: Mulan|Mienfoo, L5, F|15\/21
|-damage|p2a: Mulan|14\/21|[from] Stealth Rock
|move|p1a: Munchlax|Rest|p1a: Munchlax
|-status|p1a: Munchlax|slp
|-heal|p1a: Munchlax|30\/30 slp|[silent]
|-status|p1a: Munchlax|slp|[from] move: Rest
|
|upkeep
|turn|24
|choice|move sleeptalk|move drainpunch
|
|move|p2a: Mulan|Drain Punch|p1a: Munchlax
|-supereffective|p1a: Munchlax
|-damage|p1a: Munchlax|10\/30 slp
|-heal|p2a: Mulan|21\/21|[from] drain|[of] p1a: Munchlax
|cant|p1a: Munchlax|slp
|move|p1a: Munchlax|Sleep Talk|p1a: Munchlax
|move|p1a: Munchlax|Rest|p1a: Munchlax|[from]Sleep Talk
|-fail|p1a: Munchlax
|
|upkeep
|turn|25
|choice|move sleeptalk|move knockoff
|
|move|p2a: Mulan|Knock Off|p1a: Munchlax
|-damage|p1a: Munchlax|3\/30 slp
|cant|p1a: Munchlax|slp
|move|p1a: Munchlax|Sleep Talk|p1a: Munchlax
|move|p1a: Munchlax|Rest|p1a: Munchlax|[from]Sleep Talk
|-fail|p1a: Munchlax
|
|upkeep
|turn|26
|choice|move rest|move uturn
|
|move|p2a: Mulan|U-turn|p1a: Munchlax
|-damage|p1a: Munchlax|0 fnt
|faint|p1a: Munchlax
|choice||switch 4
|
|switch|p2a: Ching Ming|Chinchou, L5, F, shiny|24\/24
|-damage|p2a: Ching Ming|21\/24|[from] Stealth Rock
|
|upkeep
|choice|switch 5|
|
|switch|p1a: Ferroseed|Ferroseed, L5, M|18\/22
|-damage|p1a: Ferroseed|17\/22|[from] Stealth Rock
|turn|27
|choice|move knockoff|move voltswitch
|
|move|p2a: Ching Ming|Volt Switch|p1a: Ferroseed
|-resisted|p1a: Ferroseed
|-damage|p1a: Ferroseed|14\/22
|choice||switch 3
|
|switch|p2a: Slurp|Bellsprout, L5, M|22\/22
|-damage|p2a: Slurp|20\/22|[from] Stealth Rock
|move|p1a: Ferroseed|Knock Off|p2a: Slurp
|-damage|p2a: Slurp|14\/22
|-enditem|p2a: Slurp|Eviolite|[from] move: Knock Off|[of] p1a: Ferroseed
|
|upkeep
|turn|28
|choice|move protect|move sunnyday
|
|move|p1a: Ferroseed|Protect|p1a: Ferroseed
|-singleturn|p1a: Ferroseed|Protect
|move|p2a: Slurp|Sunny Day|p2a: Slurp
|-weather|SunnyDay
|
|-weather|SunnyDay|[upkeep]
|upkeep
|turn|29
|choice|switch 2|move weatherball
|
|switch|p1a: Buizel|Buizel, L5, M|20\/22
|-damage|p1a: Buizel|18\/22|[from] Stealth Rock
|move|p2a: Slurp|Weather Ball|p1a: Buizel
|-resisted|p1a: Buizel
|-damage|p1a: Buizel|8\/22
|
|-weather|SunnyDay|[upkeep]
|upkeep
|turn|30
|choice|switch 2|move weatherball
|
|switch|p1a: Ferroseed|Ferroseed, L5, M|14\/22
|-damage|p1a: Ferroseed|13\/22|[from] Stealth Rock
|move|p2a: Slurp|Weather Ball|p1a: Ferroseed
|-supereffective|p1a: Ferroseed
|-damage|p1a: Ferroseed|0 fnt
|faint|p1a: Ferroseed
|
|-weather|SunnyDay|[upkeep]
|upkeep
|choice|switch 6|
|
|switch|p1a: Rufflet|Rufflet, L5, M|25\/25
|-damage|p1a: Rufflet|19\/25|[from] Stealth Rock
|turn|31
|choice|move aerialace|move weatherball
|
|move|p2a: Slurp|Weather Ball|p1a: Rufflet
|-damage|p1a: Rufflet|9\/25
|move|p1a: Rufflet|Aerial Ace|p2a: Slurp
|-supereffective|p2a: Slurp
|-damage|p2a: Slurp|0 fnt
|faint|p2a: Slurp
|
|-weather|SunnyDay|[upkeep]
|upkeep
|choice||switch 3
|
|switch|p2a: Ching Ming|Chinchou, L5, F, shiny|21\/24
|-damage|p2a: Ching Ming|18\/24|[from] Stealth Rock
|turn|32
|choice|switch 2|move voltswitch
|
|switch|p1a: Buizel|Buizel, L5, M|8\/22
|-damage|p1a: Buizel|6\/22|[from] Stealth Rock
|move|p2a: Ching Ming|Volt Switch|p1a: Buizel
|-supereffective|p1a: Buizel
|-damage|p1a: Buizel|0 fnt
|faint|p1a: Buizel
|choice||switch 4
|
|switch|p2a: Mulan|Mienfoo, L5, F|21\/21
|-damage|p2a: Mulan|20\/21|[from] Stealth Rock
|
|-weather|none
|upkeep
|choice|switch 4|
|
|switch|p1a: Mienfoo|Mienfoo, L5, M|21\/21
|-damage|p1a: Mienfoo|20\/21|[from] Stealth Rock
|turn|33
|choice|move knockoff|move knockoff
|
|move|p1a: Mienfoo|Knock Off|p2a: Mulan
|-resisted|p2a: Mulan
|-damage|p2a: Mulan|17\/21
|-enditem|p2a: Mulan|Eviolite|[from] move: Knock Off|[of] p1a: Mienfoo
|move|p2a: Mulan|Knock Off|p1a: Mienfoo
|-resisted|p1a: Mienfoo
|-damage|p1a: Mienfoo|15\/21
|-enditem|p1a: Mienfoo|Choice Scarf|[from] move: Knock Off|[of] p2a: Mulan
|
|upkeep
|turn|34
|choice|move highjumpkick|move drainpunch
|
|move|p1a: Mienfoo|High Jump Kick|p2a: Mulan
|-damage|p2a: Mulan|0 fnt
|faint|p2a: Mulan
|
|upkeep
|choice||switch 5
|
|switch|p2a: Village Crusher Jr|Teddiursa, L5, M, shiny|23\/23 tox
|-damage|p2a: Village Crusher Jr|21\/23 tox|[from] Stealth Rock
|turn|35
|choice|move drainpunch|move facade
|
|move|p2a: Village Crusher Jr|Facade|p1a: Mienfoo
|-crit|p1a: Mienfoo
|-damage|p1a: Mienfoo|0 fnt
|faint|p1a: Mienfoo
|
|-damage|p2a: Village Crusher Jr|20\/23 tox|[from] psn
|upkeep
|c|★panther2|gg man
|choice|switch 2|
|
|switch|p1a: Rufflet|Rufflet, L5, M|9\/25
|-damage|p1a: Rufflet|3\/25|[from] Stealth Rock
|turn|36
|c|★MoneyGuy9559|gg
|c|★MoneyGuy9559|The mon that has carried my whole team is here to finish off the finals
|choice|move roost|move facade
|
|move|p2a: Village Crusher Jr|Facade|p1a: Rufflet
|-damage|p1a: Rufflet|0 fnt
|faint|p1a: Rufflet
|
|win|MoneyGuy9559
|player|p1
|player|p2
|l|CloudNimbus
|c|★panther2|congrats on winning the tournament bro
|c|★MoneyGuy9559|Thank you it was a fun time playing lc
|c| ThePolishElf|good job Miguel now join sausage party
|c|★MoneyGuy9559|lol
|l|H is here
|l|ThePolishElf
|l|panther2
|l|MoneyGuy9559</script>
</div>
<div class="battle-log battle-log-inline"><div class="inner"><div class="battle-options"></div><div class="inner"><div class="chat"><small>panther2 joined.</small></div><div class="chat"><small>MoneyGuy9559 joined.</small></div><div class=""><small>Format:</small> <br><strong>LC</strong></div><div class=""><small><em>Sleep Clause Mod:</em> Limit one foe put to sleep</small></div><div class=""><small><em>Species Clause:</em> Limit one of each Pokémon</small></div><div class=""><small><em>OHKO Clause:</em> OHKO moves are banned</small></div><div class=""><small><em>Moody Clause:</em> Moody is banned</small></div><div class=""><small><em>Evasion Moves Clause:</em> Evasion moves are banned</small></div><div class=""><small><em>Endless Battle Clause:</em> Forcing endless battles is banned</small></div><div class=""><small><em>HP Percentage Mod:</em> HP is shown in percentages</small></div><div class="chat battle-history"><strong>panther2's team:</strong> <em style="color:#445566;display:block;">Buizel / Ferroseed / Rufflet / Growlithe / Mienfoo / Munchlax</em></div><div class="chat battle-history"><strong>MoneyGuy9559's team:</strong> <em style="color:#445566;display:block;">Mienfoo / Chinchou / Bellsprout / Teddiursa / Growlithe / Baltoy</em></div><div class="chat chatmessage-moneyguy9559"><strong style="color:hsl(82,67%,38.218438295364074%)"><small>★</small><span class="username" data-name="MoneyGuy9559">MoneyGuy9559</span>:</strong> <em>glhf</em></div><div class="chat"><small>CloudNimbus joined.</small></div><div class="chat"><small>lgrab joined.</small></div><div class="chat chatmessage-panther2"><strong style="color:hsl(186,73%,43.283386504251%)"><small>★</small><span class="username" data-name="panther2">panther2</span>:</strong> <em>you too man</em></div><div class="chat chatmessage-panther2"><strong style="color:hsl(186,73%,43.283386504251%)"><small>★</small><span class="username" data-name="panther2">panther2</span>:</strong> <em>gonna wait on a few more that are joining</em></div><div class="chat"><small>Miticus joined.</small></div><div class="chat"><small>H is here joined.</small></div><div class="chat"><small>Who is Pikachu joined.</small></div><div class="chat chatmessage-moneyguy9559"><strong style="color:hsl(82,67%,38.218438295364074%)"><small>★</small><span class="username" data-name="MoneyGuy9559">MoneyGuy9559</span>:</strong> <em>that's fine getting pizza out of my oven lol</em></div><div class="chat chatmessage-panther2"><strong style="color:hsl(186,73%,43.283386504251%)"><small>★</small><span class="username" data-name="panther2">panther2</span>:</strong> <em>lol im good hen you are now</em></div><div class="chat chatmessage-panther2"><strong style="color:hsl(186,73%,43.283386504251%)"><small>★</small><span class="username" data-name="panther2">panther2</span>:</strong> <em>no rush</em></div><div class="chat chatmessage-whoispikachu"><strong style="color:hsl(7,61%,49.269670940527924%)"><small> </small><span class="username" data-name="Who is Pikachu">Who is Pikachu</span>:</strong> <em>yo money you trying to share</em></div><div class="chat chatmessage-moneyguy9559"><strong style="color:hsl(82,67%,38.218438295364074%)"><small>★</small><span class="username" data-name="MoneyGuy9559">MoneyGuy9559</span>:</strong> <em>lol sorry had couldn't keep the pizza waiting</em></div><div class="chat chatmessage-moneyguy9559"><strong style="color:hsl(82,67%,38.218438295364074%)"><small>★</small><span class="username" data-name="MoneyGuy9559">MoneyGuy9559</span>:</strong> <em>I'm ready now</em></div><div class="chat chatmessage-panther2"><strong style="color:hsl(186,73%,43.283386504251%)"><small>★</small><span class="username" data-name="panther2">panther2</span>:</strong> <em>cool me too</em></div><div class="spacer battle-history"><br></div><div class="battle-history">Battle started between panther2 and MoneyGuy9559!<br></div><div class="spacer battle-history"><br></div><div class="battle-history">Go! <strong>Buizel</strong>!<br></div><div class="spacer battle-history"><br></div><div class="battle-history">MoneyGuy9559 sent out Mulan (<strong>Mienfoo</strong>)!<br></div><div class="spacer battle-history"><br></div><h2 class="battle-history">Turn 1</h2><div class="spacer battle-history"><br></div><div class="battle-history">Buizel, come back!<br></div><div class="battle-history">Go! <strong>Growlithe</strong>!<br></div><div class="battle-history"><small>[Growlithe's Intimidate]</small><br></div><div class="battle-history"><small>The opposing Mulan's Attack fell!</small><br></div><div class="spacer battle-history"><br></div><div class="battle-history">The opposing Mulan used <strong>Knock Off</strong>!<br></div><div class="battle-history"><small>(Growlithe lost <abbr title="−4/25">16%</abbr> of its health!)</small><br></div><div class="battle-history"><small>The opposing Mulan knocked off Growlithe's Eviolite!</small><br></div><div class="spacer battle-history"><br></div><h2 class="battle-history">Turn 2</h2><div class="spacer battle-history"><br></div><div class="battle-history">Growlithe, come back!<br></div><div class="battle-history">Go! <strong>Rufflet</strong>!<br></div><div class="spacer battle-history"><br></div><div class="battle-history">The opposing Mulan used <strong>Taunt</strong>!<br></div><div class="battle-history"><small>Rufflet fell for the taunt!</small><br></div><div class="spacer battle-history"><br></div><h2 class="battle-history">Turn 3</h2><div class="spacer battle-history"><br></div><div class="battle-history">MoneyGuy9559 withdrew Mulan!<br></div><div class="battle-history">MoneyGuy9559 sent out Jackie (<strong>Growlithe</strong>)!<br></div><div class="battle-history"><small>[The opposing Jackie's Intimidate]</small><br></div><div class="battle-history"><small>Rufflet's Attack fell!</small><br></div><div class="spacer battle-history"><br></div><div class="battle-history">Rufflet used <strong>Aerial Ace</strong>!<br></div><div class="battle-history"><small>(The opposing Jackie lost <abbr title="−6/25">24%</abbr> of its health!)</small><br></div><div class="spacer battle-history"><br></div><h2 class="battle-history">Turn 4</h2><div class="spacer battle-history"><br></div><div class="battle-history">Rufflet, come back!<br></div><div class="battle-history">Go! <strong>Munchlax</strong>!<br></div><div class="spacer battle-history"><br></div><div class="battle-history">The opposing Jackie used <strong>Toxic</strong>!<br></div><div class="battle-history"><small>Munchlax was badly poisoned!</small><br></div><div class="spacer battle-history"><br></div><div class="battle-history"><small>Munchlax was hurt by poison!</small><br></div><div class="spacer battle-history"><br></div><h2 class="battle-history">Turn 5</h2><div class="spacer battle-history"><br></div><div class="battle-history">MoneyGuy9559 withdrew Jackie!<br></div><div class="battle-history">MoneyGuy9559 sent out BeyBlade (<strong>Baltoy</strong>)!<br></div><div class="spacer battle-history"><br></div><div class="battle-history">Munchlax used <strong>Curse</strong>!<br></div><div class="battle-history"><small>Munchlax's Speed fell!</small><br></div><div class="battle-history"><small>Munchlax's Attack rose!</small><br></div><div class="battle-history"><small>Munchlax's Defense rose!</small><br></div><div class="spacer battle-history"><br></div><div class="battle-history"><small>Munchlax was hurt by poison!</small><br></div><div class="spacer battle-history"><br></div><h2 class="battle-history">Turn 6</h2><div class="spacer battle-history"><br></div><div class="battle-history">The opposing BeyBlade used <strong>Stealth Rock</strong>!<br></div><div class="battle-history"><small>Pointed stones float in the air around your team!</small><br></div><div class="spacer battle-history"><br></div><div class="battle-history">Munchlax used <strong>Curse</strong>!<br></div><div class="battle-history"><small>Munchlax's Speed fell!</small><br></div><div class="battle-history"><small>Munchlax's Attack rose!</small><br></div><div class="battle-history"><small>Munchlax's Defense rose!</small><br></div><div class="spacer battle-history"><br></div><div class="battle-history"><small>Munchlax was hurt by poison!</small><br></div><div class="spacer battle-history"><br></div><h2 class="battle-history">Turn 7</h2><div class="spacer battle-history"><br></div><div class="battle-history">The opposing BeyBlade used <strong>Psychic</strong>!<br></div><div class="battle-history"><small>(Munchlax lost <abbr title="−4/30">13.3%</abbr> of its health!)</small><br></div><div class="spacer battle-history"><br></div><div class="battle-history">Munchlax used <strong>Body Slam</strong>!<br></div><div class="battle-history"><small>(The opposing BeyBlade lost <abbr title="−15/21">71.4%</abbr> of its health!)</small><br></div><div class="spacer battle-history"><br></div><div class="battle-history"><small>Munchlax was hurt by poison!</small><br></div><div class="spacer battle-history"><br></div><h2 class="battle-history">Turn 8</h2><div class="spacer battle-history"><br></div><div class="battle-history">MoneyGuy9559 withdrew BeyBlade!<br></div><div class="battle-history">MoneyGuy9559 sent out Mulan (<strong>Mienfoo</strong>)!<br></div><div class="spacer battle-history"><br></div><div class="battle-history">Munchlax used <strong>Rest</strong>!<br></div><div class="battle-history"><small>Munchlax fell asleep!</small><br></div><div class="battle-history"><small>Munchlax slept and became healthy!</small><br></div><div class="spacer battle-history"><br></div><h2 class="battle-history">Turn 9</h2><div class="spacer battle-history"><br></div><div class="battle-history">The opposing Mulan used <strong>Taunt</strong>!<br></div><div class="battle-history"><small>Munchlax fell for the taunt!</small><br></div><div class="spacer battle-history"><br></div><div class="battle-history">Munchlax is fast asleep.<br></div><div class="spacer battle-history"><br></div><div class="battle-history">Munchlax can't use Sleep Talk after the taunt!<br></div><div class="spacer battle-history"><br></div><h2 class="battle-history">Turn 10</h2><div class="chat"><small>ThePolishElf joined.</small></div><div class="spacer battle-history"><br></div><div class="battle-history">Munchlax, come back!<br></div><div class="battle-history">Go! <strong>Growlithe</strong>!<br></div><div class="battle-history"><small>Pointed stones dug into Growlithe!</small><br></div><div class="battle-history"><small>[Growlithe's Intimidate]</small><br></div><div class="battle-history"><small>The opposing Mulan's Attack fell!</small><br></div><div class="spacer battle-history"><br></div><div class="battle-history">The opposing Mulan used <strong>Knock Off</strong>!<br></div><div class="battle-history"><small>(Growlithe lost <abbr title="−4/25">16%</abbr> of its health!)</small><br></div><div class="spacer battle-history"><br></div><h2 class="battle-history">Turn 11</h2><div class="spacer battle-history"><br></div><div class="battle-history">Growlithe, come back!<br></div><div class="battle-history">Go! <strong>Mienfoo</strong>!<br></div><div class="battle-history"><small>Pointed stones dug into Mienfoo!</small><br></div><div class="spacer battle-history"><br></div><div class="battle-history">The opposing Mulan used <strong>Taunt</strong>!<br></div><div class="battle-history"><small>Mienfoo fell for the taunt!</small><br></div><div class="spacer battle-history"><br></div><h2 class="battle-history">Turn 12</h2><div class="spacer battle-history"><br></div><div class="battle-history">MoneyGuy9559 withdrew Mulan!<br></div><div class="battle-history">MoneyGuy9559 sent out BeyBlade (<strong>Baltoy</strong>)!<br></div><div class="spacer battle-history"><br></div><div class="battle-history">Mienfoo used <strong>Knock Off</strong>!<br></div><div class="battle-history"><small>It's super effective!</small><br></div><div class="battle-history"><small>A critical hit!</small><br></div><div class="battle-history"><small>(The opposing BeyBlade lost <abbr title="−6/21">28.6%</abbr> of its health!)</small><br></div><div class="battle-history"><small>Mienfoo knocked off the opposing BeyBlade's Eviolite!</small><br></div><div class="spacer battle-history"><br></div><div class="battle-history">The opposing BeyBlade fainted!<br></div><div class="spacer battle-history"><br></div><div class="battle-history">MoneyGuy9559 sent out Jackie (<strong>Growlithe</strong>)!<br></div><div class="battle-history"><small>[The opposing Jackie's Intimidate]</small><br></div><div class="battle-history"><small>Mienfoo's Attack fell!</small><br></div><div class="spacer battle-history"><br></div><h2 class="battle-history">Turn 13</h2><div class="spacer battle-history"><br></div><div class="battle-history">Mienfoo, come back!<br></div><div class="battle-history">Go! <strong>Munchlax</strong>!<br></div><div class="battle-history"><small>Pointed stones dug into Munchlax!</small><br></div><div class="spacer battle-history"><br></div><div class="battle-history">The opposing Jackie used <strong>Will-O-Wisp</strong>!<br></div><div class="battle-history"><small>Munchlax avoided the attack!</small><br></div><div class="spacer battle-history"><br></div><h2 class="battle-history">Turn 14</h2><div class="spacer battle-history"><br></div><div class="battle-history">MoneyGuy9559 withdrew Jackie!<br></div><div class="battle-history">MoneyGuy9559 sent out Mulan (<strong>Mienfoo</strong>)!<br></div><div class="spacer battle-history"><br></div><div class="battle-history">Munchlax is fast asleep.<br></div><div class="spacer battle-history"><br></div><div class="battle-history">Munchlax used <strong>Sleep Talk</strong>!<br></div><div class="spacer battle-history"><br></div><div class="battle-history">Munchlax used <strong>Curse</strong>!<br></div><div class="battle-history"><small>Munchlax's Speed fell!</small><br></div><div class="battle-history"><small>Munchlax's Attack rose!</small><br></div><div class="battle-history"><small>Munchlax's Defense rose!</small><br></div><div class="spacer battle-history"><br></div><h2 class="battle-history">Turn 15</h2><div class="spacer battle-history"><br></div><div class="battle-history">The opposing Mulan used <strong>Knock Off</strong>!<br></div><div class="battle-history"><small>(Munchlax lost <abbr title="−6/30">20%</abbr> of its health!)</small><br></div><div class="battle-history"><small>The opposing Mulan knocked off Munchlax's Eviolite!</small><br></div><div class="battle-history"><small>Munchlax woke up!</small><br></div><div class="spacer battle-history"><br></div><div class="battle-history">Munchlax used <strong>Body Slam</strong>!<br></div><div class="battle-history"><small>(The opposing Mulan lost <abbr title="−13/21">61.9%</abbr> of its health!)</small><br></div><div class="spacer battle-history"><br></div><h2 class="battle-history">Turn 16</h2><div class="chat"><small>dougiemcbuckets3 joined.</small></div><div class="spacer battle-history"><br></div><div class="battle-history">Munchlax, come back!<br></div><div class="battle-history">Go! <strong>Growlithe</strong>!<br></div><div class="battle-history"><small>Pointed stones dug into Growlithe!</small><br></div><div class="battle-history"><small>[Growlithe's Intimidate]</small><br></div><div class="battle-history"><small>The opposing Mulan's Attack fell!</small><br></div><div class="spacer battle-history"><br></div><div class="battle-history">The opposing Mulan used <strong>U-turn</strong>!<br></div><div class="battle-history"><small>It's not very effective...</small><br></div><div class="battle-history"><small>(Growlithe lost <abbr title="−2/25">8%</abbr> of its health!)</small><br></div><div class="spacer battle-history"><br></div><div class="battle-history">The opposing Mulan went back to MoneyGuy9559!<br></div><div class="battle-history">MoneyGuy9559 sent out Ching Ming (<strong>Chinchou</strong>)!<br></div><div class="spacer battle-history"><br></div><h2 class="battle-history">Turn 17</h2><div class="spacer battle-history"><br></div><div class="battle-history">The opposing Ching Ming used <strong>Volt Switch</strong>!<br></div><div class="battle-history"><small>(Growlithe lost <abbr title="−3/25">12%</abbr> of its health!)</small><br></div><div class="spacer battle-history"><br></div><div class="battle-history">Growlithe fainted!<br></div><div class="spacer battle-history"><br></div><div class="battle-history">The opposing Ching Ming went back to MoneyGuy9559!<br></div><div class="battle-history">MoneyGuy9559 sent out Village Crusher Jr (<strong>Teddiursa</strong>)!<br></div><div class="spacer battle-history"><br></div><div class="battle-history"><small>The opposing Village Crusher Jr was badly poisoned!</small><br></div><div class="spacer battle-history"><br></div><div class="battle-history">Go! <strong>Mienfoo</strong>!<br></div><div class="battle-history"><small>Pointed stones dug into Mienfoo!</small><br></div><div class="spacer battle-history"><br></div><h2 class="battle-history">Turn 18</h2><div class="chat"><small>Who is Pikachu left.</small></div><div class="spacer battle-history"><br></div><div class="battle-history">MoneyGuy9559 withdrew Village Crusher Jr!<br></div><div class="battle-history">MoneyGuy9559 sent out Jackie (<strong>Growlithe</strong>)!<br></div><div class="battle-history"><small>[The opposing Jackie's Intimidate]</small><br></div><div class="battle-history"><small>Mienfoo's Attack fell!</small><br></div><div class="spacer battle-history"><br></div><div class="battle-history">Mienfoo used <strong>Drain Punch</strong>!<br></div><div class="battle-history"><small>(The opposing Jackie lost <abbr title="−6/25">24%</abbr> of its health!)</small><br></div><div class="battle-history"><small>The opposing Jackie had its energy drained!</small><br></div><div class="spacer battle-history"><br></div><h2 class="battle-history">Turn 19</h2><div class="spacer battle-history"><br></div><div class="battle-history">Mienfoo, come back!<br></div><div class="battle-history">Go! <strong>Buizel</strong>!<br></div><div class="battle-history"><small>Pointed stones dug into Buizel!</small><br></div><div class="spacer battle-history"><br></div><div class="battle-history">The opposing Jackie used <strong>Morning Sun</strong>!<br></div><div class="battle-history"><small>The opposing Jackie restored its HP.</small><br></div><div class="spacer battle-history"><br></div><h2 class="battle-history">Turn 20</h2><div class="spacer battle-history"><br></div><div class="battle-history">MoneyGuy9559 withdrew Jackie!<br></div><div class="battle-history">MoneyGuy9559 sent out Ching Ming (<strong>Chinchou</strong>)!<br></div><div class="spacer battle-history"><br></div><div class="battle-history">Buizel used <strong>Baton Pass</strong>!<br></div><div class="spacer battle-history"><br></div><div class="battle-history">Go! <strong>Ferroseed</strong>!<br></div><div class="battle-history"><small>Pointed stones dug into Ferroseed!</small><br></div><div class="spacer battle-history"><br></div><h2 class="battle-history">Turn 21</h2><div class="chat"><small>dougiemcbuckets3 left.</small></div><div class="spacer battle-history"><br></div><div class="battle-history">The opposing Ching Ming used <strong>Volt Switch</strong>!<br></div><div class="battle-history"><small>It's not very effective...</small><br></div><div class="battle-history"><small>(Ferroseed lost <abbr title="−3/22">13.6%</abbr> of its health!)</small><br></div><div class="spacer battle-history"><br></div><div class="battle-history">The opposing Ching Ming went back to MoneyGuy9559!<br></div><div class="battle-history">MoneyGuy9559 sent out Jackie (<strong>Growlithe</strong>)!<br></div><div class="battle-history"><small>[The opposing Jackie's Intimidate]</small><br></div><div class="battle-history"><small>Ferroseed's Attack fell!</small><br></div><div class="spacer battle-history"><br></div><div class="battle-history">Ferroseed used <strong>Stealth Rock</strong>!<br></div><div class="battle-history"><small>Pointed stones float in the air around the opposing team!</small><br></div><div class="spacer battle-history"><br></div><h2 class="battle-history">Turn 22</h2><div class="spacer battle-history"><br></div><div class="battle-history">Ferroseed, come back!<br></div><div class="battle-history">Go! <strong>Munchlax</strong>!<br></div><div class="battle-history"><small>Pointed stones dug into Munchlax!</small><br></div><div class="spacer battle-history"><br></div><div class="battle-history">The opposing Jackie used <strong>Will-O-Wisp</strong>!<br></div><div class="battle-history"><small>Munchlax was burned!</small><br></div><div class="spacer battle-history"><br></div><div class="battle-history"><small>Munchlax was hurt by its burn!</small><br></div><div class="spacer battle-history"><br></div><h2 class="battle-history">Turn 23</h2><div class="spacer battle-history"><br></div><div class="battle-history">MoneyGuy9559 withdrew Jackie!<br></div><div class="battle-history">MoneyGuy9559 sent out Mulan (<strong>Mienfoo</strong>)!<br></div><div class="battle-history"><small>Pointed stones dug into the opposing Mulan!</small><br></div><div class="spacer battle-history"><br></div><div class="battle-history">Munchlax used <strong>Rest</strong>!<br></div><div class="battle-history"><small>Munchlax fell asleep!</small><br></div><div class="battle-history"><small>Munchlax slept and became healthy!</small><br></div><div class="spacer battle-history"><br></div><h2 class="battle-history">Turn 24</h2><div class="spacer battle-history"><br></div><div class="battle-history">The opposing Mulan used <strong>Drain Punch</strong>!<br></div><div class="battle-history"><small>It's super effective!</small><br></div><div class="battle-history"><small>(Munchlax lost <abbr title="−20/30">66.7%</abbr> of its health!)</small><br></div><div class="battle-history"><small>Munchlax had its energy drained!</small><br></div><div class="spacer battle-history"><br></div><div class="battle-history">Munchlax is fast asleep.<br></div><div class="spacer battle-history"><br></div><div class="battle-history">Munchlax used <strong>Sleep Talk</strong>!<br></div><div class="spacer battle-history"><br></div><div class="battle-history">Munchlax used <strong>Rest</strong>!<br></div><div class="battle-history"><small>But it failed!</small><br></div><div class="spacer battle-history"><br></div><h2 class="battle-history">Turn 25</h2><div class="spacer battle-history"><br></div><div class="battle-history">The opposing Mulan used <strong>Knock Off</strong>!<br></div><div class="battle-history"><small>(Munchlax lost <abbr title="−7/30">23.3%</abbr> of its health!)</small><br></div><div class="spacer battle-history"><br></div><div class="battle-history">Munchlax is fast asleep.<br></div><div class="spacer battle-history"><br></div><div class="battle-history">Munchlax used <strong>Sleep Talk</strong>!<br></div><div class="spacer battle-history"><br></div><div class="battle-history">Munchlax used <strong>Rest</strong>!<br></div><div class="battle-history"><small>But it failed!</small><br></div><div class="spacer battle-history"><br></div><h2 class="battle-history">Turn 26</h2><div class="spacer battle-history"><br></div><div class="battle-history">The opposing Mulan used <strong>U-turn</strong>!<br></div><div class="battle-history"><small>(Munchlax lost <abbr title="−3/30">10%</abbr> of its health!)</small><br></div><div class="spacer battle-history"><br></div><div class="battle-history">Munchlax fainted!<br></div><div class="spacer battle-history"><br></div><div class="battle-history">The opposing Mulan went back to MoneyGuy9559!<br></div><div class="battle-history">MoneyGuy9559 sent out Ching Ming (<strong>Chinchou</strong>)!<br></div><div class="battle-history"><small>Pointed stones dug into the opposing Ching Ming!</small><br></div><div class="spacer battle-history"><br></div><div class="battle-history">Go! <strong>Ferroseed</strong>!<br></div><div class="battle-history"><small>Pointed stones dug into Ferroseed!</small><br></div><div class="spacer battle-history"><br></div><h2 class="battle-history">Turn 27</h2><div class="spacer battle-history"><br></div><div class="battle-history">The opposing Ching Ming used <strong>Volt Switch</strong>!<br></div><div class="battle-history"><small>It's not very effective...</small><br></div><div class="battle-history"><small>(Ferroseed lost <abbr title="−3/22">13.6%</abbr> of its health!)</small><br></div><div class="spacer battle-history"><br></div><div class="battle-history">The opposing Ching Ming went back to MoneyGuy9559!<br></div><div class="battle-history">MoneyGuy9559 sent out Slurp (<strong>Bellsprout</strong>)!<br></div><div class="battle-history"><small>Pointed stones dug into the opposing Slurp!</small><br></div><div class="spacer battle-history"><br></div><div class="battle-history">Ferroseed used <strong>Knock Off</strong>!<br></div><div class="battle-history"><small>(The opposing Slurp lost <abbr title="−6/22">27.3%</abbr> of its health!)</small><br></div><div class="battle-history"><small>Ferroseed knocked off the opposing Slurp's Eviolite!</small><br></div><div class="spacer battle-history"><br></div><h2 class="battle-history">Turn 28</h2><div class="spacer battle-history"><br></div><div class="battle-history">Ferroseed used <strong>Protect</strong>!<br></div><div class="battle-history"><small>Ferroseed protected itself!</small><br></div><div class="spacer battle-history"><br></div><div class="battle-history">The opposing Slurp used <strong>Sunny Day</strong>!<br></div><div class="battle-history"><small>The sunlight turned harsh!</small><br></div><div class="spacer battle-history"><br></div><div class="battle-history"><small>(The sunlight is strong!)</small><br></div><div class="spacer battle-history"><br></div><h2 class="battle-history">Turn 29</h2><div class="spacer battle-history"><br></div><div class="battle-history">Ferroseed, come back!<br></div><div class="battle-history">Go! <strong>Buizel</strong>!<br></div><div class="battle-history"><small>Pointed stones dug into Buizel!</small><br></div><div class="spacer battle-history"><br></div><div class="battle-history">The opposing Slurp used <strong>Weather Ball</strong>!<br></div><div class="battle-history"><small>It's not very effective...</small><br></div><div class="battle-history"><small>(Buizel lost <abbr title="−10/22">45.5%</abbr> of its health!)</small><br></div><div class="spacer battle-history"><br></div><div class="battle-history"><small>(The sunlight is strong!)</small><br></div><div class="spacer battle-history"><br></div><h2 class="battle-history">Turn 30</h2><div class="spacer battle-history"><br></div><div class="battle-history">Buizel, come back!<br></div><div class="battle-history">Go! <strong>Ferroseed</strong>!<br></div><div class="battle-history"><small>Pointed stones dug into Ferroseed!</small><br></div><div class="spacer battle-history"><br></div><div class="battle-history">The opposing Slurp used <strong>Weather Ball</strong>!<br></div><div class="battle-history"><small>It's super effective!</small><br></div><div class="battle-history"><small>(Ferroseed lost <abbr title="−13/22">59.1%</abbr> of its health!)</small><br></div><div class="spacer battle-history"><br></div><div class="battle-history">Ferroseed fainted!<br></div><div class="spacer battle-history"><br></div><div class="battle-history"><small>(The sunlight is strong!)</small><br></div><div class="spacer battle-history"><br></div><div class="battle-history">Go! <strong>Rufflet</strong>!<br></div><div class="battle-history"><small>Pointed stones dug into Rufflet!</small><br></div><div class="spacer battle-history"><br></div><h2 class="battle-history">Turn 31</h2><div class="spacer battle-history"><br></div><div class="battle-history">The opposing Slurp used <strong>Weather Ball</strong>!<br></div><div class="battle-history"><small>(Rufflet lost <abbr title="−10/25">40%</abbr> of its health!)</small><br></div><div class="spacer battle-history"><br></div><div class="battle-history">Rufflet used <strong>Aerial Ace</strong>!<br></div><div class="battle-history"><small>It's super effective!</small><br></div><div class="battle-history"><small>(The opposing Slurp lost <abbr title="−14/22">63.6%</abbr> of its health!)</small><br></div><div class="spacer battle-history"><br></div><div class="battle-history">The opposing Slurp fainted!<br></div><div class="spacer battle-history"><br></div><div class="battle-history"><small>(The sunlight is strong!)</small><br></div><div class="spacer battle-history"><br></div><div class="battle-history">MoneyGuy9559 sent out Ching Ming (<strong>Chinchou</strong>)!<br></div><div class="battle-history"><small>Pointed stones dug into the opposing Ching Ming!</small><br></div><div class="spacer battle-history"><br></div><h2 class="battle-history">Turn 32</h2><div class="spacer battle-history"><br></div><div class="battle-history">Rufflet, come back!<br></div><div class="battle-history">Go! <strong>Buizel</strong>!<br></div><div class="battle-history"><small>Pointed stones dug into Buizel!</small><br></div><div class="spacer battle-history"><br></div><div class="battle-history">The opposing Ching Ming used <strong>Volt Switch</strong>!<br></div><div class="battle-history"><small>It's super effective!</small><br></div><div class="battle-history"><small>(Buizel lost <abbr title="−6/22">27.3%</abbr> of its health!)</small><br></div><div class="spacer battle-history"><br></div><div class="battle-history">Buizel fainted!<br></div><div class="spacer battle-history"><br></div><div class="battle-history">The opposing Ching Ming went back to MoneyGuy9559!<br></div><div class="battle-history">MoneyGuy9559 sent out Mulan (<strong>Mienfoo</strong>)!<br></div><div class="battle-history"><small>Pointed stones dug into the opposing Mulan!</small><br></div><div class="spacer battle-history"><br></div><div class="battle-history"><small>The sunlight faded.</small><br></div><div class="spacer battle-history"><br></div><div class="battle-history">Go! <strong>Mienfoo</strong>!<br></div><div class="battle-history"><small>Pointed stones dug into Mienfoo!</small><br></div><div class="spacer battle-history"><br></div><h2 class="battle-history">Turn 33</h2><div class="spacer battle-history"><br></div><div class="battle-history">Mienfoo used <strong>Knock Off</strong>!<br></div><div class="battle-history"><small>It's not very effective...</small><br></div><div class="battle-history"><small>(The opposing Mulan lost <abbr title="−3/21">14.3%</abbr> of its health!)</small><br></div><div class="battle-history"><small>Mienfoo knocked off the opposing Mulan's Eviolite!</small><br></div><div class="spacer battle-history"><br></div><div class="battle-history">The opposing Mulan used <strong>Knock Off</strong>!<br></div><div class="battle-history"><small>It's not very effective...</small><br></div><div class="battle-history"><small>(Mienfoo lost <abbr title="−5/21">23.8%</abbr> of its health!)</small><br></div><div class="battle-history"><small>The opposing Mulan knocked off Mienfoo's Choice Scarf!</small><br></div><div class="spacer battle-history"><br></div><h2 class="battle-history">Turn 34</h2><div class="spacer battle-history"><br></div><div class="battle-history">Mienfoo used <strong>High Jump Kick</strong>!<br></div><div class="battle-history"><small>(The opposing Mulan lost <abbr title="−17/21">81.0%</abbr> of its health!)</small><br></div><div class="spacer battle-history"><br></div><div class="battle-history">The opposing Mulan fainted!<br></div><div class="spacer battle-history"><br></div><div class="battle-history">MoneyGuy9559 sent out Village Crusher Jr (<strong>Teddiursa</strong>)!<br></div><div class="battle-history"><small>Pointed stones dug into the opposing Village Crusher Jr!</small><br></div><div class="spacer battle-history"><br></div><h2 class="battle-history">Turn 35</h2><div class="spacer battle-history"><br></div><div class="battle-history">The opposing Village Crusher Jr used <strong>Facade</strong>!<br></div><div class="battle-history"><small>A critical hit!</small><br></div><div class="battle-history"><small>(Mienfoo lost <abbr title="−15/21">71.4%</abbr> of its health!)</small><br></div><div class="spacer battle-history"><br></div><div class="battle-history">Mienfoo fainted!<br></div><div class="spacer battle-history"><br></div><div class="battle-history"><small>The opposing Village Crusher Jr was hurt by poison!</small><br></div><div class="chat chatmessage-panther2"><strong style="color:hsl(186,73%,43.283386504251%)"><small>★</small><span class="username" data-name="panther2">panther2</span>:</strong> <em>gg man</em></div><div class="spacer battle-history"><br></div><div class="battle-history">Go! <strong>Rufflet</strong>!<br></div><div class="battle-history"><small>Pointed stones dug into Rufflet!</small><br></div><div class="spacer battle-history"><br></div><h2 class="battle-history">Turn 36</h2><div class="chat chatmessage-moneyguy9559"><strong style="color:hsl(82,67%,38.218438295364074%)"><small>★</small><span class="username" data-name="MoneyGuy9559">MoneyGuy9559</span>:</strong> <em>gg</em></div><div class="chat chatmessage-moneyguy9559"><strong style="color:hsl(82,67%,38.218438295364074%)"><small>★</small><span class="username" data-name="MoneyGuy9559">MoneyGuy9559</span>:</strong> <em>The mon that has carried my whole team is here to finish off the finals</em></div><div class="spacer battle-history"><br></div><div class="battle-history">The opposing Village Crusher Jr used <strong>Facade</strong>!<br></div><div class="battle-history"><small>(Rufflet lost <abbr title="−3/25">12%</abbr> of its health!)</small><br></div><div class="spacer battle-history"><br></div><div class="battle-history">Rufflet fainted!<br></div><div class="spacer battle-history"><br></div><div class="battle-history"><strong>MoneyGuy9559</strong> won the battle!<br></div><div class="chat"><small>CloudNimbus left.</small></div><div class="chat chatmessage-panther2"><strong style="color:hsl(186,73%,43.283386504251%)"><small>★</small><span class="username" data-name="panther2">panther2</span>:</strong> <em>congrats on winning the tournament bro</em></div><div class="chat chatmessage-moneyguy9559"><strong style="color:hsl(82,67%,38.218438295364074%)"><small>★</small><span class="username" data-name="MoneyGuy9559">MoneyGuy9559</span>:</strong> <em>Thank you it was a fun time playing lc</em></div><div class="chat chatmessage-thepolishelf"><strong style="color:hsl(13,70%,48%)"><small> </small><span class="username" data-name="ThePolishElf">ThePolishElf</span>:</strong> <em>good job Miguel now join sausage party</em></div><div class="chat chatmessage-moneyguy9559"><strong style="color:hsl(82,67%,38.218438295364074%)"><small>★</small><span class="username" data-name="MoneyGuy9559">MoneyGuy9559</span>:</strong> <em>lol</em></div><div class="chat"><small>H is here left.</small></div><div class="chat"><small>ThePolishElf left.</small></div><div class="chat"><small>panther2 left.</small></div><div class="chat"><small>MoneyGuy9559 left.</small></div></div><div class="inner-preempt"></div></div></div>
</div>
<script>
let daily = Math.floor(Date.now()/1000/60/60/24);document.write('<script src="https://play.pokemonshowdown.com/js/replay-embed.js?version'+daily+'"></'+'script>');
</script>
