<!DOCTYPE html>
<meta charset="utf-8" />
<!-- version 1 -->
<title>LC replay: Snowifrit vs. bello_nick9</title>
<style>
html,body {font-family:Verdana, sans-serif;font-size:10pt;margin:0;padding:0;}body{padding:12px 0;} .battle-log {font-family:Verdana, sans-serif;font-size:10pt;} .battle-log-inline {border:1px solid #AAAAAA;background:#EEF2F5;color:black;max-width:640px;margin:0 auto 80px;padding-bottom:5px;} .battle-log .inner {padding:4px 8px 0px 8px;} .battle-log .inner-preempt {padding:0 8px 4px 8px;} .battle-log .inner-after {margin-top:0.5em;} .battle-log h2 {margin:0.5em -8px;padding:4px 8px;border:1px solid #AAAAAA;background:#E0E7EA;border-left:0;border-right:0;font-family:Verdana, sans-serif;font-size:13pt;} .battle-log .chat {vertical-align:middle;padding:3px 0 3px 0;font-size:8pt;} .battle-log .chat strong {color:#40576A;} .battle-log .chat em {padding:1px 4px 1px 3px;color:#000000;font-style:normal;} .chat.mine {background:rgba(0,0,0,0.05);margin-left:-8px;margin-right:-8px;padding-left:8px;padding-right:8px;} .spoiler {color:#BBBBBB;background:#BBBBBB;padding:0px 3px;} .spoiler:hover, .spoiler:active, .spoiler-shown {color:#000000;background:#E2E2E2;padding:0px 3px;} .spoiler a {color:#BBBBBB;} .spoiler:hover a, .spoiler:active a, .spoiler-shown a {color:#2288CC;} .chat code, .chat .spoiler:hover code, .chat .spoiler:active code, .chat .spoiler-shown code {border:1px solid #C0C0C0;background:#EEEEEE;color:black;padding:0 2px;} .chat .spoiler code {border:1px solid #CCCCCC;background:#CCCCCC;color:#CCCCCC;} .battle-log .rated {padding:3px 4px;} .battle-log .rated strong {color:white;background:#89A;padding:1px 4px;border-radius:4px;} .spacer {margin-top:0.5em;} .message-announce {background:#6688AA;color:white;padding:1px 4px 2px;} .message-announce a, .broadcast-green a, .broadcast-blue a, .broadcast-red a {color:#DDEEFF;} .broadcast-green {background-color:#559955;color:white;padding:2px 4px;} .broadcast-blue {background-color:#6688AA;color:white;padding:2px 4px;} .infobox {border:1px solid #6688AA;padding:2px 4px;} .infobox-limited {max-height:200px;overflow:auto;overflow-x:hidden;} .broadcast-red {background-color:#AA5544;color:white;padding:2px 4px;} .message-learn-canlearn {font-weight:bold;color:#228822;text-decoration:underline;} .message-learn-cannotlearn {font-weight:bold;color:#CC2222;text-decoration:underline;} .message-effect-weak {font-weight:bold;color:#CC2222;} .message-effect-resist {font-weight:bold;color:#6688AA;} .message-effect-immune {font-weight:bold;color:#666666;} .message-learn-list {margin-top:0;margin-bottom:0;} .message-throttle-notice, .message-error {color:#992222;} .message-overflow, .chat small.message-overflow {font-size:0pt;} .message-overflow::before {font-size:9pt;content:'...';} .subtle {color:#3A4A66;}
</style>
<div class="wrapper replay-wrapper" style="max-width:1180px;margin:0 auto">
<input type="hidden" name="replayid" value="lc-482179579" />
<div class="battle"></div><div class="battle-log"></div><div class="replay-controls"></div><div class="replay-controls-2"></div>
<h1 style="font-weight:normal;text-align:center"><strong>LC</strong><br /><a href="http://pokemonshowdown.com/users/snowifrit" class="subtle" target="_blank">Snowifrit</a> vs. <a href="http://pokemonshowdown.com/users/bellonick9" class="subtle" target="_blank">bello_nick9</a></h1>
<script type="text/plain" class="battle-log-data">|j|Snowifrit
|j|bello_nick9
|player|p1|Snowifrit|128
|player|p2|bello_nick9|33
|gametype|singles
|gen|6
|tier|LC
|rated
|seed|50316,40640,7462,23743
|clearpoke
|poke|p1|Shellder, L5, M, shiny|item
|poke|p1|Fletchling, L5, F, shiny|
|poke|p1|Mienfoo, L5, F|item
|poke|p1|Snover, L5, M|item
|poke|p1|Honedge, L5, F, shiny|item
|poke|p1|Torchic, L5, F, shiny|item
|poke|p2|Diglett, L5, M|item
|poke|p2|Snover, L5, M|item
|poke|p2|Ponyta, L5, F|item
|poke|p2|Porygon, L5|item
|poke|p2|Abra, L5, M|item
|poke|p2|Paras, L5, M|item
|rule|Sleep Clause Mod: Limit one foe put to sleep
|rule|Species Clause: Limit one of each Pokémon
|rule|OHKO Clause: OHKO moves are banned
|rule|Moody Clause: Moody is banned
|rule|Evasion Moves Clause: Evasion moves are banned
|rule|Endless Battle Clause: Forcing endless battles is banned
|rule|HP Percentage Mod: HP is shown in percentages
|teampreview
|choice|team 6, team 2, team 3, team 4, team 5, team 1|team 1, team 2, team 3, team 4, team 5, team 6
|
|start
|switch|p1a: Torchic|Torchic, L5, F, shiny|24\/24
|switch|p2a: Diglett|Diglett, L5, M|17\/17
|turn|1
|choice|move protect|move stealthrock
|
|move|p1a: Torchic|Protect|p1a: Torchic
|-singleturn|p1a: Torchic|Protect
|move|p2a: Diglett|Stealth Rock|p1a: Torchic
|-sidestart|p1: Snowifrit|move: Stealth Rock
|
|-ability|p1a: Torchic|Speed Boost|boost
|-boost|p1a: Torchic|spe|1
|turn|2
|choice|move substitute|move earthquake
|
|move|p2a: Diglett|Earthquake|p1a: Torchic
|-supereffective|p1a: Torchic
|-damage|p1a: Torchic|0 fnt
|faint|p1a: Torchic
|
|choice|switch 4|
|
|switch|p1a: Snover|Snover, L5, M|22\/22
|-damage|p1a: Snover|17\/22|[from] Stealth Rock
|-weather|Hail|[from] ability: Snow Warning|[of] p1a: Snover
|turn|3
|choice|move blizzard|move earthquake
|
|move|p1a: Snover|Blizzard|p2a: Diglett
|-supereffective|p2a: Diglett
|-enditem|p2a: Diglett|Focus Sash
|-damage|p2a: Diglett|1\/17
|move|p2a: Diglett|Earthquake|p1a: Snover
|-resisted|p1a: Snover
|-damage|p1a: Snover|9\/22
|
|-weather|Hail|[upkeep]
|-damage|p2a: Diglett|0 fnt|[from] hail
|faint|p2a: Diglett
|choice||switch 3
|
|switch|p2a: Ponyta|Ponyta, L5, F|21\/21
|turn|4
|choice|move blizzard|move agility
|
|move|p1a: Snover|Blizzard|p2a: Ponyta
|-resisted|p2a: Ponyta
|-damage|p2a: Ponyta|17\/21
|-status|p2a: Ponyta|frz
|cant|p2a: Ponyta|frz
|
|-weather|Hail|[upkeep]
|-damage|p2a: Ponyta|16\/21 frz|[from] hail
|turn|5
|choice|move blizzard|move flareblitz
|
|move|p1a: Snover|Blizzard|p2a: Ponyta
|-resisted|p2a: Ponyta
|-damage|p2a: Ponyta|11\/21 frz
|-curestatus|p2a: Ponyta|frz|[from] move: Flare Blitz
|move|p2a: Ponyta|Flare Blitz|p1a: Snover
|-supereffective|p1a: Snover
|-crit|p1a: Snover
|-damage|p1a: Snover|0 fnt
|-damage|p2a: Ponyta|8\/21|[from] recoil|[of] p1a: Snover
|faint|p1a: Snover
|
|-weather|Hail|[upkeep]
|-damage|p2a: Ponyta|7\/21|[from] hail
|choice|switch 6|
|
|switch|p1a: Shellder|Shellder, L5, M, shiny|20\/20
|-damage|p1a: Shellder|18\/20|[from] Stealth Rock
|turn|6
|choice|move shellsmash|move wildcharge
|
|move|p2a: Ponyta|Wild Charge|p1a: Shellder
|-supereffective|p1a: Shellder
|-damage|p1a: Shellder|0 fnt
|-damage|p2a: Ponyta|2\/21|[from] recoil|[of] p1a: Shellder
|faint|p1a: Shellder
|
|-weather|Hail|[upkeep]
|-damage|p2a: Ponyta|1\/21|[from] hail
|choice|switch 2|
|
|switch|p1a: Fletchling|Fletchling, L5, F, shiny|21\/21
|-damage|p1a: Fletchling|16\/21|[from] Stealth Rock
|turn|7
|choice|move acrobatics|move wildcharge
|
|move|p1a: Fletchling|Acrobatics|p2a: Ponyta
|-damage|p2a: Ponyta|0 fnt
|faint|p2a: Ponyta
|
|-weather|none
|choice||switch 2
|
|switch|p2a: Snover|Snover, L5, M|23\/23
|-weather|Hail|[from] ability: Snow Warning|[of] p2a: Snover
|turn|8
|choice|move acrobatics|move blizzard
|
|move|p1a: Fletchling|Acrobatics|p2a: Snover
|-supereffective|p2a: Snover
|-damage|p2a: Snover|0 fnt
|faint|p2a: Snover
|
|-weather|Hail|[upkeep]
|-damage|p1a: Fletchling|15\/21|[from] hail
|choice||switch 4
|
|switch|p2a: Porygon|Porygon, L5|26\/26
|-ability|p2a: Porygon|Download|boost
|-boost|p2a: Porygon|spa|1
|turn|9
|choice|switch 5|move icebeam
|
|switch|p1a: Honedge|Honedge, L5, F, shiny|22\/22
|-damage|p1a: Honedge|21\/22|[from] Stealth Rock
|move|p2a: Porygon|Ice Beam|p1a: Honedge
|-resisted|p1a: Honedge
|-damage|p1a: Honedge|17\/22
|
|-weather|Hail|[upkeep]
|-damage|p1a: Honedge|16\/22|[from] hail
|-damage|p2a: Porygon|25\/26|[from] hail
|turn|10
|choice|move swordsdance|switch 6
|
|switch|p2a: Paras|Paras, L5, M|21\/21
|move|p1a: Honedge|Swords Dance|p1a: Honedge
|-boost|p1a: Honedge|atk|2
|
|-weather|Hail|[upkeep]
|-damage|p2a: Paras|20\/21|[from] hail
|-damage|p1a: Honedge|15\/22|[from] hail
|turn|11
|choice|move ironhead|move spore
|
|move|p2a: Paras|Spore|p1a: Honedge
|-status|p1a: Honedge|slp
|cant|p1a: Honedge|slp
|
|-weather|Hail|[upkeep]
|-damage|p2a: Paras|19\/21|[from] hail
|-damage|p1a: Honedge|14\/22 slp|[from] hail
|turn|12
|choice|switch 3|move knockoff
|
|switch|p1a: Mienfoo|Mienfoo, L5, F|21\/21
|-damage|p1a: Mienfoo|20\/21|[from] Stealth Rock
|move|p2a: Paras|Knock Off|p1a: Mienfoo
|-resisted|p1a: Mienfoo
|-damage|p1a: Mienfoo|15\/21
|-enditem|p1a: Mienfoo|Focus Sash|[from] move: Knock Off|[of] p2a: Paras
|
|-weather|none
|turn|13
|choice|move drainpunch|move bulletseed
|
|move|p1a: Mienfoo|Drain Punch|p2a: Paras
|-resisted|p2a: Paras
|-damage|p2a: Paras|16\/21
|-heal|p1a: Mienfoo|17\/21|[from] drain|[of] p2a: Paras
|move|p2a: Paras|Bullet Seed|p1a: Mienfoo
|-damage|p1a: Mienfoo|13\/21
|-crit|p1a: Mienfoo
|-damage|p1a: Mienfoo|6\/21
|-damage|p1a: Mienfoo|2\/21
|-damage|p1a: Mienfoo|0 fnt
|-hitcount|p1a: Mienfoo|4
|faint|p1a: Mienfoo
|
|choice|switch 5|
|
|switch|p1a: Fletchling|Fletchling, L5, F, shiny|15\/21
|-damage|p1a: Fletchling|10\/21|[from] Stealth Rock
|turn|14
|j|ruben_06
|choice|move acrobatics|move bulletseed
|
|move|p1a: Fletchling|Acrobatics|p2a: Paras
|-supereffective|p2a: Paras
|-damage|p2a: Paras|0 fnt
|faint|p2a: Paras
|
|choice||switch 6
|
|switch|p2a: Porygon|Porygon, L5|25\/26
|-ability|p2a: Porygon|Download|boost
|-boost|p2a: Porygon|spa|1
|turn|15
|choice|move acrobatics|move icebeam
|
|move|p1a: Fletchling|Acrobatics|p2a: Porygon
|-crit|p2a: Porygon
|-damage|p2a: Porygon|12\/26
|move|p2a: Porygon|Ice Beam|p1a: Fletchling
|-supereffective|p1a: Fletchling
|-damage|p1a: Fletchling|0 fnt
|faint|p1a: Fletchling
|
|choice|switch 3|
|
|switch|p1a: Honedge|Honedge, L5, F, shiny|14\/22 slp
|-damage|p1a: Honedge|13\/22 slp|[from] Stealth Rock
|turn|16
|choice|move swordsdance|switch 5
|
|switch|p2a: Abra|Abra, L5, M|19\/19
|-curestatus|p1a: Honedge|slp|[msg]
|move|p1a: Honedge|Swords Dance|p1a: Honedge
|-boost|p1a: Honedge|atk|2
|
|turn|17
|choice|move shadowsneak|move knockoff
|
|move|p1a: Honedge|Shadow Sneak|p2a: Abra
|-supereffective|p2a: Abra
|-enditem|p2a: Abra|Focus Sash
|-damage|p2a: Abra|1\/19
|move|p2a: Abra|Knock Off|p1a: Honedge
|-supereffective|p1a: Honedge
|-damage|p1a: Honedge|7\/22
|-enditem|p1a: Honedge|Eviolite|[from] move: Knock Off|[of] p2a: Abra
|
|turn|18
|choice|move shadowsneak|move knockoff
|
|move|p1a: Honedge|Shadow Sneak|p2a: Abra
|-supereffective|p2a: Abra
|-damage|p2a: Abra|0 fnt
|faint|p2a: Abra
|
|choice||switch 5
|
|switch|p2a: Porygon|Porygon, L5|12\/26
|-ability|p2a: Porygon|Download|boost
|-boost|p2a: Porygon|spa|1
|turn|19
|choice|move sacredsword|move icebeam
|
|move|p2a: Porygon|Ice Beam|p1a: Honedge
|-resisted|p1a: Honedge
|-damage|p1a: Honedge|1\/22
|-status|p1a: Honedge|frz
|cant|p1a: Honedge|frz
|
|turn|20
|-message|Snowifrit forfeited.
|
|win|bello_nick9
|player|p1
|player|p2
|c| ruben_06|gg
|l|Snowifrit
|c|★bello_nick9|gg</script>
</div>
<div class="battle-log battle-log-inline"><div class="inner"><div class="battle-options"></div><div class="inner"><div class="chat"><small>Snowifrit joined.</small></div><div class="chat"><small>bello_nick9 joined.</small></div><div class=""><small>Format:</small> <br><strong>LC</strong></div><div class="rated"><strong>Rated battle</strong></div><div class=""><small><em>Sleep Clause Mod:</em> Limit one foe put to sleep</small></div><div class=""><small><em>Species Clause:</em> Limit one of each Pokémon</small></div><div class=""><small><em>OHKO Clause:</em> OHKO moves are banned</small></div><div class=""><small><em>Moody Clause:</em> Moody is banned</small></div><div class=""><small><em>Evasion Moves Clause:</em> Evasion moves are banned</small></div><div class=""><small><em>Endless Battle Clause:</em> Forcing endless battles is banned</small></div><div class=""><small><em>HP Percentage Mod:</em> HP is shown in percentages</small></div><div class="chat battle-history"><strong>Snowifrit's team:</strong> <em style="color:#445566;display:block;">Shellder / Fletchling / Mienfoo / Snover / Honedge / Torchic</em></div><div class="chat battle-history"><strong>bello_nick9's team:</strong> <em style="color:#445566;display:block;">Diglett / Snover / Ponyta / Porygon / Abra / Paras</em></div><div class="spacer battle-history"><br></div><div class="battle-history">Battle started between Snowifrit and bello_nick9!<br></div><div class="spacer battle-history"><br></div><div class="battle-history">Go! <strong>Torchic</strong>!<br></div><div class="spacer battle-history"><br></div><div class="battle-history">bello_nick9 sent out <strong>Diglett</strong>!<br></div><div class="spacer battle-history"><br></div><h2 class="battle-history">Turn 1</h2><div class="spacer battle-history"><br></div><div class="battle-history">Torchic used <strong>Protect</strong>!<br></div><div class="battle-history"><small>Torchic protected itself!</small><br></div><div class="spacer battle-history"><br></div><div class="battle-history">The opposing Diglett used <strong>Stealth Rock</strong>!<br></div><div class="battle-history"><small>Pointed stones float in the air around your team!</small><br></div><div class="spacer battle-history"><br></div><div class="battle-history"><small>[Torchic's Speed Boost]</small><br></div><div class="battle-history"><small>Torchic's Speed rose!</small><br></div><div class="spacer battle-history"><br></div><h2 class="battle-history">Turn 2</h2><div class="spacer battle-history"><br></div><div class="battle-history">The opposing Diglett used <strong>Earthquake</strong>!<br></div><div class="battle-history"><small>It's super effective!</small><br></div><div class="battle-history"><small>(Torchic lost <abbr title="−24/24">100%</abbr> of its health!)</small><br></div><div class="spacer battle-history"><br></div><div class="battle-history">Torchic fainted!<br></div><div class="spacer battle-history"><br></div><div class="battle-history">Go! <strong>Snover</strong>!<br></div><div class="battle-history"><small>Pointed stones dug into Snover!</small><br></div><div class="battle-history"><small>[Snover's Snow Warning]</small><br><small>It started to hail!</small><br></div><div class="spacer battle-history"><br></div><h2 class="battle-history">Turn 3</h2><div class="spacer battle-history"><br></div><div class="battle-history">Snover used <strong>Blizzard</strong>!<br></div><div class="battle-history"><small>It's super effective!</small><br></div><div class="battle-history"><small>The opposing Diglett hung on using its Focus Sash!</small><br></div><div class="battle-history"><small>(The opposing Diglett lost <abbr title="−16/17">94.1%</abbr> of its health!)</small><br></div><div class="spacer battle-history"><br></div><div class="battle-history">The opposing Diglett used <strong>Earthquake</strong>!<br></div><div class="battle-history"><small>It's not very effective...</small><br></div><div class="battle-history"><small>(Snover lost <abbr title="−8/22">36.4%</abbr> of its health!)</small><br></div><div class="spacer battle-history"><br></div><div class="battle-history"><small>The hail is crashing down.</small><br></div><div class="battle-history"><small>The opposing Diglett is buffeted by the hail!</small><br></div><div class="spacer battle-history"><br></div><div class="battle-history">The opposing Diglett fainted!<br></div><div class="spacer battle-history"><br></div><div class="battle-history">bello_nick9 sent out <strong>Ponyta</strong>!<br></div><div class="spacer battle-history"><br></div><h2 class="battle-history">Turn 4</h2><div class="spacer battle-history"><br></div><div class="battle-history">Snover used <strong>Blizzard</strong>!<br></div><div class="battle-history"><small>It's not very effective...</small><br></div><div class="battle-history"><small>(The opposing Ponyta lost <abbr title="−4/21">19.0%</abbr> of its health!)</small><br></div><div class="battle-history"><small>The opposing Ponyta was frozen solid!</small><br></div><div class="spacer battle-history"><br></div><div class="battle-history">The opposing Ponyta is frozen solid!<br></div><div class="spacer battle-history"><br></div><div class="battle-history"><small>The hail is crashing down.</small><br></div><div class="battle-history"><small>The opposing Ponyta is buffeted by the hail!</small><br></div><div class="spacer battle-history"><br></div><h2 class="battle-history">Turn 5</h2><div class="spacer battle-history"><br></div><div class="battle-history">Snover used <strong>Blizzard</strong>!<br></div><div class="battle-history"><small>It's not very effective...</small><br></div><div class="battle-history"><small>(The opposing Ponyta lost <abbr title="−5/21">23.8%</abbr> of its health!)</small><br></div><div class="battle-history"><small>The opposing Ponyta's Flare Blitz melted the ice!</small><br></div><div class="spacer battle-history"><br></div><div class="battle-history">The opposing Ponyta used <strong>Flare Blitz</strong>!<br></div><div class="battle-history"><small>It's super effective!</small><br></div><div class="battle-history"><small>A critical hit!</small><br></div><div class="battle-history"><small>(Snover lost <abbr title="−9/22">40.9%</abbr> of its health!)</small><br></div><div class="battle-history"><small>The opposing Ponyta is damaged by the recoil!</small><br></div><div class="spacer battle-history"><br></div><div class="battle-history">Snover fainted!<br></div><div class="spacer battle-history"><br></div><div class="battle-history"><small>The hail is crashing down.</small><br></div><div class="battle-history"><small>The opposing Ponyta is buffeted by the hail!</small><br></div><div class="spacer battle-history"><br></div><div class="battle-history">Go! <strong>Shellder</strong>!<br></div><div class="battle-history"><small>Pointed stones dug into Shellder!</small><br></div><div class="spacer battle-history"><br></div><h2 class="battle-history">Turn 6</h2><div class="spacer battle-history"><br></div><div class="battle-history">The opposing Ponyta used <strong>Wild Charge</strong>!<br></div><div class="battle-history"><small>It's super effective!</small><br></div><div class="battle-history"><small>(Shellder lost <abbr title="−18/20">90%</abbr> of its health!)</small><br></div><div class="battle-history"><small>The opposing Ponyta is damaged by the recoil!</small><br></div><div class="spacer battle-history"><br></div><div class="battle-history">Shellder fainted!<br></div><div class="spacer battle-history"><br></div><div class="battle-history"><small>The hail is crashing down.</small><br></div><div class="battle-history"><small>The opposing Ponyta is buffeted by the hail!</small><br></div><div class="spacer battle-history"><br></div><div class="battle-history">Go! <strong>Fletchling</strong>!<br></div><div class="battle-history"><small>Pointed stones dug into Fletchling!</small><br></div><div class="spacer battle-history"><br></div><h2 class="battle-history">Turn 7</h2><div class="spacer battle-history"><br></div><div class="battle-history">Fletchling used <strong>Acrobatics</strong>!<br></div><div class="battle-history"><small>(The opposing Ponyta lost <abbr title="−1/21">4.8%</abbr> of its health!)</small><br></div><div class="spacer battle-history"><br></div><div class="battle-history">The opposing Ponyta fainted!<br></div><div class="spacer battle-history"><br></div><div class="battle-history"><small>The hail stopped.</small><br></div><div class="spacer battle-history"><br></div><div class="battle-history">bello_nick9 sent out <strong>Snover</strong>!<br></div><div class="battle-history"><small>[The opposing Snover's Snow Warning]</small><br><small>It started to hail!</small><br></div><div class="spacer battle-history"><br></div><h2 class="battle-history">Turn 8</h2><div class="spacer battle-history"><br></div><div class="battle-history">Fletchling used <strong>Acrobatics</strong>!<br></div><div class="battle-history"><small>It's super effective!</small><br></div><div class="battle-history"><small>(The opposing Snover lost <abbr title="−23/23">100%</abbr> of its health!)</small><br></div><div class="spacer battle-history"><br></div><div class="battle-history">The opposing Snover fainted!<br></div><div class="spacer battle-history"><br></div><div class="battle-history"><small>The hail is crashing down.</small><br></div><div class="battle-history"><small>Fletchling is buffeted by the hail!</small><br></div><div class="spacer battle-history"><br></div><div class="battle-history">bello_nick9 sent out <strong>Porygon</strong>!<br></div><div class="battle-history"><small>[The opposing Porygon's Download]</small><br></div><div class="battle-history"><small>The opposing Porygon's Special Attack rose!</small><br></div><div class="spacer battle-history"><br></div><h2 class="battle-history">Turn 9</h2><div class="spacer battle-history"><br></div><div class="battle-history">Fletchling, come back!<br></div><div class="battle-history">Go! <strong>Honedge</strong>!<br></div><div class="battle-history"><small>Pointed stones dug into Honedge!</small><br></div><div class="spacer battle-history"><br></div><div class="battle-history">The opposing Porygon used <strong>Ice Beam</strong>!<br></div><div class="battle-history"><small>It's not very effective...</small><br></div><div class="battle-history"><small>(Honedge lost <abbr title="−4/22">18.2%</abbr> of its health!)</small><br></div><div class="spacer battle-history"><br></div><div class="battle-history"><small>The hail is crashing down.</small><br></div><div class="battle-history"><small>Honedge is buffeted by the hail!</small><br></div><div class="battle-history"><small>The opposing Porygon is buffeted by the hail!</small><br></div><div class="spacer battle-history"><br></div><h2 class="battle-history">Turn 10</h2><div class="spacer battle-history"><br></div><div class="battle-history">bello_nick9 withdrew Porygon!<br></div><div class="battle-history">bello_nick9 sent out <strong>Paras</strong>!<br></div><div class="spacer battle-history"><br></div><div class="battle-history">Honedge used <strong>Swords Dance</strong>!<br></div><div class="battle-history"><small>Honedge's Attack rose sharply!</small><br></div><div class="spacer battle-history"><br></div><div class="battle-history"><small>The hail is crashing down.</small><br></div><div class="battle-history"><small>The opposing Paras is buffeted by the hail!</small><br></div><div class="battle-history"><small>Honedge is buffeted by the hail!</small><br></div><div class="spacer battle-history"><br></div><h2 class="battle-history">Turn 11</h2><div class="spacer battle-history"><br></div><div class="battle-history">The opposing Paras used <strong>Spore</strong>!<br></div><div class="battle-history"><small>Honedge fell asleep!</small><br></div><div class="spacer battle-history"><br></div><div class="battle-history">Honedge is fast asleep.<br></div><div class="spacer battle-history"><br></div><div class="battle-history"><small>The hail is crashing down.</small><br></div><div class="battle-history"><small>The opposing Paras is buffeted by the hail!</small><br></div><div class="battle-history"><small>Honedge is buffeted by the hail!</small><br></div><div class="spacer battle-history"><br></div><h2 class="battle-history">Turn 12</h2><div class="spacer battle-history"><br></div><div class="battle-history">Honedge, come back!<br></div><div class="battle-history">Go! <strong>Mienfoo</strong>!<br></div><div class="battle-history"><small>Pointed stones dug into Mienfoo!</small><br></div><div class="spacer battle-history"><br></div><div class="battle-history">The opposing Paras used <strong>Knock Off</strong>!<br></div><div class="battle-history"><small>It's not very effective...</small><br></div><div class="battle-history"><small>(Mienfoo lost <abbr title="−5/21">23.8%</abbr> of its health!)</small><br></div><div class="battle-history"><small>The opposing Paras knocked off Mienfoo's Focus Sash!</small><br></div><div class="spacer battle-history"><br></div><div class="battle-history"><small>The hail stopped.</small><br></div><div class="spacer battle-history"><br></div><h2 class="battle-history">Turn 13</h2><div class="spacer battle-history"><br></div><div class="battle-history">Mienfoo used <strong>Drain Punch</strong>!<br></div><div class="battle-history"><small>It's not very effective...</small><br></div><div class="battle-history"><small>(The opposing Paras lost <abbr title="−3/21">14.3%</abbr> of its health!)</small><br></div><div class="battle-history"><small>The opposing Paras had its energy drained!</small><br></div><div class="spacer battle-history"><br></div><div class="battle-history">The opposing Paras used <strong>Bullet Seed</strong>!<br></div><div class="battle-history"><small>(Mienfoo lost <abbr title="−4/21">19.0%</abbr> of its health!)</small><br></div><div class="battle-history"><small>A critical hit!</small><br></div><div class="battle-history"><small>(Mienfoo lost <abbr title="−7/21">33.3%</abbr> of its health!)</small><br></div><div class="battle-history"><small>(Mienfoo lost <abbr title="−4/21">19.0%</abbr> of its health!)</small><br></div><div class="battle-history"><small>(Mienfoo lost <abbr title="−2/21">9.5%</abbr> of its health!)</small><br></div><div class="battle-history"><small>Hit 4 times!</small><br></div><div class="spacer battle-history"><br></div><div class="battle-history">Mienfoo fainted!<br></div><div class="spacer battle-history"><br></div><div class="battle-history">Go! <strong>Fletchling</strong>!<br></div><div class="battle-history"><small>Pointed stones dug into Fletchling!</small><br></div><div class="spacer battle-history"><br></div><h2 class="battle-history">Turn 14</h2><div class="chat"><small>ruben_06 joined.</small></div><div class="spacer battle-history"><br></div><div class="battle-history">Fletchling used <strong>Acrobatics</strong>!<br></div><div class="battle-history"><small>It's super effective!</small><br></div><div class="battle-history"><small>(The opposing Paras lost <abbr title="−16/21">76.2%</abbr> of its health!)</small><br></div><div class="spacer battle-history"><br></div><div class="battle-history">The opposing Paras fainted!<br></div><div class="spacer battle-history"><br></div><div class="battle-history">bello_nick9 sent out <strong>Porygon</strong>!<br></div><div class="battle-history"><small>[The opposing Porygon's Download]</small><br></div><div class="battle-history"><small>The opposing Porygon's Special Attack rose!</small><br></div><div class="spacer battle-history"><br></div><h2 class="battle-history">Turn 15</h2><div class="spacer battle-history"><br></div><div class="battle-history">Fletchling used <strong>Acrobatics</strong>!<br></div><div class="battle-history"><small>A critical hit!</small><br></div><div class="battle-history"><small>(The opposing Porygon lost <abbr title="−13/26">50%</abbr> of its health!)</small><br></div><div class="spacer battle-history"><br></div><div class="battle-history">The opposing Porygon used <strong>Ice Beam</strong>!<br></div><div class="battle-history"><small>It's super effective!</small><br></div><div class="battle-history"><small>(Fletchling lost <abbr title="−10/21">47.6%</abbr> of its health!)</small><br></div><div class="spacer battle-history"><br></div><div class="battle-history">Fletchling fainted!<br></div><div class="spacer battle-history"><br></div><div class="battle-history">Go! <strong>Honedge</strong>!<br></div><div class="battle-history"><small>Pointed stones dug into Honedge!</small><br></div><div class="spacer battle-history"><br></div><h2 class="battle-history">Turn 16</h2><div class="spacer battle-history"><br></div><div class="battle-history">bello_nick9 withdrew Porygon!<br></div><div class="battle-history">bello_nick9 sent out <strong>Abra</strong>!<br></div><div class="battle-history"><small>Honedge woke up!</small><br></div><div class="spacer battle-history"><br></div><div class="battle-history">Honedge used <strong>Swords Dance</strong>!<br></div><div class="battle-history"><small>Honedge's Attack rose sharply!</small><br></div><div class="spacer battle-history"><br></div><h2 class="battle-history">Turn 17</h2><div class="spacer battle-history"><br></div><div class="battle-history">Honedge used <strong>Shadow Sneak</strong>!<br></div><div class="battle-history"><small>It's super effective!</small><br></div><div class="battle-history"><small>The opposing Abra hung on using its Focus Sash!</small><br></div><div class="battle-history"><small>(The opposing Abra lost <abbr title="−18/19">94.7%</abbr> of its health!)</small><br></div><div class="spacer battle-history"><br></div><div class="battle-history">The opposing Abra used <strong>Knock Off</strong>!<br></div><div class="battle-history"><small>It's super effective!</small><br></div><div class="battle-history"><small>(Honedge lost <abbr title="−6/22">27.3%</abbr> of its health!)</small><br></div><div class="battle-history"><small>The opposing Abra knocked off Honedge's Eviolite!</small><br></div><div class="spacer battle-history"><br></div><h2 class="battle-history">Turn 18</h2><div class="spacer battle-history"><br></div><div class="battle-history">Honedge used <strong>Shadow Sneak</strong>!<br></div><div class="battle-history"><small>It's super effective!</small><br></div><div class="battle-history"><small>(The opposing Abra lost <abbr title="−1/19">5.3%</abbr> of its health!)</small><br></div><div class="spacer battle-history"><br></div><div class="battle-history">The opposing Abra fainted!<br></div><div class="spacer battle-history"><br></div><div class="battle-history">bello_nick9 sent out <strong>Porygon</strong>!<br></div><div class="battle-history"><small>[The opposing Porygon's Download]</small><br></div><div class="battle-history"><small>The opposing Porygon's Special Attack rose!</small><br></div><div class="spacer battle-history"><br></div><h2 class="battle-history">Turn 19</h2><div class="spacer battle-history"><br></div><div class="battle-history">The opposing Porygon used <strong>Ice Beam</strong>!<br></div><div class="battle-history"><small>It's not very effective...</small><br></div><div class="battle-history"><small>(Honedge lost <abbr title="−6/22">27.3%</abbr> of its health!)</small><br></div><div class="battle-history"><small>Honedge was frozen solid!</small><br></div><div class="spacer battle-history"><br></div><div class="battle-history">Honedge is frozen solid!<br></div><div class="spacer battle-history"><br></div><h2 class="battle-history">Turn 20</h2><div class="spacer battle-history"><br></div><div class="battle-history"><small>Snowifrit forfeited.</small><br></div><div class="spacer battle-history"><br></div><div class="battle-history"><strong>bello_nick9</strong> won the battle!<br></div><div class="chat chatmessage-ruben06"><strong style="color:hsl(144,45%,44%)"><small> </small><span class="username" data-name="ruben_06">ruben_06</span>:</strong> <em>gg</em></div><div class="chat"><small>Snowifrit left.</small></div><div class="chat chatmessage-bellonick9"><strong style="color:hsl(29,55%,47%)"><small>★</small><span class="username" data-name="bello_nick9">bello_nick9</span>:</strong> <em>gg</em></div></div><div class="inner-preempt"></div></div></div>
</div>
<script>
let daily = Math.floor(Date.now()/1000/60/60/24);document.write('<script src="https://play.pokemonshowdown.com/js/replay-embed.js?version'+daily+'"></'+'script>');
</script>
