<!DOCTYPE html>
<meta charset="utf-8" />
<!-- version 1 -->
<title>LC replay: David bla vs. PichuODoGliscor</title>
<style>
html,body {font-family:Verdana, sans-serif;font-size:10pt;margin:0;padding:0;}body{padding:12px 0;} .battle-log {font-family:Verdana, sans-serif;font-size:10pt;} .battle-log-inline {border:1px solid #AAAAAA;background:#EEF2F5;color:black;max-width:640px;margin:0 auto 80px;padding-bottom:5px;} .battle-log .inner {padding:4px 8px 0px 8px;} .battle-log .inner-preempt {padding:0 8px 4px 8px;} .battle-log .inner-after {margin-top:0.5em;} .battle-log h2 {margin:0.5em -8px;padding:4px 8px;border:1px solid #AAAAAA;background:#E0E7EA;border-left:0;border-right:0;font-family:Verdana, sans-serif;font-size:13pt;} .battle-log .chat {vertical-align:middle;padding:3px 0 3px 0;font-size:8pt;} .battle-log .chat strong {color:#40576A;} .battle-log .chat em {padding:1px 4px 1px 3px;color:#000000;font-style:normal;} .chat.mine {background:rgba(0,0,0,0.05);margin-left:-8px;margin-right:-8px;padding-left:8px;padding-right:8px;} .spoiler {color:#BBBBBB;background:#BBBBBB;padding:0px 3px;} .spoiler:hover, .spoiler:active, .spoiler-shown {color:#000000;background:#E2E2E2;padding:0px 3px;} .spoiler a {color:#BBBBBB;} .spoiler:hover a, .spoiler:active a, .spoiler-shown a {color:#2288CC;} .chat code, .chat .spoiler:hover code, .chat .spoiler:active code, .chat .spoiler-shown code {border:1px solid #C0C0C0;background:#EEEEEE;color:black;padding:0 2px;} .chat .spoiler code {border:1px solid #CCCCCC;background:#CCCCCC;color:#CCCCCC;} .battle-log .rated {padding:3px 4px;} .battle-log .rated strong {color:white;background:#89A;padding:1px 4px;border-radius:4px;} .spacer {margin-top:0.5em;} .message-announce {background:#6688AA;color:white;padding:1px 4px 2px;} .message-announce a, .broadcast-green a, .broadcast-blue a, .broadcast-red a {color:#DDEEFF;} .broadcast-green {background-color:#559955;color:white;padding:2px 4px;} .broadcast-blue {background-color:#6688AA;color:white;padding:2px 4px;} .infobox {border:1px solid #6688AA;padding:2px 4px;} .infobox-limited {max-height:200px;overflow:auto;overflow-x:hidden;} .broadcast-red {background-color:#AA5544;color:white;padding:2px 4px;} .message-learn-canlearn {font-weight:bold;color:#228822;text-decoration:underline;} .message-learn-cannotlearn {font-weight:bold;color:#CC2222;text-decoration:underline;} .message-effect-weak {font-weight:bold;color:#CC2222;} .message-effect-resist {font-weight:bold;color:#6688AA;} .message-effect-immune {font-weight:bold;color:#666666;} .message-learn-list {margin-top:0;margin-bottom:0;} .message-throttle-notice, .message-error {color:#992222;} .message-overflow, .chat small.message-overflow {font-size:0pt;} .message-overflow::before {font-size:9pt;content:'...';} .subtle {color:#3A4A66;}
</style>
<div class="wrapper replay-wrapper" style="max-width:1180px;margin:0 auto">
<input type="hidden" name="replayid" value="lc-489476780" />
<div class="battle"></div><div class="battle-log"></div><div class="replay-controls"></div><div class="replay-controls-2"></div>
<h1 style="font-weight:normal;text-align:center"><strong>LC</strong><br /><a href="http://pokemonshowdown.com/users/davidbla" class="subtle" target="_blank">David bla</a> vs. <a href="http://pokemonshowdown.com/users/pichuodogliscor" class="subtle" target="_blank">PichuODoGliscor</a></h1>
<script type="text/plain" class="battle-log-data">|j|David bla
|j|PichuODoGliscor
|player|p1|David bla|169
|player|p2|PichuODoGliscor|1
|gametype|singles
|gen|6
|tier|LC
|seed|50201,25779,59067,13141
|clearpoke
|poke|p1|Blitzle, L5, F|item
|poke|p1|Abra, L5, M|item
|poke|p1|Bulbasaur, L5, M|item
|poke|p1|Amaura, L5, F|item
|poke|p1|Bagon, L5, M|item
|poke|p1|Charmander, L5, F|item
|poke|p2|Dwebble, L5, M|item
|poke|p2|Abra, L5, F|item
|poke|p2|Aipom, L5, M|item
|poke|p2|Larvitar, L5, M|item
|poke|p2|Honedge, L5, F|item
|poke|p2|Snivy, L5, F|item
|rule|Sleep Clause Mod: Limit one foe put to sleep
|rule|Species Clause: Limit one of each Pokémon
|rule|OHKO Clause: OHKO moves are banned
|rule|Moody Clause: Moody is banned
|rule|Evasion Moves Clause: Evasion moves are banned
|rule|Endless Battle Clause: Forcing endless battles is banned
|rule|HP Percentage Mod: HP is shown in percentages
|teampreview
|choice|team 3, team 2, team 1, team 4, team 5, team 6|team 1, team 2, team 3, team 4, team 5, team 6
|
|start
|switch|p1a: Bulbasaur|Bulbasaur, L5, M|21\/21
|switch|p2a: Dwebble|Dwebble, L5, M|22\/22
|turn|1
|j|BeralRed2103
|c| BeralRed2103|cheguei
|choice|move gigadrain|move shellsmash
|
|move|p2a: Dwebble|Shell Smash|p2a: Dwebble
|-unboost|p2a: Dwebble|def|1
|-unboost|p2a: Dwebble|spd|1
|-boost|p2a: Dwebble|atk|2
|-boost|p2a: Dwebble|spa|2
|-boost|p2a: Dwebble|spe|2
|-enditem|p2a: Dwebble|White Herb
|-clearnegativeboost|p2a: Dwebble|[silent]
|move|p1a: Bulbasaur|Giga Drain|p2a: Dwebble
|-damage|p2a: Dwebble|12\/22
|
|turn|2
|c| BeralRed2103|my nami is
|c| BeralRed2103|berry allan
|choice|move energyball|move xscissor
|
|move|p2a: Dwebble|X-Scissor|p1a: Bulbasaur
|-damage|p1a: Bulbasaur|6\/21
|move|p1a: Bulbasaur|Energy Ball|p2a: Dwebble
|-damage|p2a: Dwebble|0 fnt
|faint|p2a: Dwebble
|
|c| BeralRed2103|faliceu
|choice||switch 2
|
|switch|p2a: Abra|Abra, L5, F|19\/19
|turn|3
|choice|move gigadrain|move chargebeam
|
|move|p2a: Abra|Charge Beam|p1a: Bulbasaur
|-resisted|p1a: Bulbasaur
|-damage|p1a: Bulbasaur|4\/21
|-boost|p2a: Abra|spa|1
|move|p1a: Bulbasaur|Giga Drain|p2a: Abra
|-damage|p2a: Abra|6\/19
|-heal|p1a: Bulbasaur|11\/21|[from] drain|[of] p2a: Abra
|
|-heal|p2a: Abra|7\/19|[from] item: Leftovers
|turn|4
|j|Gustavoamaralvenon
|choice|move gigadrain|move energyball
|
|move|p2a: Abra|Energy Ball|p1a: Bulbasaur
|-resisted|p1a: Bulbasaur
|-damage|p1a: Bulbasaur|8\/21
|move|p1a: Bulbasaur|Giga Drain|p2a: Abra
|-damage|p2a: Abra|0 fnt
|-heal|p1a: Bulbasaur|12\/21|[from] drain|[of] p2a: Abra
|faint|p2a: Abra
|
|choice||switch 3
|
|switch|p2a: Aipom|Aipom, L5, M|22\/22
|turn|5
|choice|move gigadrain|move fakeout
|
|move|p2a: Aipom|Fake Out|p1a: Bulbasaur
|-damage|p1a: Bulbasaur|4\/21
|-damage|p2a: Aipom|20\/22|[from] item: Life Orb
|cant|p1a: Bulbasaur|flinch
|
|turn|6
|choice|move gigadrain|move lastresort
|
|move|p2a: Aipom|Last Resort|p1a: Bulbasaur
|-damage|p1a: Bulbasaur|0 fnt
|-damage|p2a: Aipom|18\/22|[from] item: Life Orb
|faint|p1a: Bulbasaur
|
|choice|switch 5|
|
|switch|p1a: Bagon|Bagon, L5, M|21\/21
|turn|7
|choice|move dracometeor|move fakeout
|
|move|p2a: Aipom|Fake Out|p1a: Bagon
|-fail|p2a: Aipom
|-hint|Fake Out only works on your first turn out.
|move|p1a: Bagon|Draco Meteor|p2a: Aipom
|-damage|p2a: Aipom|3\/22
|-unboost|p1a: Bagon|spa|2
|
|turn|8
|choice|move dracometeor|move lastresort
|
|move|p2a: Aipom|Last Resort|p1a: Bagon
|-damage|p1a: Bagon|0 fnt
|-damage|p2a: Aipom|1\/22|[from] item: Life Orb
|faint|p1a: Bagon
|
|choice|switch 4|
|
|switch|p1a: Amaura|Amaura, L5, F|25\/25
|turn|9
|c|★PichuODoGliscor|Miss click
|choice|move ancientpower|move lastresort
|
|move|p2a: Aipom|Last Resort|p1a: Amaura
|-resisted|p1a: Amaura
|-damage|p1a: Amaura|11\/25
|-damage|p2a: Aipom|0 fnt|[from] item: Life Orb
|faint|p2a: Aipom
|move|p1a: Amaura|Ancient Power|p2: Aipom|[notarget]
|-notarget
|
|choice||switch 5
|
|switch|p2a: Honedge|Honedge, L5, F|21\/21
|turn|10
|choice|move ancientpower|move swordsdance
|
|move|p1a: Amaura|Ancient Power|p2a: Honedge
|-resisted|p2a: Honedge
|-damage|p2a: Honedge|16\/21
|move|p2a: Honedge|Swords Dance|p2a: Honedge
|-boost|p2a: Honedge|atk|2
|
|-heal|p2a: Honedge|17\/21|[from] item: Leftovers
|turn|11
|choice|move ancientpower|move swordsdance
|
|move|p1a: Amaura|Ancient Power|p2a: Honedge
|-resisted|p2a: Honedge
|-damage|p2a: Honedge|12\/21
|move|p2a: Honedge|Swords Dance|p2a: Honedge
|-boost|p2a: Honedge|atk|2
|
|-heal|p2a: Honedge|13\/21|[from] item: Leftovers
|turn|12
|choice|move ancientpower|move ironhead
|
|move|p1a: Amaura|Ancient Power|p2a: Honedge
|-resisted|p2a: Honedge
|-damage|p2a: Honedge|9\/21
|move|p2a: Honedge|Iron Head|p1a: Amaura
|-supereffective|p1a: Amaura
|-damage|p1a: Amaura|0 fnt
|faint|p1a: Amaura
|
|-heal|p2a: Honedge|10\/21|[from] item: Leftovers
|choice|switch 6|
|
|switch|p1a: Charmander|Charmander, L5, F|21\/21
|turn|13
|choice|move flamethrower|move shadowsneak
|
|move|p2a: Honedge|Shadow Sneak|p1a: Charmander
|-enditem|p1a: Charmander|Focus Sash
|-damage|p1a: Charmander|1\/21
|move|p1a: Charmander|Flamethrower|p2a: Honedge
|-supereffective|p2a: Honedge
|-damage|p2a: Honedge|0 fnt
|faint|p2a: Honedge
|
|choice||switch 6
|
|switch|p2a: Snivy|Snivy, L5, F|21\/21
|turn|14
|choice|move flamethrower|move leafstorm
|
|move|p2a: Snivy|Leaf Storm|p1a: Charmander
|-resisted|p1a: Charmander
|-damage|p1a: Charmander|0 fnt
|-boost|p2a: Snivy|spa|2
|faint|p1a: Charmander
|
|choice|switch 2|
|
|switch|p1a: Abra|Abra, L5, M|19\/19
|turn|15
|c| BeralRed2103|gg?
|choice|move icepunch|move leafstorm
|
|move|p2a: Snivy|Leaf Storm|p1a: Abra
|-damage|p1a: Abra|0 fnt
|-boost|p2a: Snivy|spa|2
|faint|p1a: Abra
|
|c| BeralRed2103|gg
|choice|switch 3|
|
|switch|p1a: Blitzle|Blitzle, L5, F|21\/21
|turn|16
|c| BeralRed2103|pichu wins
|choice|move pursuit|move leafstorm
|
|move|p2a: Snivy|Leaf Storm|p1a: Blitzle
|-damage|p1a: Blitzle|0 fnt
|-boost|p2a: Snivy|spa|2
|faint|p1a: Blitzle
|
|win|PichuODoGliscor
|player|p1
|player|p2
|c| BeralRed2103|pichu vs tikarah na prox fase
|l|Gustavoamaralvenon
|l|BeralRed2103</script>
</div>
<div class="battle-log battle-log-inline"><div class="inner"><div class="battle-options"></div><div class="inner"><div class="chat"><small>David bla joined.</small></div><div class="chat"><small>PichuODoGliscor joined.</small></div><div class=""><small>Format:</small> <br><strong>LC</strong></div><div class=""><small><em>Sleep Clause Mod:</em> Limit one foe put to sleep</small></div><div class=""><small><em>Species Clause:</em> Limit one of each Pokémon</small></div><div class=""><small><em>OHKO Clause:</em> OHKO moves are banned</small></div><div class=""><small><em>Moody Clause:</em> Moody is banned</small></div><div class=""><small><em>Evasion Moves Clause:</em> Evasion moves are banned</small></div><div class=""><small><em>Endless Battle Clause:</em> Forcing endless battles is banned</small></div><div class=""><small><em>HP Percentage Mod:</em> HP is shown in percentages</small></div><div class="chat battle-history"><strong>David bla's team:</strong> <em style="color:#445566;display:block;">Blitzle / Abra / Bulbasaur / Amaura / Bagon / Charmander</em></div><div class="chat battle-history"><strong>PichuODoGliscor's team:</strong> <em style="color:#445566;display:block;">Dwebble / Abra / Aipom / Larvitar / Honedge / Snivy</em></div><div class="spacer battle-history"><br></div><div class="battle-history">Battle started between David bla and PichuODoGliscor!<br></div><div class="spacer battle-history"><br></div><div class="battle-history">Go! <strong>Bulbasaur</strong>!<br></div><div class="spacer battle-history"><br></div><div class="battle-history">PichuODoGliscor sent out <strong>Dwebble</strong>!<br></div><div class="spacer battle-history"><br></div><h2 class="battle-history">Turn 1</h2><div class="chat"><small>BeralRed2103 joined.</small></div><div class="chat chatmessage-beralred2103"><strong style="color:hsl(13,89%,42.482063084187764%)"><small> </small><span class="username" data-name="BeralRed2103">BeralRed2103</span>:</strong> <em>cheguei</em></div><div class="spacer battle-history"><br></div><div class="battle-history">The opposing Dwebble used <strong>Shell Smash</strong>!<br></div><div class="battle-history"><small>The opposing Dwebble's Defense fell!</small><br></div><div class="battle-history"><small>The opposing Dwebble's Special Defense fell!</small><br></div><div class="battle-history"><small>The opposing Dwebble's Attack rose sharply!</small><br></div><div class="battle-history"><small>The opposing Dwebble's Special Attack rose sharply!</small><br></div><div class="battle-history"><small>The opposing Dwebble's Speed rose sharply!</small><br></div><div class="battle-history"><small>The opposing Dwebble returned its status to normal using its White Herb!</small><br></div><div class="spacer battle-history"><br></div><div class="battle-history">Bulbasaur used <strong>Giga Drain</strong>!<br></div><div class="battle-history"><small>(The opposing Dwebble lost <abbr title="−10/22">45.5%</abbr> of its health!)</small><br></div><div class="spacer battle-history"><br></div><h2 class="battle-history">Turn 2</h2><div class="chat chatmessage-beralred2103"><strong style="color:hsl(13,89%,42.482063084187764%)"><small> </small><span class="username" data-name="BeralRed2103">BeralRed2103</span>:</strong> <em>my nami is</em></div><div class="chat chatmessage-beralred2103"><strong style="color:hsl(13,89%,42.482063084187764%)"><small> </small><span class="username" data-name="BeralRed2103">BeralRed2103</span>:</strong> <em>berry allan</em></div><div class="spacer battle-history"><br></div><div class="battle-history">The opposing Dwebble used <strong>X-Scissor</strong>!<br></div><div class="battle-history"><small>(Bulbasaur lost <abbr title="−15/21">71.4%</abbr> of its health!)</small><br></div><div class="spacer battle-history"><br></div><div class="battle-history">Bulbasaur used <strong>Energy Ball</strong>!<br></div><div class="battle-history"><small>(The opposing Dwebble lost <abbr title="−12/22">54.5%</abbr> of its health!)</small><br></div><div class="spacer battle-history"><br></div><div class="battle-history">The opposing Dwebble fainted!<br></div><div class="chat chatmessage-beralred2103"><strong style="color:hsl(13,89%,42.482063084187764%)"><small> </small><span class="username" data-name="BeralRed2103">BeralRed2103</span>:</strong> <em>faliceu</em></div><div class="spacer battle-history"><br></div><div class="battle-history">PichuODoGliscor sent out <strong>Abra</strong>!<br></div><div class="spacer battle-history"><br></div><h2 class="battle-history">Turn 3</h2><div class="spacer battle-history"><br></div><div class="battle-history">The opposing Abra used <strong>Charge Beam</strong>!<br></div><div class="battle-history"><small>It's not very effective...</small><br></div><div class="battle-history"><small>(Bulbasaur lost <abbr title="−2/21">9.5%</abbr> of its health!)</small><br></div><div class="battle-history"><small>The opposing Abra's Special Attack rose!</small><br></div><div class="spacer battle-history"><br></div><div class="battle-history">Bulbasaur used <strong>Giga Drain</strong>!<br></div><div class="battle-history"><small>(The opposing Abra lost <abbr title="−13/19">68.4%</abbr> of its health!)</small><br></div><div class="battle-history"><small>The opposing Abra had its energy drained!</small><br></div><div class="spacer battle-history"><br></div><div class="battle-history"><small>The opposing Abra restored a little HP using its Leftovers!</small><br></div><div class="spacer battle-history"><br></div><h2 class="battle-history">Turn 4</h2><div class="chat"><small>Gustavoamaralvenon joined.</small></div><div class="spacer battle-history"><br></div><div class="battle-history">The opposing Abra used <strong>Energy Ball</strong>!<br></div><div class="battle-history"><small>It's not very effective...</small><br></div><div class="battle-history"><small>(Bulbasaur lost <abbr title="−3/21">14.3%</abbr> of its health!)</small><br></div><div class="spacer battle-history"><br></div><div class="battle-history">Bulbasaur used <strong>Giga Drain</strong>!<br></div><div class="battle-history"><small>(The opposing Abra lost <abbr title="−7/19">36.8%</abbr> of its health!)</small><br></div><div class="battle-history"><small>The opposing Abra had its energy drained!</small><br></div><div class="spacer battle-history"><br></div><div class="battle-history">The opposing Abra fainted!<br></div><div class="spacer battle-history"><br></div><div class="battle-history">PichuODoGliscor sent out <strong>Aipom</strong>!<br></div><div class="spacer battle-history"><br></div><h2 class="battle-history">Turn 5</h2><div class="spacer battle-history"><br></div><div class="battle-history">The opposing Aipom used <strong>Fake Out</strong>!<br></div><div class="battle-history"><small>(Bulbasaur lost <abbr title="−8/21">38.1%</abbr> of its health!)</small><br></div><div class="battle-history"><small>The opposing Aipom lost some of its HP!</small><br></div><div class="spacer battle-history"><br></div><div class="battle-history">Bulbasaur flinched and couldn't move!<br></div><div class="spacer battle-history"><br></div><h2 class="battle-history">Turn 6</h2><div class="spacer battle-history"><br></div><div class="battle-history">The opposing Aipom used <strong>Last Resort</strong>!<br></div><div class="battle-history"><small>(Bulbasaur lost <abbr title="−4/21">19.0%</abbr> of its health!)</small><br></div><div class="battle-history"><small>The opposing Aipom lost some of its HP!</small><br></div><div class="spacer battle-history"><br></div><div class="battle-history">Bulbasaur fainted!<br></div><div class="spacer battle-history"><br></div><div class="battle-history">Go! <strong>Bagon</strong>!<br></div><div class="spacer battle-history"><br></div><h2 class="battle-history">Turn 7</h2><div class="spacer battle-history"><br></div><div class="battle-history">The opposing Aipom used <strong>Fake Out</strong>!<br></div><div class="battle-history"><small>But it failed!</small><br></div><div class="battle-history"><small>(Fake Out only works on your first turn out.)</small><br></div><div class="spacer battle-history"><br></div><div class="battle-history">Bagon used <strong>Draco Meteor</strong>!<br></div><div class="battle-history"><small>(The opposing Aipom lost <abbr title="−15/22">68.2%</abbr> of its health!)</small><br></div><div class="battle-history"><small>Bagon's Special Attack fell harshly!</small><br></div><div class="spacer battle-history"><br></div><h2 class="battle-history">Turn 8</h2><div class="spacer battle-history"><br></div><div class="battle-history">The opposing Aipom used <strong>Last Resort</strong>!<br></div><div class="battle-history"><small>(Bagon lost <abbr title="−21/21">100%</abbr> of its health!)</small><br></div><div class="battle-history"><small>The opposing Aipom lost some of its HP!</small><br></div><div class="spacer battle-history"><br></div><div class="battle-history">Bagon fainted!<br></div><div class="spacer battle-history"><br></div><div class="battle-history">Go! <strong>Amaura</strong>!<br></div><div class="spacer battle-history"><br></div><h2 class="battle-history">Turn 9</h2><div class="chat chatmessage-pichuodogliscor"><strong style="color:hsl(91,54%,41%)"><small>★</small><span class="username" data-name="PichuODoGliscor">PichuODoGliscor</span>:</strong> <em>Miss click</em></div><div class="spacer battle-history"><br></div><div class="battle-history">The opposing Aipom used <strong>Last Resort</strong>!<br></div><div class="battle-history"><small>It's not very effective...</small><br></div><div class="battle-history"><small>(Amaura lost <abbr title="−14/25">56.0%</abbr> of its health!)</small><br></div><div class="battle-history"><small>The opposing Aipom lost some of its HP!</small><br></div><div class="spacer battle-history"><br></div><div class="battle-history">The opposing Aipom fainted!<br></div><div class="battle-history">Amaura used <strong>Ancient Power</strong>!<br></div><div class="battle-history"><small>But there was no target...</small><br></div><div class="spacer battle-history"><br></div><div class="battle-history">PichuODoGliscor sent out <strong>Honedge</strong>!<br></div><div class="spacer battle-history"><br></div><h2 class="battle-history">Turn 10</h2><div class="spacer battle-history"><br></div><div class="battle-history">Amaura used <strong>Ancient Power</strong>!<br></div><div class="battle-history"><small>It's not very effective...</small><br></div><div class="battle-history"><small>(The opposing Honedge lost <abbr title="−5/21">23.8%</abbr> of its health!)</small><br></div><div class="spacer battle-history"><br></div><div class="battle-history">The opposing Honedge used <strong>Swords Dance</strong>!<br></div><div class="battle-history"><small>The opposing Honedge's Attack rose sharply!</small><br></div><div class="spacer battle-history"><br></div><div class="battle-history"><small>The opposing Honedge restored a little HP using its Leftovers!</small><br></div><div class="spacer battle-history"><br></div><h2 class="battle-history">Turn 11</h2><div class="spacer battle-history"><br></div><div class="battle-history">Amaura used <strong>Ancient Power</strong>!<br></div><div class="battle-history"><small>It's not very effective...</small><br></div><div class="battle-history"><small>(The opposing Honedge lost <abbr title="−5/21">23.8%</abbr> of its health!)</small><br></div><div class="spacer battle-history"><br></div><div class="battle-history">The opposing Honedge used <strong>Swords Dance</strong>!<br></div><div class="battle-history"><small>The opposing Honedge's Attack rose sharply!</small><br></div><div class="spacer battle-history"><br></div><div class="battle-history"><small>The opposing Honedge restored a little HP using its Leftovers!</small><br></div><div class="spacer battle-history"><br></div><h2 class="battle-history">Turn 12</h2><div class="spacer battle-history"><br></div><div class="battle-history">Amaura used <strong>Ancient Power</strong>!<br></div><div class="battle-history"><small>It's not very effective...</small><br></div><div class="battle-history"><small>(The opposing Honedge lost <abbr title="−4/21">19.0%</abbr> of its health!)</small><br></div><div class="spacer battle-history"><br></div><div class="battle-history">The opposing Honedge used <strong>Iron Head</strong>!<br></div><div class="battle-history"><small>It's super effective!</small><br></div><div class="battle-history"><small>(Amaura lost <abbr title="−11/25">44%</abbr> of its health!)</small><br></div><div class="spacer battle-history"><br></div><div class="battle-history">Amaura fainted!<br></div><div class="spacer battle-history"><br></div><div class="battle-history"><small>The opposing Honedge restored a little HP using its Leftovers!</small><br></div><div class="spacer battle-history"><br></div><div class="battle-history">Go! <strong>Charmander</strong>!<br></div><div class="spacer battle-history"><br></div><h2 class="battle-history">Turn 13</h2><div class="spacer battle-history"><br></div><div class="battle-history">The opposing Honedge used <strong>Shadow Sneak</strong>!<br></div><div class="battle-history"><small>Charmander hung on using its Focus Sash!</small><br></div><div class="battle-history"><small>(Charmander lost <abbr title="−20/21">95.2%</abbr> of its health!)</small><br></div><div class="spacer battle-history"><br></div><div class="battle-history">Charmander used <strong>Flamethrower</strong>!<br></div><div class="battle-history"><small>It's super effective!</small><br></div><div class="battle-history"><small>(The opposing Honedge lost <abbr title="−10/21">47.6%</abbr> of its health!)</small><br></div><div class="spacer battle-history"><br></div><div class="battle-history">The opposing Honedge fainted!<br></div><div class="spacer battle-history"><br></div><div class="battle-history">PichuODoGliscor sent out <strong>Snivy</strong>!<br></div><div class="spacer battle-history"><br></div><h2 class="battle-history">Turn 14</h2><div class="spacer battle-history"><br></div><div class="battle-history">The opposing Snivy used <strong>Leaf Storm</strong>!<br></div><div class="battle-history"><small>It's not very effective...</small><br></div><div class="battle-history"><small>(Charmander lost <abbr title="−1/21">4.8%</abbr> of its health!)</small><br></div><div class="battle-history"><small>The opposing Snivy's Special Attack rose sharply!</small><br></div><div class="spacer battle-history"><br></div><div class="battle-history">Charmander fainted!<br></div><div class="spacer battle-history"><br></div><div class="battle-history">Go! <strong>Abra</strong>!<br></div><div class="spacer battle-history"><br></div><h2 class="battle-history">Turn 15</h2><div class="chat chatmessage-beralred2103"><strong style="color:hsl(13,89%,42.482063084187764%)"><small> </small><span class="username" data-name="BeralRed2103">BeralRed2103</span>:</strong> <em>gg?</em></div><div class="spacer battle-history"><br></div><div class="battle-history">The opposing Snivy used <strong>Leaf Storm</strong>!<br></div><div class="battle-history"><small>(Abra lost <abbr title="−19/19">100%</abbr> of its health!)</small><br></div><div class="battle-history"><small>The opposing Snivy's Special Attack rose sharply!</small><br></div><div class="spacer battle-history"><br></div><div class="battle-history">Abra fainted!<br></div><div class="chat chatmessage-beralred2103"><strong style="color:hsl(13,89%,42.482063084187764%)"><small> </small><span class="username" data-name="BeralRed2103">BeralRed2103</span>:</strong> <em>gg</em></div><div class="spacer battle-history"><br></div><div class="battle-history">Go! <strong>Blitzle</strong>!<br></div><div class="spacer battle-history"><br></div><h2 class="battle-history">Turn 16</h2><div class="chat chatmessage-beralred2103"><strong style="color:hsl(13,89%,42.482063084187764%)"><small> </small><span class="username" data-name="BeralRed2103">BeralRed2103</span>:</strong> <em>pichu wins</em></div><div class="spacer battle-history"><br></div><div class="battle-history">The opposing Snivy used <strong>Leaf Storm</strong>!<br></div><div class="battle-history"><small>(Blitzle lost <abbr title="−21/21">100%</abbr> of its health!)</small><br></div><div class="battle-history"><small>The opposing Snivy's Special Attack rose sharply!</small><br></div><div class="spacer battle-history"><br></div><div class="battle-history">Blitzle fainted!<br></div><div class="spacer battle-history"><br></div><div class="battle-history"><strong>PichuODoGliscor</strong> won the battle!<br></div><div class="chat chatmessage-beralred2103"><strong style="color:hsl(13,89%,42.482063084187764%)"><small> </small><span class="username" data-name="BeralRed2103">BeralRed2103</span>:</strong> <em>pichu vs tikarah na prox fase</em></div><div class="chat"><small>Gustavoamaralvenon left.</small></div><div class="chat"><small>BeralRed2103 left.</small></div></div><div class="inner-preempt"></div></div></div>
</div>
<script>
let daily = Math.floor(Date.now()/1000/60/60/24);document.write('<script src="https://play.pokemonshowdown.com/js/replay-embed.js?version'+daily+'"></'+'script>');
</script>
