<!DOCTYPE html>
<meta charset="utf-8" />
<!-- version 1 -->
<title>LC replay: gen trololol vs. PichuODoGliscor</title>
<style>
html,body {font-family:Verdana, sans-serif;font-size:10pt;margin:0;padding:0;}body{padding:12px 0;} .battle-log {font-family:Verdana, sans-serif;font-size:10pt;} .battle-log-inline {border:1px solid #AAAAAA;background:#EEF2F5;color:black;max-width:640px;margin:0 auto 80px;padding-bottom:5px;} .battle-log .inner {padding:4px 8px 0px 8px;} .battle-log .inner-preempt {padding:0 8px 4px 8px;} .battle-log .inner-after {margin-top:0.5em;} .battle-log h2 {margin:0.5em -8px;padding:4px 8px;border:1px solid #AAAAAA;background:#E0E7EA;border-left:0;border-right:0;font-family:Verdana, sans-serif;font-size:13pt;} .battle-log .chat {vertical-align:middle;padding:3px 0 3px 0;font-size:8pt;} .battle-log .chat strong {color:#40576A;} .battle-log .chat em {padding:1px 4px 1px 3px;color:#000000;font-style:normal;} .chat.mine {background:rgba(0,0,0,0.05);margin-left:-8px;margin-right:-8px;padding-left:8px;padding-right:8px;} .spoiler {color:#BBBBBB;background:#BBBBBB;padding:0px 3px;} .spoiler:hover, .spoiler:active, .spoiler-shown {color:#000000;background:#E2E2E2;padding:0px 3px;} .spoiler a {color:#BBBBBB;} .spoiler:hover a, .spoiler:active a, .spoiler-shown a {color:#2288CC;} .chat code, .chat .spoiler:hover code, .chat .spoiler:active code, .chat .spoiler-shown code {border:1px solid #C0C0C0;background:#EEEEEE;color:black;padding:0 2px;} .chat .spoiler code {border:1px solid #CCCCCC;background:#CCCCCC;color:#CCCCCC;} .battle-log .rated {padding:3px 4px;} .battle-log .rated strong {color:white;background:#89A;padding:1px 4px;border-radius:4px;} .spacer {margin-top:0.5em;} .message-announce {background:#6688AA;color:white;padding:1px 4px 2px;} .message-announce a, .broadcast-green a, .broadcast-blue a, .broadcast-red a {color:#DDEEFF;} .broadcast-green {background-color:#559955;color:white;padding:2px 4px;} .broadcast-blue {background-color:#6688AA;color:white;padding:2px 4px;} .infobox {border:1px solid #6688AA;padding:2px 4px;} .infobox-limited {max-height:200px;overflow:auto;overflow-x:hidden;} .broadcast-red {background-color:#AA5544;color:white;padding:2px 4px;} .message-learn-canlearn {font-weight:bold;color:#228822;text-decoration:underline;} .message-learn-cannotlearn {font-weight:bold;color:#CC2222;text-decoration:underline;} .message-effect-weak {font-weight:bold;color:#CC2222;} .message-effect-resist {font-weight:bold;color:#6688AA;} .message-effect-immune {font-weight:bold;color:#666666;} .message-learn-list {margin-top:0;margin-bottom:0;} .message-throttle-notice, .message-error {color:#992222;} .message-overflow, .chat small.message-overflow {font-size:0pt;} .message-overflow::before {font-size:9pt;content:'...';} .subtle {color:#3A4A66;}
</style>
<div class="wrapper replay-wrapper" style="max-width:1180px;margin:0 auto">
<input type="hidden" name="replayid" value="lc-486967336" />
<div class="battle"></div><div class="battle-log"></div><div class="replay-controls"></div><div class="replay-controls-2"></div>
<h1 style="font-weight:normal;text-align:center"><strong>LC</strong><br /><a href="http://pokemonshowdown.com/users/gentrololol" class="subtle" target="_blank">gen trololol</a> vs. <a href="http://pokemonshowdown.com/users/pichuodogliscor" class="subtle" target="_blank">PichuODoGliscor</a></h1>
<script type="text/plain" class="battle-log-data">|j|gen trololol
|j|PichuODoGliscor
|player|p1|gen trololol|291
|player|p2|PichuODoGliscor|1
|gametype|singles
|gen|6
|tier|LC
|rated
|seed|7090,11784,37028,28544
|clearpoke
|poke|p1|Bellsprout, L5, M, shiny|item
|poke|p1|Helioptile, L5, M, shiny|item
|poke|p1|Charmander, L5, F, shiny|item
|poke|p1|Sewaddle, L5, F, shiny|item
|poke|p1|Ponyta, L5, M|item
|poke|p1|Deerling-Winter, L5, F|item
|poke|p2|Dwebble, L5, F|item
|poke|p2|Abra, L5, F|item
|poke|p2|Aipom, L5, F|item
|poke|p2|Larvitar, L5, M|item
|poke|p2|Honedge, L5, M|item
|poke|p2|Snivy, L5, M|item
|rule|Sleep Clause Mod: Limit one foe put to sleep
|rule|Species Clause: Limit one of each Pokémon
|rule|OHKO Clause: OHKO moves are banned
|rule|Moody Clause: Moody is banned
|rule|Evasion Moves Clause: Evasion moves are banned
|rule|Endless Battle Clause: Forcing endless battles is banned
|rule|HP Percentage Mod: HP is shown in percentages
|teampreview
|choice|team 6, team 2, team 3, team 4, team 5, team 1|team 1, team 2, team 3, team 4, team 5, team 6
|
|start
|switch|p1a: turdling|Deerling-Winter, L5, F|23\/23
|switch|p2a: Dwebble|Dwebble, L5, F|22\/22
|turn|1
|choice|move sunnyday|move shellsmash
|
|move|p1a: turdling|Sunny Day|p1a: turdling
|-weather|SunnyDay
|move|p2a: Dwebble|Shell Smash|p2a: Dwebble
|-unboost|p2a: Dwebble|def|1
|-unboost|p2a: Dwebble|spd|1
|-boost|p2a: Dwebble|atk|2
|-boost|p2a: Dwebble|spa|2
|-boost|p2a: Dwebble|spe|2
|-enditem|p2a: Dwebble|White Herb
|-clearnegativeboost|p2a: Dwebble|[silent]
|
|-weather|SunnyDay|[upkeep]
|turn|2
|choice|move lastresort|move xscissor
|
|move|p1a: turdling|Last Resort|p2a: Dwebble
|-resisted|p2a: Dwebble
|-damage|p2a: Dwebble|14\/22
|move|p2a: Dwebble|X-Scissor|p1a: turdling
|-supereffective|p1a: turdling
|-damage|p1a: turdling|0 fnt
|faint|p1a: turdling
|
|-weather|SunnyDay|[upkeep]
|j|mario4444
|choice|switch 6|
|
|switch|p1a: dyin|Bellsprout, L5, M, shiny|23\/23
|turn|3
|choice|move solarbeam|move xscissor
|
|move|p2a: Dwebble|X-Scissor|p1a: dyin
|-damage|p1a: dyin|0 fnt
|faint|p1a: dyin
|
|-weather|SunnyDay|[upkeep]
|choice|switch 5|
|
|switch|p1a: horn drill|Ponyta, L5, M|22\/22
|turn|4
|choice|move fireblast|move earthquake
|
|move|p2a: Dwebble|Earthquake|p1a: horn drill
|-supereffective|p1a: horn drill
|-damage|p1a: horn drill|0 fnt
|faint|p1a: horn drill
|
|-weather|SunnyDay|[upkeep]
|choice|switch 4|
|
|switch|p1a: weed waddle|Sewaddle, L5, F, shiny|21\/21
|turn|5
|choice|move gigadrain|move xscissor
|
|move|p2a: Dwebble|X-Scissor|p1a: weed waddle
|-supereffective|p1a: weed waddle
|-damage|p1a: weed waddle|0 fnt
|faint|p1a: weed waddle
|
|-weather|SunnyDay|[upkeep]
|choice|switch 3|
|
|switch|p1a: digimon|Charmander, L5, F, shiny|21\/21
|turn|6
|c|★gen trololol|gg dwebble
|choice|move fireblast|move earthquake
|
|move|p2a: Dwebble|Earthquake|p1a: digimon
|-supereffective|p1a: digimon
|-damage|p1a: digimon|0 fnt
|faint|p1a: digimon
|
|-weather|SunnyDay|[upkeep]
|choice|switch 2|
|
|switch|p1a: Helioptile|Helioptile, L5, M, shiny|22\/22
|turn|7
|choice|move glare|move earthquake
|
|move|p2a: Dwebble|Earthquake|p1a: Helioptile
|-supereffective|p1a: Helioptile
|-damage|p1a: Helioptile|0 fnt
|faint|p1a: Helioptile
|
|win|PichuODoGliscor
|player|p1
|player|p2
|l|gen trololol</script>
</div>
<div class="battle-log battle-log-inline"><div class="inner"><div class="battle-options"></div><div class="inner"><div class="chat"><small>gen trololol joined.</small></div><div class="chat"><small>PichuODoGliscor joined.</small></div><div class=""><small>Format:</small> <br><strong>LC</strong></div><div class="rated"><strong>Rated battle</strong></div><div class=""><small><em>Sleep Clause Mod:</em> Limit one foe put to sleep</small></div><div class=""><small><em>Species Clause:</em> Limit one of each Pokémon</small></div><div class=""><small><em>OHKO Clause:</em> OHKO moves are banned</small></div><div class=""><small><em>Moody Clause:</em> Moody is banned</small></div><div class=""><small><em>Evasion Moves Clause:</em> Evasion moves are banned</small></div><div class=""><small><em>Endless Battle Clause:</em> Forcing endless battles is banned</small></div><div class=""><small><em>HP Percentage Mod:</em> HP is shown in percentages</small></div><div class="chat battle-history"><strong>gen trololol's team:</strong> <em style="color:#445566;display:block;">Bellsprout / Helioptile / Charmander / Sewaddle / Ponyta / Deerling-Winter</em></div><div class="chat battle-history"><strong>PichuODoGliscor's team:</strong> <em style="color:#445566;display:block;">Dwebble / Abra / Aipom / Larvitar / Honedge / Snivy</em></div><div class="spacer battle-history"><br></div><div class="battle-history">Battle started between gen trololol and PichuODoGliscor!<br></div><div class="spacer battle-history"><br></div><div class="battle-history">Go! turdling (<strong>Deerling-Winter</strong>)!<br></div><div class="spacer battle-history"><br></div><div class="battle-history">PichuODoGliscor sent out <strong>Dwebble</strong>!<br></div><div class="spacer battle-history"><br></div><h2 class="battle-history">Turn 1</h2><div class="spacer battle-history"><br></div><div class="battle-history">turdling used <strong>Sunny Day</strong>!<br></div><div class="battle-history"><small>The sunlight turned harsh!</small><br></div><div class="spacer battle-history"><br></div><div class="battle-history">The opposing Dwebble used <strong>Shell Smash</strong>!<br></div><div class="battle-history"><small>The opposing Dwebble's Defense fell!</small><br></div><div class="battle-history"><small>The opposing Dwebble's Special Defense fell!</small><br></div><div class="battle-history"><small>The opposing Dwebble's Attack rose sharply!</small><br></div><div class="battle-history"><small>The opposing Dwebble's Special Attack rose sharply!</small><br></div><div class="battle-history"><small>The opposing Dwebble's Speed rose sharply!</small><br></div><div class="battle-history"><small>The opposing Dwebble returned its status to normal using its White Herb!</small><br></div><div class="spacer battle-history"><br></div><div class="battle-history"><small>(The sunlight is strong!)</small><br></div><div class="spacer battle-history"><br></div><h2 class="battle-history">Turn 2</h2><div class="spacer battle-history"><br></div><div class="battle-history">turdling used <strong>Last Resort</strong>!<br></div><div class="battle-history"><small>It's not very effective...</small><br></div><div class="battle-history"><small>(The opposing Dwebble lost <abbr title="−8/22">36.4%</abbr> of its health!)</small><br></div><div class="spacer battle-history"><br></div><div class="battle-history">The opposing Dwebble used <strong>X-Scissor</strong>!<br></div><div class="battle-history"><small>It's super effective!</small><br></div><div class="battle-history"><small>(turdling lost <abbr title="−23/23">100%</abbr> of its health!)</small><br></div><div class="spacer battle-history"><br></div><div class="battle-history">turdling fainted!<br></div><div class="spacer battle-history"><br></div><div class="battle-history"><small>(The sunlight is strong!)</small><br></div><div class="chat"><small>mario4444 joined.</small></div><div class="spacer battle-history"><br></div><div class="battle-history">Go! dyin (<strong>Bellsprout</strong>)!<br></div><div class="spacer battle-history"><br></div><h2 class="battle-history">Turn 3</h2><div class="spacer battle-history"><br></div><div class="battle-history">The opposing Dwebble used <strong>X-Scissor</strong>!<br></div><div class="battle-history"><small>(dyin lost <abbr title="−23/23">100%</abbr> of its health!)</small><br></div><div class="spacer battle-history"><br></div><div class="battle-history">dyin fainted!<br></div><div class="spacer battle-history"><br></div><div class="battle-history"><small>(The sunlight is strong!)</small><br></div><div class="spacer battle-history"><br></div><div class="battle-history">Go! horn drill (<strong>Ponyta</strong>)!<br></div><div class="spacer battle-history"><br></div><h2 class="battle-history">Turn 4</h2><div class="spacer battle-history"><br></div><div class="battle-history">The opposing Dwebble used <strong>Earthquake</strong>!<br></div><div class="battle-history"><small>It's super effective!</small><br></div><div class="battle-history"><small>(horn drill lost <abbr title="−22/22">100%</abbr> of its health!)</small><br></div><div class="spacer battle-history"><br></div><div class="battle-history">horn drill fainted!<br></div><div class="spacer battle-history"><br></div><div class="battle-history"><small>(The sunlight is strong!)</small><br></div><div class="spacer battle-history"><br></div><div class="battle-history">Go! weed waddle (<strong>Sewaddle</strong>)!<br></div><div class="spacer battle-history"><br></div><h2 class="battle-history">Turn 5</h2><div class="spacer battle-history"><br></div><div class="battle-history">The opposing Dwebble used <strong>X-Scissor</strong>!<br></div><div class="battle-history"><small>It's super effective!</small><br></div><div class="battle-history"><small>(weed waddle lost <abbr title="−21/21">100%</abbr> of its health!)</small><br></div><div class="spacer battle-history"><br></div><div class="battle-history">weed waddle fainted!<br></div><div class="spacer battle-history"><br></div><div class="battle-history"><small>(The sunlight is strong!)</small><br></div><div class="spacer battle-history"><br></div><div class="battle-history">Go! digimon (<strong>Charmander</strong>)!<br></div><div class="spacer battle-history"><br></div><h2 class="battle-history">Turn 6</h2><div class="chat chatmessage-gentrololol"><strong style="color:hsl(344,43%,47.12732563759138%)"><small>★</small><span class="username" data-name="gen trololol">gen trololol</span>:</strong> <em>gg dwebble</em></div><div class="spacer battle-history"><br></div><div class="battle-history">The opposing Dwebble used <strong>Earthquake</strong>!<br></div><div class="battle-history"><small>It's super effective!</small><br></div><div class="battle-history"><small>(digimon lost <abbr title="−21/21">100%</abbr> of its health!)</small><br></div><div class="spacer battle-history"><br></div><div class="battle-history">digimon fainted!<br></div><div class="spacer battle-history"><br></div><div class="battle-history"><small>(The sunlight is strong!)</small><br></div><div class="spacer battle-history"><br></div><div class="battle-history">Go! <strong>Helioptile</strong>!<br></div><div class="spacer battle-history"><br></div><h2 class="battle-history">Turn 7</h2><div class="spacer battle-history"><br></div><div class="battle-history">The opposing Dwebble used <strong>Earthquake</strong>!<br></div><div class="battle-history"><small>It's super effective!</small><br></div><div class="battle-history"><small>(Helioptile lost <abbr title="−22/22">100%</abbr> of its health!)</small><br></div><div class="spacer battle-history"><br></div><div class="battle-history">Helioptile fainted!<br></div><div class="spacer battle-history"><br></div><div class="battle-history"><strong>PichuODoGliscor</strong> won the battle!<br></div><div class="chat"><small>gen trololol left.</small></div></div><div class="inner-preempt"></div></div></div>
</div>
<script>
let daily = Math.floor(Date.now()/1000/60/60/24);document.write('<script src="https://play.pokemonshowdown.com/js/replay-embed.js?version'+daily+'"></'+'script>');
</script>
