<!DOCTYPE html>
<meta charset="utf-8" />
<!-- version 1 -->
<title>LC replay: Hogline vs. Mesh123</title>
<style>
html,body {font-family:Verdana, sans-serif;font-size:10pt;margin:0;padding:0;}body{padding:12px 0;} .battle-log {font-family:Verdana, sans-serif;font-size:10pt;} .battle-log-inline {border:1px solid #AAAAAA;background:#EEF2F5;color:black;max-width:640px;margin:0 auto 80px;padding-bottom:5px;} .battle-log .inner {padding:4px 8px 0px 8px;} .battle-log .inner-preempt {padding:0 8px 4px 8px;} .battle-log .inner-after {margin-top:0.5em;} .battle-log h2 {margin:0.5em -8px;padding:4px 8px;border:1px solid #AAAAAA;background:#E0E7EA;border-left:0;border-right:0;font-family:Verdana, sans-serif;font-size:13pt;} .battle-log .chat {vertical-align:middle;padding:3px 0 3px 0;font-size:8pt;} .battle-log .chat strong {color:#40576A;} .battle-log .chat em {padding:1px 4px 1px 3px;color:#000000;font-style:normal;} .chat.mine {background:rgba(0,0,0,0.05);margin-left:-8px;margin-right:-8px;padding-left:8px;padding-right:8px;} .spoiler {color:#BBBBBB;background:#BBBBBB;padding:0px 3px;} .spoiler:hover, .spoiler:active, .spoiler-shown {color:#000000;background:#E2E2E2;padding:0px 3px;} .spoiler a {color:#BBBBBB;} .spoiler:hover a, .spoiler:active a, .spoiler-shown a {color:#2288CC;} .chat code, .chat .spoiler:hover code, .chat .spoiler:active code, .chat .spoiler-shown code {border:1px solid #C0C0C0;background:#EEEEEE;color:black;padding:0 2px;} .chat .spoiler code {border:1px solid #CCCCCC;background:#CCCCCC;color:#CCCCCC;} .battle-log .rated {padding:3px 4px;} .battle-log .rated strong {color:white;background:#89A;padding:1px 4px;border-radius:4px;} .spacer {margin-top:0.5em;} .message-announce {background:#6688AA;color:white;padding:1px 4px 2px;} .message-announce a, .broadcast-green a, .broadcast-blue a, .broadcast-red a {color:#DDEEFF;} .broadcast-green {background-color:#559955;color:white;padding:2px 4px;} .broadcast-blue {background-color:#6688AA;color:white;padding:2px 4px;} .infobox {border:1px solid #6688AA;padding:2px 4px;} .infobox-limited {max-height:200px;overflow:auto;overflow-x:hidden;} .broadcast-red {background-color:#AA5544;color:white;padding:2px 4px;} .message-learn-canlearn {font-weight:bold;color:#228822;text-decoration:underline;} .message-learn-cannotlearn {font-weight:bold;color:#CC2222;text-decoration:underline;} .message-effect-weak {font-weight:bold;color:#CC2222;} .message-effect-resist {font-weight:bold;color:#6688AA;} .message-effect-immune {font-weight:bold;color:#666666;} .message-learn-list {margin-top:0;margin-bottom:0;} .message-throttle-notice, .message-error {color:#992222;} .message-overflow, .chat small.message-overflow {font-size:0pt;} .message-overflow::before {font-size:9pt;content:'...';} .subtle {color:#3A4A66;}
</style>
<div class="wrapper replay-wrapper" style="max-width:1180px;margin:0 auto">
<input type="hidden" name="replayid" value="lc-488040251" />
<div class="battle"></div><div class="battle-log"></div><div class="replay-controls"></div><div class="replay-controls-2"></div>
<h1 style="font-weight:normal;text-align:center"><strong>LC</strong><br /><a href="http://pokemonshowdown.com/users/hogline" class="subtle" target="_blank">Hogline</a> vs. <a href="http://pokemonshowdown.com/users/mesh123" class="subtle" target="_blank">Mesh123</a></h1>
<script type="text/plain" class="battle-log-data">|j|Hogline
|j|Mesh123
|player|p1|Hogline|170
|player|p2|Mesh123|99
|gametype|singles
|gen|6
|tier|LC
|seed|45461,58318,28124,15678
|clearpoke
|poke|p1|Cubone, L5, M, shiny|item
|poke|p1|Munna, L5, F, shiny|item
|poke|p1|Spritzee, L5, M, shiny|item
|poke|p1|Archen, L5, M, shiny|item
|poke|p1|Larvitar, L5, M, shiny|item
|poke|p1|Finneon, L5, F, shiny|item
|poke|p2|Porygon, L5|item
|poke|p2|Croagunk, L5, M|item
|poke|p2|Grimer, L5, M|item
|poke|p2|Deino, L5, M|item
|poke|p2|Golett, L5, shiny|item
|poke|p2|Omanyte, L5, F|item
|rule|Sleep Clause Mod: Limit one foe put to sleep
|rule|Species Clause: Limit one of each Pokémon
|rule|OHKO Clause: OHKO moves are banned
|rule|Moody Clause: Moody is banned
|rule|Evasion Moves Clause: Evasion moves are banned
|rule|Endless Battle Clause: Forcing endless battles is banned
|rule|HP Percentage Mod: HP is shown in percentages
|teampreview
|c|★Mesh123|gl hf
|c|★Hogline|Gl
|choice|team 6, team 2, team 3, team 4, team 5, team 1|team 6, team 2, team 3, team 4, team 5, team 1
|
|start
|switch|p1a: Useless|Finneon, L5, F, shiny|21\/21
|switch|p2a: Lord Jr|Omanyte, L5, F|20\/20
|turn|1
|choice|move tailwind|move hiddenpower
|
|move|p1a: Useless|Tailwind|p1a: Useless
|-sidestart|p1: Hogline|move: Tailwind
|move|p2a: Lord Jr|Hidden Power|p1a: Useless
|-supereffective|p1a: Useless
|-damage|p1a: Useless|11\/21
|
|turn|2
|choice|move scald|move hiddenpower
|
|move|p1a: Useless|Scald|p2a: Lord Jr
|-damage|p2a: Lord Jr|11\/20
|-status|p2a: Lord Jr|brn
|move|p2a: Lord Jr|Hidden Power|p1a: Useless
|-supereffective|p1a: Useless
|-damage|p1a: Useless|0 fnt
|faint|p1a: Useless
|
|-damage|p2a: Lord Jr|9\/20 brn|[from] brn
|choice|switch 6|
|
|switch|p1a: Mother's Face|Cubone, L5, M, shiny|21\/21
|turn|3
|choice|move bonemerang|move scald
|
|move|p1a: Mother's Face|Bonemerang|p2a: Lord Jr
|-supereffective|p2a: Lord Jr
|-damage|p2a: Lord Jr|0 fnt
|-hitcount|p2a: Lord Jr|1
|faint|p2a: Lord Jr
|
|choice||switch 6
|
|switch|p2a: Blinky|Porygon, L5|25\/25
|-ability|p2a: Blinky|Battle Armor|[from] ability: Trace|[of] p1a: Mother's Face
|turn|4
|choice|move bonemerang|move hiddenpower
|
|move|p1a: Mother's Face|Bonemerang|p2a: Blinky
|-damage|p2a: Blinky|15\/25
|-damage|p2a: Blinky|6\/25
|-hitcount|p2a: Blinky|2
|move|p2a: Blinky|Hidden Power|p1a: Mother's Face
|-supereffective|p1a: Mother's Face
|-damage|p1a: Mother's Face|7\/21
|
|-sideend|p1: Hogline|move: Tailwind
|turn|5
|choice|move knockoff|move recover
|
|move|p2a: Blinky|Recover|p2a: Blinky
|-heal|p2a: Blinky|19\/25
|move|p1a: Mother's Face|Knock Off|p2a: Blinky
|-damage|p2a: Blinky|7\/25
|-enditem|p2a: Blinky|Eviolite|[from] move: Knock Off|[of] p1a: Mother's Face
|
|turn|6
|choice|move bonemerang|move hiddenpower
|
|move|p2a: Blinky|Hidden Power|p1a: Mother's Face
|-supereffective|p1a: Mother's Face
|-damage|p1a: Mother's Face|0 fnt
|faint|p1a: Mother's Face
|
|c|★Hogline|CANCEL BUTTON
|c|★Hogline|WHY U NO WORK
|choice|switch 5|
|
|switch|p1a: Irwin|Larvitar, L5, M, shiny|21\/21
|turn|7
|c|★Mesh123|that is a pain somtimes
|choice|move dragondance|move hiddenpower
|
|move|p1a: Irwin|Dragon Dance|p1a: Irwin
|-boost|p1a: Irwin|atk|1
|-boost|p1a: Irwin|spe|1
|move|p2a: Blinky|Hidden Power|p1a: Irwin
|-supereffective|p1a: Irwin
|-damage|p1a: Irwin|0 fnt
|faint|p1a: Irwin
|
|c|★Hogline|Ok
|choice|switch 4|
|
|switch|p1a: Flintstone KFC|Archen, L5, M, shiny|22\/22
|turn|8
|c|★Hogline|i was an idiot
|c|★Mesh123|lol
|c|★Hogline|thought it was hp ice
|choice|move earthquake|move recover
|
|move|p1a: Flintstone KFC|Earthquake|p2a: Blinky
|-damage|p2a: Blinky|0 fnt
|faint|p2a: Blinky
|
|j|AlabamaCrimsonSurf
|c| AlabamaCrimsonSurf|well things are dead already
|c|★Hogline|Spanic
|choice||switch 5
|
|switch|p2a: Titan|Golett, L5, shiny|22\/22
|turn|9
|c|★Hogline|the cancel button didnt work for me
|c| AlabamaCrimsonSurf|xD
|c|★Hogline|Then i was an idiot
|choice|switch 3|move thunderpunch
|
|switch|p1a: Nigel|Spritzee, L5, M, shiny|24\/24
|move|p2a: Titan|Thunder Punch|p1a: Nigel
|-damage|p1a: Nigel|18\/24
|-status|p1a: Nigel|par
|
|turn|10
|c|★Hogline|Basically this isnt going the way i wanted it to go
|c|★Mesh123|sorry
|c| AlabamaCrimsonSurf|and the icing on the shit sundae
|c|★Hogline|Mhmm
|l|Mesh123
|player|p2
|c|★Hogline|Thanks m8
|c|★Hogline|I got 10 minutes
|c|★Hogline|he better come back
|j|Mesh123
|player|p2|Mesh123|99
|c|★Mesh123|sorry wifi
|c|★Hogline|Its aight
|choice|move psychic|switch 3
|
|switch|p2a: Alohan|Grimer, L5, M|25\/25
|move|p1a: Nigel|Psychic|p2a: Alohan
|-supereffective|p2a: Alohan
|-damage|p2a: Alohan|13\/25
|
|turn|11
|choice|move protect|move poisonjab
|
|move|p1a: Nigel|Protect|p1a: Nigel
|-singleturn|p1a: Nigel|Protect
|move|p2a: Alohan|Poison Jab|p1a: Nigel
|-activate|p1a: Nigel|move: Protect
|
|turn|12
|choice|move psychic|move poisonjab
|
|move|p2a: Alohan|Poison Jab|p1a: Nigel
|-supereffective|p1a: Nigel
|-damage|p1a: Nigel|0 fnt
|faint|p1a: Nigel
|
|choice|switch 3|
|
|switch|p1a: Flintstone KFC|Archen, L5, M, shiny|22\/22
|turn|13
|choice|move earthquake|move shadowsneak
|
|move|p2a: Alohan|Shadow Sneak|p1a: Flintstone KFC
|-damage|p1a: Flintstone KFC|16\/22
|move|p1a: Flintstone KFC|Earthquake|p2a: Alohan
|-supereffective|p2a: Alohan
|-damage|p2a: Alohan|0 fnt
|faint|p2a: Alohan
|
|choice||switch 3
|
|switch|p2a: Titan|Golett, L5, shiny|22\/22
|turn|14
|choice|move earthquake|move thunderpunch
|
|move|p1a: Flintstone KFC|Earthquake|p2a: Titan
|-damage|p2a: Titan|12\/22
|move|p2a: Titan|Thunder Punch|p1a: Flintstone KFC
|-supereffective|p1a: Flintstone KFC
|-damage|p1a: Flintstone KFC|0 fnt
|faint|p1a: Flintstone KFC
|
|choice|switch 2|
|
|switch|p1a: Oriental|Munna, L5, F, shiny|24\/24
|turn|15
|choice|move moonlight|move astonish
|
|move|p2a: Titan|Astonish|p1a: Oriental
|-supereffective|p1a: Oriental
|-damage|p1a: Oriental|16\/24
|move|p1a: Oriental|Moonlight|p1a: Oriental
|-heal|p1a: Oriental|24\/24
|
|turn|16
|choice|move calmmind|move astonish
|
|move|p2a: Titan|Astonish|p1a: Oriental
|-supereffective|p1a: Oriental
|-damage|p1a: Oriental|16\/24
|move|p1a: Oriental|Calm Mind|p1a: Oriental
|-boost|p1a: Oriental|spa|1
|-boost|p1a: Oriental|spd|1
|
|turn|17
|choice|move moonlight|move astonish
|
|move|p2a: Titan|Astonish|p1a: Oriental
|-supereffective|p1a: Oriental
|-damage|p1a: Oriental|8\/24
|move|p1a: Oriental|Moonlight|p1a: Oriental
|-heal|p1a: Oriental|20\/24
|
|turn|18
|c| AlabamaCrimsonSurf|doesn't get shadow punch?
|c|★Hogline|Mesh
|c|★Mesh123|nope and its bs
|c|★Hogline|is tryna hax
|choice|move moonlight|move astonish
|
|move|p2a: Titan|Astonish|p1a: Oriental
|-supereffective|p1a: Oriental
|-damage|p1a: Oriental|12\/24
|move|p1a: Oriental|Moonlight|p1a: Oriental
|-heal|p1a: Oriental|24\/24
|
|turn|19
|choice|move psychic|move astonish
|
|move|p2a: Titan|Astonish|p1a: Oriental
|-supereffective|p1a: Oriental
|-damage|p1a: Oriental|16\/24
|move|p1a: Oriental|Psychic|p2a: Titan
|-damage|p2a: Titan|0 fnt
|faint|p2a: Titan
|
|c| AlabamaCrimsonSurf|wait
|c| AlabamaCrimsonSurf|does this clean
|choice||switch 4
|
|switch|p2a: Bully|Deino, L5, M|21\/21
|turn|20
|c| AlabamaCrimsonSurf|miss
|c| AlabamaCrimsonSurf|miss
|c| AlabamaCrimsonSurf|miss
|c|★Hogline|Depends
|c|★Mesh123|stop that lmao
|c|★Hogline|if deino misses
|c|★Hogline|and i click dazzling gleam
|c|★Hogline|CANCEL BUTTON GODS
|c|★Hogline|LOOK DOWN UPON ME
|choice|move dazzlinggleam|move crunch
|
|move|p2a: Bully|Crunch|p1a: Oriental
|-supereffective|p1a: Oriental
|-damage|p1a: Oriental|0 fnt
|faint|p1a: Oriental
|
|win|Mesh123
|player|p1
|player|p2
|c|★Mesh123|gg</script>
</div>
<div class="battle-log battle-log-inline"><div class="inner"><div class="battle-options"></div><div class="inner"><div class="chat"><small>Hogline joined.</small></div><div class="chat"><small>Mesh123 joined.</small></div><div class=""><small>Format:</small> <br><strong>LC</strong></div><div class=""><small><em>Sleep Clause Mod:</em> Limit one foe put to sleep</small></div><div class=""><small><em>Species Clause:</em> Limit one of each Pokémon</small></div><div class=""><small><em>OHKO Clause:</em> OHKO moves are banned</small></div><div class=""><small><em>Moody Clause:</em> Moody is banned</small></div><div class=""><small><em>Evasion Moves Clause:</em> Evasion moves are banned</small></div><div class=""><small><em>Endless Battle Clause:</em> Forcing endless battles is banned</small></div><div class=""><small><em>HP Percentage Mod:</em> HP is shown in percentages</small></div><div class="chat battle-history"><strong>Hogline's team:</strong> <em style="color:#445566;display:block;">Cubone / Munna / Spritzee / Archen / Larvitar / Finneon</em></div><div class="chat battle-history"><strong>Mesh123's team:</strong> <em style="color:#445566;display:block;">Porygon / Croagunk / Grimer / Deino / Golett / Omanyte</em></div><div class="chat chatmessage-mesh123"><strong style="color:hsl(215,85%,50.58561730769168%)"><small>★</small><span class="username" data-name="Mesh123">Mesh123</span>:</strong> <em>gl hf</em></div><div class="chat chatmessage-hogline"><strong style="color:hsl(275,68%,53.68635842492642%)"><small>★</small><span class="username" data-name="Hogline">Hogline</span>:</strong> <em>Gl</em></div><div class="spacer battle-history"><br></div><div class="battle-history">Battle started between Hogline and Mesh123!<br></div><div class="spacer battle-history"><br></div><div class="battle-history">Go! Useless (<strong>Finneon</strong>)!<br></div><div class="spacer battle-history"><br></div><div class="battle-history">Mesh123 sent out Lord Jr (<strong>Omanyte</strong>)!<br></div><div class="spacer battle-history"><br></div><h2 class="battle-history">Turn 1</h2><div class="spacer battle-history"><br></div><div class="battle-history">Useless used <strong>Tailwind</strong>!<br></div><div class="battle-history"><small>The Tailwind blew from behind your team!</small><br></div><div class="spacer battle-history"><br></div><div class="battle-history">The opposing Lord Jr used <strong>Hidden Power</strong>!<br></div><div class="battle-history"><small>It's super effective!</small><br></div><div class="battle-history"><small>(Useless lost <abbr title="−10/21">47.6%</abbr> of its health!)</small><br></div><div class="spacer battle-history"><br></div><h2 class="battle-history">Turn 2</h2><div class="spacer battle-history"><br></div><div class="battle-history">Useless used <strong>Scald</strong>!<br></div><div class="battle-history"><small>(The opposing Lord Jr lost <abbr title="−9/20">45%</abbr> of its health!)</small><br></div><div class="battle-history"><small>The opposing Lord Jr was burned!</small><br></div><div class="spacer battle-history"><br></div><div class="battle-history">The opposing Lord Jr used <strong>Hidden Power</strong>!<br></div><div class="battle-history"><small>It's super effective!</small><br></div><div class="battle-history"><small>(Useless lost <abbr title="−11/21">52.4%</abbr> of its health!)</small><br></div><div class="spacer battle-history"><br></div><div class="battle-history">Useless fainted!<br></div><div class="spacer battle-history"><br></div><div class="battle-history"><small>The opposing Lord Jr was hurt by its burn!</small><br></div><div class="spacer battle-history"><br></div><div class="battle-history">Go! Mother's Face (<strong>Cubone</strong>)!<br></div><div class="spacer battle-history"><br></div><h2 class="battle-history">Turn 3</h2><div class="spacer battle-history"><br></div><div class="battle-history">Mother's Face used <strong>Bonemerang</strong>!<br></div><div class="battle-history"><small>It's super effective!</small><br></div><div class="battle-history"><small>(The opposing Lord Jr lost <abbr title="−9/20">45%</abbr> of its health!)</small><br></div><div class="battle-history"><small>Hit 1 time!</small><br></div><div class="spacer battle-history"><br></div><div class="battle-history">The opposing Lord Jr fainted!<br></div><div class="spacer battle-history"><br></div><div class="battle-history">Mesh123 sent out Blinky (<strong>Porygon</strong>)!<br></div><div class="battle-history"><small>[The opposing Blinky's Trace]</small><br><small>[The opposing Blinky's Battle Armor]</small><br><small>The opposing Blinky traced Mother's Face's Battle Armor!</small><br></div><div class="spacer battle-history"><br></div><h2 class="battle-history">Turn 4</h2><div class="spacer battle-history"><br></div><div class="battle-history">Mother's Face used <strong>Bonemerang</strong>!<br></div><div class="battle-history"><small>(The opposing Blinky lost <abbr title="−10/25">40%</abbr> of its health!)</small><br></div><div class="battle-history"><small>(The opposing Blinky lost <abbr title="−9/25">36%</abbr> of its health!)</small><br></div><div class="battle-history"><small>Hit 2 times!</small><br></div><div class="spacer battle-history"><br></div><div class="battle-history">The opposing Blinky used <strong>Hidden Power</strong>!<br></div><div class="battle-history"><small>It's super effective!</small><br></div><div class="battle-history"><small>(Mother's Face lost <abbr title="−14/21">66.7%</abbr> of its health!)</small><br></div><div class="spacer battle-history"><br></div><div class="battle-history"><small>Your team's Tailwind petered out!</small><br></div><div class="spacer battle-history"><br></div><h2 class="battle-history">Turn 5</h2><div class="spacer battle-history"><br></div><div class="battle-history">The opposing Blinky used <strong>Recover</strong>!<br></div><div class="battle-history"><small>The opposing Blinky restored its HP.</small><br></div><div class="spacer battle-history"><br></div><div class="battle-history">Mother's Face used <strong>Knock Off</strong>!<br></div><div class="battle-history"><small>(The opposing Blinky lost <abbr title="−12/25">48%</abbr> of its health!)</small><br></div><div class="battle-history"><small>Mother's Face knocked off the opposing Blinky's Eviolite!</small><br></div><div class="spacer battle-history"><br></div><h2 class="battle-history">Turn 6</h2><div class="spacer battle-history"><br></div><div class="battle-history">The opposing Blinky used <strong>Hidden Power</strong>!<br></div><div class="battle-history"><small>It's super effective!</small><br></div><div class="battle-history"><small>(Mother's Face lost <abbr title="−7/21">33.3%</abbr> of its health!)</small><br></div><div class="spacer battle-history"><br></div><div class="battle-history">Mother's Face fainted!<br></div><div class="chat chatmessage-hogline"><strong style="color:hsl(275,68%,53.68635842492642%)"><small>★</small><span class="username" data-name="Hogline">Hogline</span>:</strong> <em>CANCEL BUTTON</em></div><div class="chat chatmessage-hogline"><strong style="color:hsl(275,68%,53.68635842492642%)"><small>★</small><span class="username" data-name="Hogline">Hogline</span>:</strong> <em>WHY U NO WORK</em></div><div class="spacer battle-history"><br></div><div class="battle-history">Go! Irwin (<strong>Larvitar</strong>)!<br></div><div class="spacer battle-history"><br></div><h2 class="battle-history">Turn 7</h2><div class="chat chatmessage-mesh123"><strong style="color:hsl(215,85%,50.58561730769168%)"><small>★</small><span class="username" data-name="Mesh123">Mesh123</span>:</strong> <em>that is a pain somtimes</em></div><div class="spacer battle-history"><br></div><div class="battle-history">Irwin used <strong>Dragon Dance</strong>!<br></div><div class="battle-history"><small>Irwin's Attack rose!</small><br></div><div class="battle-history"><small>Irwin's Speed rose!</small><br></div><div class="spacer battle-history"><br></div><div class="battle-history">The opposing Blinky used <strong>Hidden Power</strong>!<br></div><div class="battle-history"><small>It's super effective!</small><br></div><div class="battle-history"><small>(Irwin lost <abbr title="−21/21">100%</abbr> of its health!)</small><br></div><div class="spacer battle-history"><br></div><div class="battle-history">Irwin fainted!<br></div><div class="chat chatmessage-hogline"><strong style="color:hsl(275,68%,53.68635842492642%)"><small>★</small><span class="username" data-name="Hogline">Hogline</span>:</strong> <em>Ok</em></div><div class="spacer battle-history"><br></div><div class="battle-history">Go! Flintstone KFC (<strong>Archen</strong>)!<br></div><div class="spacer battle-history"><br></div><h2 class="battle-history">Turn 8</h2><div class="chat chatmessage-hogline"><strong style="color:hsl(275,68%,53.68635842492642%)"><small>★</small><span class="username" data-name="Hogline">Hogline</span>:</strong> <em>i was an idiot</em></div><div class="chat chatmessage-mesh123"><strong style="color:hsl(215,85%,50.58561730769168%)"><small>★</small><span class="username" data-name="Mesh123">Mesh123</span>:</strong> <em>lol</em></div><div class="chat chatmessage-hogline"><strong style="color:hsl(275,68%,53.68635842492642%)"><small>★</small><span class="username" data-name="Hogline">Hogline</span>:</strong> <em>thought it was hp ice</em></div><div class="spacer battle-history"><br></div><div class="battle-history">Flintstone KFC used <strong>Earthquake</strong>!<br></div><div class="battle-history"><small>(The opposing Blinky lost <abbr title="−7/25">28.0%</abbr> of its health!)</small><br></div><div class="spacer battle-history"><br></div><div class="battle-history">The opposing Blinky fainted!<br></div><div class="chat"><small>AlabamaCrimsonSurf joined.</small></div><div class="chat chatmessage-alabamacrimsonsurf"><strong style="color:hsl(143,69%,39.030495742945455%)"><small> </small><span class="username" data-name="AlabamaCrimsonSurf">AlabamaCrimsonSurf</span>:</strong> <em>well things are dead already</em></div><div class="chat chatmessage-hogline"><strong style="color:hsl(275,68%,53.68635842492642%)"><small>★</small><span class="username" data-name="Hogline">Hogline</span>:</strong> <em>Spanic</em></div><div class="spacer battle-history"><br></div><div class="battle-history">Mesh123 sent out Titan (<strong>Golett</strong>)!<br></div><div class="spacer battle-history"><br></div><h2 class="battle-history">Turn 9</h2><div class="chat chatmessage-hogline"><strong style="color:hsl(275,68%,53.68635842492642%)"><small>★</small><span class="username" data-name="Hogline">Hogline</span>:</strong> <em>the cancel button didnt work for me</em></div><div class="chat chatmessage-alabamacrimsonsurf"><strong style="color:hsl(143,69%,39.030495742945455%)"><small> </small><span class="username" data-name="AlabamaCrimsonSurf">AlabamaCrimsonSurf</span>:</strong> <em>xD</em></div><div class="chat chatmessage-hogline"><strong style="color:hsl(275,68%,53.68635842492642%)"><small>★</small><span class="username" data-name="Hogline">Hogline</span>:</strong> <em>Then i was an idiot</em></div><div class="spacer battle-history"><br></div><div class="battle-history">Flintstone KFC, come back!<br></div><div class="battle-history">Go! Nigel (<strong>Spritzee</strong>)!<br></div><div class="spacer battle-history"><br></div><div class="battle-history">The opposing Titan used <strong>Thunder Punch</strong>!<br></div><div class="battle-history"><small>(Nigel lost <abbr title="−6/24">25%</abbr> of its health!)</small><br></div><div class="battle-history"><small>Nigel is paralyzed! It may be unable to move!</small><br></div><div class="spacer battle-history"><br></div><h2 class="battle-history">Turn 10</h2><div class="chat chatmessage-hogline"><strong style="color:hsl(275,68%,53.68635842492642%)"><small>★</small><span class="username" data-name="Hogline">Hogline</span>:</strong> <em>Basically this isnt going the way i wanted it to go</em></div><div class="chat chatmessage-mesh123"><strong style="color:hsl(215,85%,50.58561730769168%)"><small>★</small><span class="username" data-name="Mesh123">Mesh123</span>:</strong> <em>sorry</em></div><div class="chat chatmessage-alabamacrimsonsurf"><strong style="color:hsl(143,69%,39.030495742945455%)"><small> </small><span class="username" data-name="AlabamaCrimsonSurf">AlabamaCrimsonSurf</span>:</strong> <em>and the icing on the shit sundae</em></div><div class="chat chatmessage-hogline"><strong style="color:hsl(275,68%,53.68635842492642%)"><small>★</small><span class="username" data-name="Hogline">Hogline</span>:</strong> <em>Mhmm</em></div><div class="chat"><small>Mesh123 left.</small></div><div class="chat chatmessage-hogline"><strong style="color:hsl(275,68%,53.68635842492642%)"><small>★</small><span class="username" data-name="Hogline">Hogline</span>:</strong> <em>Thanks m8</em></div><div class="chat chatmessage-hogline"><strong style="color:hsl(275,68%,53.68635842492642%)"><small>★</small><span class="username" data-name="Hogline">Hogline</span>:</strong> <em>I got 10 minutes</em></div><div class="chat chatmessage-hogline"><strong style="color:hsl(275,68%,53.68635842492642%)"><small>★</small><span class="username" data-name="Hogline">Hogline</span>:</strong> <em>he better come back</em></div><div class="chat"><small>Mesh123 joined.</small></div><div class="chat chatmessage-mesh123"><strong style="color:hsl(215,85%,50.58561730769168%)"><small>★</small><span class="username" data-name="Mesh123">Mesh123</span>:</strong> <em>sorry wifi</em></div><div class="chat chatmessage-hogline"><strong style="color:hsl(275,68%,53.68635842492642%)"><small>★</small><span class="username" data-name="Hogline">Hogline</span>:</strong> <em>Its aight</em></div><div class="spacer battle-history"><br></div><div class="battle-history">Mesh123 withdrew Titan!<br></div><div class="battle-history">Mesh123 sent out Alohan (<strong>Grimer</strong>)!<br></div><div class="spacer battle-history"><br></div><div class="battle-history">Nigel used <strong>Psychic</strong>!<br></div><div class="battle-history"><small>It's super effective!</small><br></div><div class="battle-history"><small>(The opposing Alohan lost <abbr title="−12/25">48%</abbr> of its health!)</small><br></div><div class="spacer battle-history"><br></div><h2 class="battle-history">Turn 11</h2><div class="spacer battle-history"><br></div><div class="battle-history">Nigel used <strong>Protect</strong>!<br></div><div class="battle-history"><small>Nigel protected itself!</small><br></div><div class="spacer battle-history"><br></div><div class="battle-history">The opposing Alohan used <strong>Poison Jab</strong>!<br></div><div class="battle-history"><small>Nigel protected itself!</small><br></div><div class="spacer battle-history"><br></div><h2 class="battle-history">Turn 12</h2><div class="spacer battle-history"><br></div><div class="battle-history">The opposing Alohan used <strong>Poison Jab</strong>!<br></div><div class="battle-history"><small>It's super effective!</small><br></div><div class="battle-history"><small>(Nigel lost <abbr title="−18/24">75%</abbr> of its health!)</small><br></div><div class="spacer battle-history"><br></div><div class="battle-history">Nigel fainted!<br></div><div class="spacer battle-history"><br></div><div class="battle-history">Go! Flintstone KFC (<strong>Archen</strong>)!<br></div><div class="spacer battle-history"><br></div><h2 class="battle-history">Turn 13</h2><div class="spacer battle-history"><br></div><div class="battle-history">The opposing Alohan used <strong>Shadow Sneak</strong>!<br></div><div class="battle-history"><small>(Flintstone KFC lost <abbr title="−6/22">27.3%</abbr> of its health!)</small><br></div><div class="spacer battle-history"><br></div><div class="battle-history">Flintstone KFC used <strong>Earthquake</strong>!<br></div><div class="battle-history"><small>It's super effective!</small><br></div><div class="battle-history"><small>(The opposing Alohan lost <abbr title="−13/25">52%</abbr> of its health!)</small><br></div><div class="spacer battle-history"><br></div><div class="battle-history">The opposing Alohan fainted!<br></div><div class="spacer battle-history"><br></div><div class="battle-history">Mesh123 sent out Titan (<strong>Golett</strong>)!<br></div><div class="spacer battle-history"><br></div><h2 class="battle-history">Turn 14</h2><div class="spacer battle-history"><br></div><div class="battle-history">Flintstone KFC used <strong>Earthquake</strong>!<br></div><div class="battle-history"><small>(The opposing Titan lost <abbr title="−10/22">45.5%</abbr> of its health!)</small><br></div><div class="spacer battle-history"><br></div><div class="battle-history">The opposing Titan used <strong>Thunder Punch</strong>!<br></div><div class="battle-history"><small>It's super effective!</small><br></div><div class="battle-history"><small>(Flintstone KFC lost <abbr title="−16/22">72.7%</abbr> of its health!)</small><br></div><div class="spacer battle-history"><br></div><div class="battle-history">Flintstone KFC fainted!<br></div><div class="spacer battle-history"><br></div><div class="battle-history">Go! Oriental (<strong>Munna</strong>)!<br></div><div class="spacer battle-history"><br></div><h2 class="battle-history">Turn 15</h2><div class="spacer battle-history"><br></div><div class="battle-history">The opposing Titan used <strong>Astonish</strong>!<br></div><div class="battle-history"><small>It's super effective!</small><br></div><div class="battle-history"><small>(Oriental lost <abbr title="−8/24">33.3%</abbr> of its health!)</small><br></div><div class="spacer battle-history"><br></div><div class="battle-history">Oriental used <strong>Moonlight</strong>!<br></div><div class="battle-history"><small>Oriental restored its HP.</small><br></div><div class="spacer battle-history"><br></div><h2 class="battle-history">Turn 16</h2><div class="spacer battle-history"><br></div><div class="battle-history">The opposing Titan used <strong>Astonish</strong>!<br></div><div class="battle-history"><small>It's super effective!</small><br></div><div class="battle-history"><small>(Oriental lost <abbr title="−8/24">33.3%</abbr> of its health!)</small><br></div><div class="spacer battle-history"><br></div><div class="battle-history">Oriental used <strong>Calm Mind</strong>!<br></div><div class="battle-history"><small>Oriental's Special Attack rose!</small><br></div><div class="battle-history"><small>Oriental's Special Defense rose!</small><br></div><div class="spacer battle-history"><br></div><h2 class="battle-history">Turn 17</h2><div class="spacer battle-history"><br></div><div class="battle-history">The opposing Titan used <strong>Astonish</strong>!<br></div><div class="battle-history"><small>It's super effective!</small><br></div><div class="battle-history"><small>(Oriental lost <abbr title="−8/24">33.3%</abbr> of its health!)</small><br></div><div class="spacer battle-history"><br></div><div class="battle-history">Oriental used <strong>Moonlight</strong>!<br></div><div class="battle-history"><small>Oriental restored its HP.</small><br></div><div class="spacer battle-history"><br></div><h2 class="battle-history">Turn 18</h2><div class="chat chatmessage-alabamacrimsonsurf"><strong style="color:hsl(143,69%,39.030495742945455%)"><small> </small><span class="username" data-name="AlabamaCrimsonSurf">AlabamaCrimsonSurf</span>:</strong> <em>doesn't get shadow punch?</em></div><div class="chat chatmessage-hogline"><strong style="color:hsl(275,68%,53.68635842492642%)"><small>★</small><span class="username" data-name="Hogline">Hogline</span>:</strong> <em>Mesh</em></div><div class="chat chatmessage-mesh123"><strong style="color:hsl(215,85%,50.58561730769168%)"><small>★</small><span class="username" data-name="Mesh123">Mesh123</span>:</strong> <em>nope and its bs</em></div><div class="chat chatmessage-hogline"><strong style="color:hsl(275,68%,53.68635842492642%)"><small>★</small><span class="username" data-name="Hogline">Hogline</span>:</strong> <em>is tryna hax</em></div><div class="spacer battle-history"><br></div><div class="battle-history">The opposing Titan used <strong>Astonish</strong>!<br></div><div class="battle-history"><small>It's super effective!</small><br></div><div class="battle-history"><small>(Oriental lost <abbr title="−8/24">33.3%</abbr> of its health!)</small><br></div><div class="spacer battle-history"><br></div><div class="battle-history">Oriental used <strong>Moonlight</strong>!<br></div><div class="battle-history"><small>Oriental restored its HP.</small><br></div><div class="spacer battle-history"><br></div><h2 class="battle-history">Turn 19</h2><div class="spacer battle-history"><br></div><div class="battle-history">The opposing Titan used <strong>Astonish</strong>!<br></div><div class="battle-history"><small>It's super effective!</small><br></div><div class="battle-history"><small>(Oriental lost <abbr title="−8/24">33.3%</abbr> of its health!)</small><br></div><div class="spacer battle-history"><br></div><div class="battle-history">Oriental used <strong>Psychic</strong>!<br></div><div class="battle-history"><small>(The opposing Titan lost <abbr title="−12/22">54.5%</abbr> of its health!)</small><br></div><div class="spacer battle-history"><br></div><div class="battle-history">The opposing Titan fainted!<br></div><div class="chat chatmessage-alabamacrimsonsurf"><strong style="color:hsl(143,69%,39.030495742945455%)"><small> </small><span class="username" data-name="AlabamaCrimsonSurf">AlabamaCrimsonSurf</span>:</strong> <em>wait</em></div><div class="chat chatmessage-alabamacrimsonsurf"><strong style="color:hsl(143,69%,39.030495742945455%)"><small> </small><span class="username" data-name="AlabamaCrimsonSurf">AlabamaCrimsonSurf</span>:</strong> <em>does this clean</em></div><div class="spacer battle-history"><br></div><div class="battle-history">Mesh123 sent out Bully (<strong>Deino</strong>)!<br></div><div class="spacer battle-history"><br></div><h2 class="battle-history">Turn 20</h2><div class="chat chatmessage-alabamacrimsonsurf"><strong style="color:hsl(143,69%,39.030495742945455%)"><small> </small><span class="username" data-name="AlabamaCrimsonSurf">AlabamaCrimsonSurf</span>:</strong> <em>miss</em></div><div class="chat chatmessage-alabamacrimsonsurf"><strong style="color:hsl(143,69%,39.030495742945455%)"><small> </small><span class="username" data-name="AlabamaCrimsonSurf">AlabamaCrimsonSurf</span>:</strong> <em>miss</em></div><div class="chat chatmessage-alabamacrimsonsurf"><strong style="color:hsl(143,69%,39.030495742945455%)"><small> </small><span class="username" data-name="AlabamaCrimsonSurf">AlabamaCrimsonSurf</span>:</strong> <em>miss</em></div><div class="chat chatmessage-hogline"><strong style="color:hsl(275,68%,53.68635842492642%)"><small>★</small><span class="username" data-name="Hogline">Hogline</span>:</strong> <em>Depends</em></div><div class="chat chatmessage-mesh123"><strong style="color:hsl(215,85%,50.58561730769168%)"><small>★</small><span class="username" data-name="Mesh123">Mesh123</span>:</strong> <em>stop that lmao</em></div><div class="chat chatmessage-hogline"><strong style="color:hsl(275,68%,53.68635842492642%)"><small>★</small><span class="username" data-name="Hogline">Hogline</span>:</strong> <em>if deino misses</em></div><div class="chat chatmessage-hogline"><strong style="color:hsl(275,68%,53.68635842492642%)"><small>★</small><span class="username" data-name="Hogline">Hogline</span>:</strong> <em>and i click dazzling gleam</em></div><div class="chat chatmessage-hogline"><strong style="color:hsl(275,68%,53.68635842492642%)"><small>★</small><span class="username" data-name="Hogline">Hogline</span>:</strong> <em>CANCEL BUTTON GODS</em></div><div class="chat chatmessage-hogline"><strong style="color:hsl(275,68%,53.68635842492642%)"><small>★</small><span class="username" data-name="Hogline">Hogline</span>:</strong> <em>LOOK DOWN UPON ME</em></div><div class="spacer battle-history"><br></div><div class="battle-history">The opposing Bully used <strong>Crunch</strong>!<br></div><div class="battle-history"><small>It's super effective!</small><br></div><div class="battle-history"><small>(Oriental lost <abbr title="−16/24">66.7%</abbr> of its health!)</small><br></div><div class="spacer battle-history"><br></div><div class="battle-history">Oriental fainted!<br></div><div class="spacer battle-history"><br></div><div class="battle-history"><strong>Mesh123</strong> won the battle!<br></div><div class="chat chatmessage-mesh123"><strong style="color:hsl(215,85%,50.58561730769168%)"><small>★</small><span class="username" data-name="Mesh123">Mesh123</span>:</strong> <em>gg</em></div></div><div class="inner-preempt"></div></div></div>
</div>
<script>
let daily = Math.floor(Date.now()/1000/60/60/24);document.write('<script src="https://play.pokemonshowdown.com/js/replay-embed.js?version'+daily+'"></'+'script>');
</script>
