<!DOCTYPE html>
<meta charset="utf-8" />
<!-- version 1 -->
<title>LC replay: Leventor1 vs. Little Prankster</title>
<style>
html,body {font-family:Verdana, sans-serif;font-size:10pt;margin:0;padding:0;}body{padding:12px 0;} .battle-log {font-family:Verdana, sans-serif;font-size:10pt;} .battle-log-inline {border:1px solid #AAAAAA;background:#EEF2F5;color:black;max-width:640px;margin:0 auto 80px;padding-bottom:5px;} .battle-log .inner {padding:4px 8px 0px 8px;} .battle-log .inner-preempt {padding:0 8px 4px 8px;} .battle-log .inner-after {margin-top:0.5em;} .battle-log h2 {margin:0.5em -8px;padding:4px 8px;border:1px solid #AAAAAA;background:#E0E7EA;border-left:0;border-right:0;font-family:Verdana, sans-serif;font-size:13pt;} .battle-log .chat {vertical-align:middle;padding:3px 0 3px 0;font-size:8pt;} .battle-log .chat strong {color:#40576A;} .battle-log .chat em {padding:1px 4px 1px 3px;color:#000000;font-style:normal;} .chat.mine {background:rgba(0,0,0,0.05);margin-left:-8px;margin-right:-8px;padding-left:8px;padding-right:8px;} .spoiler {color:#BBBBBB;background:#BBBBBB;padding:0px 3px;} .spoiler:hover, .spoiler:active, .spoiler-shown {color:#000000;background:#E2E2E2;padding:0px 3px;} .spoiler a {color:#BBBBBB;} .spoiler:hover a, .spoiler:active a, .spoiler-shown a {color:#2288CC;} .chat code, .chat .spoiler:hover code, .chat .spoiler:active code, .chat .spoiler-shown code {border:1px solid #C0C0C0;background:#EEEEEE;color:black;padding:0 2px;} .chat .spoiler code {border:1px solid #CCCCCC;background:#CCCCCC;color:#CCCCCC;} .battle-log .rated {padding:3px 4px;} .battle-log .rated strong {color:white;background:#89A;padding:1px 4px;border-radius:4px;} .spacer {margin-top:0.5em;} .message-announce {background:#6688AA;color:white;padding:1px 4px 2px;} .message-announce a, .broadcast-green a, .broadcast-blue a, .broadcast-red a {color:#DDEEFF;} .broadcast-green {background-color:#559955;color:white;padding:2px 4px;} .broadcast-blue {background-color:#6688AA;color:white;padding:2px 4px;} .infobox {border:1px solid #6688AA;padding:2px 4px;} .infobox-limited {max-height:200px;overflow:auto;overflow-x:hidden;} .broadcast-red {background-color:#AA5544;color:white;padding:2px 4px;} .message-learn-canlearn {font-weight:bold;color:#228822;text-decoration:underline;} .message-learn-cannotlearn {font-weight:bold;color:#CC2222;text-decoration:underline;} .message-effect-weak {font-weight:bold;color:#CC2222;} .message-effect-resist {font-weight:bold;color:#6688AA;} .message-effect-immune {font-weight:bold;color:#666666;} .message-learn-list {margin-top:0;margin-bottom:0;} .message-throttle-notice, .message-error {color:#992222;} .message-overflow, .chat small.message-overflow {font-size:0pt;} .message-overflow::before {font-size:9pt;content:'...';} .subtle {color:#3A4A66;}
</style>
<div class="wrapper replay-wrapper" style="max-width:1180px;margin:0 auto">
<input type="hidden" name="replayid" value="lc-483712627" />
<div class="battle"></div><div class="battle-log"></div><div class="replay-controls"></div><div class="replay-controls-2"></div>
<h1 style="font-weight:normal;text-align:center"><strong>LC</strong><br /><a href="http://pokemonshowdown.com/users/leventor1" class="subtle" target="_blank">Leventor1</a> vs. <a href="http://pokemonshowdown.com/users/littleprankster" class="subtle" target="_blank">Little Prankster</a></h1>
<script type="text/plain" class="battle-log-data">|j|Leventor1
|j|Little Prankster
|player|p1|Leventor1|70
|player|p2|Little Prankster|102
|gametype|singles
|gen|6
|tier|LC
|rated
|seed|16417,61117,58378,38453
|clearpoke
|poke|p1|Carvanha, L5, F|item
|poke|p1|Archen, L5, F|item
|poke|p1|Abra, L5, M|item
|poke|p1|Munchlax, L5, F|item
|poke|p1|Porygon, L5|item
|poke|p1|Ponyta, L5, M, shiny|item
|poke|p2|Shelmet, L5, F|item
|poke|p2|Torchic, L5, F|item
|poke|p2|Mienfoo, L5, M, shiny|item
|poke|p2|Aipom, L5, M|item
|poke|p2|Eevee, L5, F, shiny|item
|poke|p2|Togepi, L5, M|item
|rule|Sleep Clause Mod: Limit one foe put to sleep
|rule|Species Clause: Limit one of each Pokémon
|rule|OHKO Clause: OHKO moves are banned
|rule|Moody Clause: Moody is banned
|rule|Evasion Moves Clause: Evasion moves are banned
|rule|Endless Battle Clause: Forcing endless battles is banned
|rule|HP Percentage Mod: HP is shown in percentages
|teampreview
|choice|team 1, team 2, team 3, team 4, team 5, team 6|team 1, team 2, team 3, team 4, team 5, team 6
|
|start
|switch|p1a: Carvanha|Carvanha, L5, F|21\/21
|switch|p2a: Pearl|Shelmet, L5, F|23\/23
|turn|1
|choice|move waterfall|move acidarmor
|
|move|p1a: Carvanha|Waterfall|p2a: Pearl
|-damage|p2a: Pearl|16\/23
|move|p2a: Pearl|Acid Armor|p2a: Pearl
|-boost|p2a: Pearl|def|2
|
|-ability|p1a: Carvanha|Speed Boost|boost
|-boost|p1a: Carvanha|spe|1
|turn|2
|choice|switch 4|move acidarmor
|
|switch|p1a: Munchlax|Munchlax, L5, F|31\/31
|move|p2a: Pearl|Acid Armor|p2a: Pearl
|-boost|p2a: Pearl|def|2
|
|turn|3
|choice|move curse|move batonpass
|
|move|p2a: Pearl|Baton Pass|p2a: Pearl
|choice||switch 3
|
|switch|p2a: Ichiro|Mienfoo, L5, M, shiny|22\/22
|move|p1a: Munchlax|Curse|p1a: Munchlax
|-unboost|p1a: Munchlax|spe|1
|-boost|p1a: Munchlax|atk|1
|-boost|p1a: Munchlax|def|1
|
|turn|4
|choice|move curse|move swordsdance
|
|move|p2a: Ichiro|Swords Dance|p2a: Ichiro
|-boost|p2a: Ichiro|atk|2
|move|p1a: Munchlax|Curse|p1a: Munchlax
|-unboost|p1a: Munchlax|spe|1
|-boost|p1a: Munchlax|atk|1
|-boost|p1a: Munchlax|def|1
|
|turn|5
|choice|switch 4|move swordsdance
|
|switch|p1a: Carvanha|Carvanha, L5, F|21\/21
|move|p2a: Ichiro|Swords Dance|p2a: Ichiro
|-boost|p2a: Ichiro|atk|2
|
|turn|6
|choice|move protect|move batonpass
|
|move|p1a: Carvanha|Protect|p1a: Carvanha
|-singleturn|p1a: Carvanha|Protect
|move|p2a: Ichiro|Baton Pass|p2a: Ichiro
|choice||switch 6
|
|switch|p2a: Magic|Togepi, L5, M|23\/23
|
|-ability|p1a: Carvanha|Speed Boost|boost
|-boost|p1a: Carvanha|spe|1
|turn|7
|choice|move protect|move thunderwave
|
|move|p1a: Carvanha|Protect|p1a: Carvanha
|-fail|p1a: Carvanha
|move|p2a: Magic|Thunder Wave|p1a: Carvanha
|-status|p1a: Carvanha|par
|
|-ability|p1a: Carvanha|Speed Boost|boost
|-boost|p1a: Carvanha|spe|1
|turn|8
|choice|move destinybond|move lightscreen
|
|move|p2a: Magic|Light Screen|p2a: Magic
|-sidestart|p2: Little Prankster|move: Light Screen
|cant|p1a: Carvanha|par
|
|-ability|p1a: Carvanha|Speed Boost|boost
|-boost|p1a: Carvanha|spe|1
|turn|9
|choice|move destinybond|move batonpass
|
|move|p2a: Magic|Baton Pass|p2a: Magic
|choice||switch 6
|
|switch|p2a: Ichiro|Mienfoo, L5, M, shiny|22\/22
|move|p1a: Carvanha|Destiny Bond|p1a: Carvanha
|-singlemove|p1a: Carvanha|Destiny Bond
|
|-ability|p1a: Carvanha|Speed Boost|boost
|-boost|p1a: Carvanha|spe|1
|turn|10
|choice|move protect|move batonpass
|
|cant|p1a: Carvanha|par
|move|p2a: Ichiro|Baton Pass|p2a: Ichiro
|choice||switch 4
|
|switch|p2a: Tsuyo|Aipom, L5, M|22\/22
|
|-ability|p1a: Carvanha|Speed Boost|boost
|-boost|p1a: Carvanha|spe|1
|turn|11
|choice|move protect|move substitute
|
|move|p1a: Carvanha|Protect|p1a: Carvanha
|-singleturn|p1a: Carvanha|Protect
|move|p2a: Tsuyo|Substitute|p2a: Tsuyo
|-start|p2a: Tsuyo|Substitute
|-damage|p2a: Tsuyo|17\/22
|
|-ability|p1a: Carvanha|Speed Boost|boost
|-boost|p1a: Carvanha|spe|1
|turn|12
|choice|move destinybond|move batonpass
|
|move|p2a: Tsuyo|Baton Pass|p2a: Tsuyo
|choice||switch 2
|
|switch|p2a: Amber|Torchic, L5, F|21\/21
|move|p1a: Carvanha|Destiny Bond|p1a: Carvanha
|-singlemove|p1a: Carvanha|Destiny Bond
|
|-sideend|p2: Little Prankster|move: Light Screen
|turn|13
|choice|move protect|move swordsdance
|
|move|p1a: Carvanha|Protect|p1a: Carvanha
|-singleturn|p1a: Carvanha|Protect
|move|p2a: Amber|Swords Dance|p2a: Amber
|-boost|p2a: Amber|atk|2
|
|-ability|p2a: Amber|Speed Boost|boost
|-boost|p2a: Amber|spe|1
|turn|14
|choice|move destinybond|move protect
|
|move|p2a: Amber|Protect|p2a: Amber
|-singleturn|p2a: Amber|Protect
|move|p1a: Carvanha|Destiny Bond|p1a: Carvanha
|-singlemove|p1a: Carvanha|Destiny Bond
|
|-ability|p2a: Amber|Speed Boost|boost
|-boost|p2a: Amber|spe|1
|turn|15
|choice|move crunch|move protect
|
|move|p2a: Amber|Protect|p2a: Amber
|-singleturn|p2a: Amber|Protect
|move|p1a: Carvanha|Crunch|p2a: Amber
|-activate|p2a: Amber|move: Protect
|
|-ability|p2a: Amber|Speed Boost|boost
|-boost|p2a: Amber|spe|1
|turn|16
|choice|move protect|move rockslide
|
|move|p1a: Carvanha|Protect|p1a: Carvanha
|-singleturn|p1a: Carvanha|Protect
|move|p2a: Amber|Rock Slide|p1a: Carvanha
|-activate|p1a: Carvanha|move: Protect
|
|-ability|p2a: Amber|Speed Boost|boost
|-boost|p2a: Amber|spe|1
|turn|17
|choice|move destinybond|move rockslide
|
|move|p2a: Amber|Rock Slide|p1a: Carvanha
|-damage|p1a: Carvanha|0 fnt
|faint|p1a: Carvanha
|
|-ability|p2a: Amber|Speed Boost|boost
|-boost|p2a: Amber|spe|1
|-message|Leventor1 forfeited.
|
|win|Little Prankster
|player|p1
|player|p2
|l|Leventor1</script>
</div>
<div class="battle-log battle-log-inline"><div class="inner"><div class="battle-options"></div><div class="inner"><div class="chat"><small>Leventor1 joined.</small></div><div class="chat"><small>Little Prankster joined.</small></div><div class=""><small>Format:</small> <br><strong>LC</strong></div><div class="rated"><strong>Rated battle</strong></div><div class=""><small><em>Sleep Clause Mod:</em> Limit one foe put to sleep</small></div><div class=""><small><em>Species Clause:</em> Limit one of each Pokémon</small></div><div class=""><small><em>OHKO Clause:</em> OHKO moves are banned</small></div><div class=""><small><em>Moody Clause:</em> Moody is banned</small></div><div class=""><small><em>Evasion Moves Clause:</em> Evasion moves are banned</small></div><div class=""><small><em>Endless Battle Clause:</em> Forcing endless battles is banned</small></div><div class=""><small><em>HP Percentage Mod:</em> HP is shown in percentages</small></div><div class="chat battle-history"><strong>Leventor1's team:</strong> <em style="color:#445566;display:block;">Carvanha / Archen / Abra / Munchlax / Porygon / Ponyta</em></div><div class="chat battle-history"><strong>Little Prankster's team:</strong> <em style="color:#445566;display:block;">Shelmet / Torchic / Mienfoo / Aipom / Eevee / Togepi</em></div><div class="spacer battle-history"><br></div><div class="battle-history">Battle started between Leventor1 and Little Prankster!<br></div><div class="spacer battle-history"><br></div><div class="battle-history">Go! <strong>Carvanha</strong>!<br></div><div class="spacer battle-history"><br></div><div class="battle-history">Little Prankster sent out Pearl (<strong>Shelmet</strong>)!<br></div><div class="spacer battle-history"><br></div><h2 class="battle-history">Turn 1</h2><div class="spacer battle-history"><br></div><div class="battle-history">Carvanha used <strong>Waterfall</strong>!<br></div><div class="battle-history"><small>(The opposing Pearl lost <abbr title="−7/23">30.4%</abbr> of its health!)</small><br></div><div class="spacer battle-history"><br></div><div class="battle-history">The opposing Pearl used <strong>Acid Armor</strong>!<br></div><div class="battle-history"><small>The opposing Pearl's Defense rose sharply!</small><br></div><div class="spacer battle-history"><br></div><div class="battle-history"><small>[Carvanha's Speed Boost]</small><br></div><div class="battle-history"><small>Carvanha's Speed rose!</small><br></div><div class="spacer battle-history"><br></div><h2 class="battle-history">Turn 2</h2><div class="spacer battle-history"><br></div><div class="battle-history">Carvanha, come back!<br></div><div class="battle-history">Go! <strong>Munchlax</strong>!<br></div><div class="spacer battle-history"><br></div><div class="battle-history">The opposing Pearl used <strong>Acid Armor</strong>!<br></div><div class="battle-history"><small>The opposing Pearl's Defense rose sharply!</small><br></div><div class="spacer battle-history"><br></div><h2 class="battle-history">Turn 3</h2><div class="spacer battle-history"><br></div><div class="battle-history">The opposing Pearl used <strong>Baton Pass</strong>!<br></div><div class="spacer battle-history"><br></div><div class="battle-history">Little Prankster sent out Ichiro (<strong>Mienfoo</strong>)!<br></div><div class="spacer battle-history"><br></div><div class="battle-history">Munchlax used <strong>Curse</strong>!<br></div><div class="battle-history"><small>Munchlax's Speed fell!</small><br></div><div class="battle-history"><small>Munchlax's Attack rose!</small><br></div><div class="battle-history"><small>Munchlax's Defense rose!</small><br></div><div class="spacer battle-history"><br></div><h2 class="battle-history">Turn 4</h2><div class="spacer battle-history"><br></div><div class="battle-history">The opposing Ichiro used <strong>Swords Dance</strong>!<br></div><div class="battle-history"><small>The opposing Ichiro's Attack rose sharply!</small><br></div><div class="spacer battle-history"><br></div><div class="battle-history">Munchlax used <strong>Curse</strong>!<br></div><div class="battle-history"><small>Munchlax's Speed fell!</small><br></div><div class="battle-history"><small>Munchlax's Attack rose!</small><br></div><div class="battle-history"><small>Munchlax's Defense rose!</small><br></div><div class="spacer battle-history"><br></div><h2 class="battle-history">Turn 5</h2><div class="spacer battle-history"><br></div><div class="battle-history">Munchlax, come back!<br></div><div class="battle-history">Go! <strong>Carvanha</strong>!<br></div><div class="spacer battle-history"><br></div><div class="battle-history">The opposing Ichiro used <strong>Swords Dance</strong>!<br></div><div class="battle-history"><small>The opposing Ichiro's Attack rose sharply!</small><br></div><div class="spacer battle-history"><br></div><h2 class="battle-history">Turn 6</h2><div class="spacer battle-history"><br></div><div class="battle-history">Carvanha used <strong>Protect</strong>!<br></div><div class="battle-history"><small>Carvanha protected itself!</small><br></div><div class="spacer battle-history"><br></div><div class="battle-history">The opposing Ichiro used <strong>Baton Pass</strong>!<br></div><div class="spacer battle-history"><br></div><div class="battle-history">Little Prankster sent out Magic (<strong>Togepi</strong>)!<br></div><div class="spacer battle-history"><br></div><div class="battle-history"><small>[Carvanha's Speed Boost]</small><br></div><div class="battle-history"><small>Carvanha's Speed rose!</small><br></div><div class="spacer battle-history"><br></div><h2 class="battle-history">Turn 7</h2><div class="spacer battle-history"><br></div><div class="battle-history">Carvanha used <strong>Protect</strong>!<br></div><div class="battle-history"><small>But it failed!</small><br></div><div class="spacer battle-history"><br></div><div class="battle-history">The opposing Magic used <strong>Thunder Wave</strong>!<br></div><div class="battle-history"><small>Carvanha is paralyzed! It may be unable to move!</small><br></div><div class="spacer battle-history"><br></div><div class="battle-history"><small>[Carvanha's Speed Boost]</small><br></div><div class="battle-history"><small>Carvanha's Speed rose!</small><br></div><div class="spacer battle-history"><br></div><h2 class="battle-history">Turn 8</h2><div class="spacer battle-history"><br></div><div class="battle-history">The opposing Magic used <strong>Light Screen</strong>!<br></div><div class="battle-history"><small>Light Screen made the opposing team stronger against special moves!</small><br></div><div class="spacer battle-history"><br></div><div class="battle-history">Carvanha is paralyzed! It can't move!<br></div><div class="spacer battle-history"><br></div><div class="battle-history"><small>[Carvanha's Speed Boost]</small><br></div><div class="battle-history"><small>Carvanha's Speed rose!</small><br></div><div class="spacer battle-history"><br></div><h2 class="battle-history">Turn 9</h2><div class="spacer battle-history"><br></div><div class="battle-history">The opposing Magic used <strong>Baton Pass</strong>!<br></div><div class="spacer battle-history"><br></div><div class="battle-history">Little Prankster sent out Ichiro (<strong>Mienfoo</strong>)!<br></div><div class="spacer battle-history"><br></div><div class="battle-history">Carvanha used <strong>Destiny Bond</strong>!<br></div><div class="battle-history">Carvanha is hoping to take its attacker down with it!<br></div><div class="spacer battle-history"><br></div><div class="battle-history"><small>[Carvanha's Speed Boost]</small><br></div><div class="battle-history"><small>Carvanha's Speed rose!</small><br></div><div class="spacer battle-history"><br></div><h2 class="battle-history">Turn 10</h2><div class="spacer battle-history"><br></div><div class="battle-history">Carvanha is paralyzed! It can't move!<br></div><div class="spacer battle-history"><br></div><div class="battle-history">The opposing Ichiro used <strong>Baton Pass</strong>!<br></div><div class="spacer battle-history"><br></div><div class="battle-history">Little Prankster sent out Tsuyo (<strong>Aipom</strong>)!<br></div><div class="spacer battle-history"><br></div><div class="battle-history"><small>[Carvanha's Speed Boost]</small><br></div><div class="battle-history"><small>Carvanha's Speed rose!</small><br></div><div class="spacer battle-history"><br></div><h2 class="battle-history">Turn 11</h2><div class="spacer battle-history"><br></div><div class="battle-history">Carvanha used <strong>Protect</strong>!<br></div><div class="battle-history"><small>Carvanha protected itself!</small><br></div><div class="spacer battle-history"><br></div><div class="battle-history">The opposing Tsuyo used <strong>Substitute</strong>!<br></div><div class="battle-history"><small>The opposing Tsuyo put in a substitute!</small><br></div><div class="battle-history"><small>(The opposing Tsuyo lost <abbr title="−5/22">22.7%</abbr> of its health!)</small><br></div><div class="spacer battle-history"><br></div><div class="battle-history"><small>[Carvanha's Speed Boost]</small><br></div><div class="battle-history"><small>Carvanha's Speed rose!</small><br></div><div class="spacer battle-history"><br></div><h2 class="battle-history">Turn 12</h2><div class="spacer battle-history"><br></div><div class="battle-history">The opposing Tsuyo used <strong>Baton Pass</strong>!<br></div><div class="spacer battle-history"><br></div><div class="battle-history">Little Prankster sent out Amber (<strong>Torchic</strong>)!<br></div><div class="spacer battle-history"><br></div><div class="battle-history">Carvanha used <strong>Destiny Bond</strong>!<br></div><div class="battle-history">Carvanha is hoping to take its attacker down with it!<br></div><div class="spacer battle-history"><br></div><div class="battle-history"><small>The opposing team's Light Screen wore off!</small><br></div><div class="spacer battle-history"><br></div><h2 class="battle-history">Turn 13</h2><div class="spacer battle-history"><br></div><div class="battle-history">Carvanha used <strong>Protect</strong>!<br></div><div class="battle-history"><small>Carvanha protected itself!</small><br></div><div class="spacer battle-history"><br></div><div class="battle-history">The opposing Amber used <strong>Swords Dance</strong>!<br></div><div class="battle-history"><small>The opposing Amber's Attack rose sharply!</small><br></div><div class="spacer battle-history"><br></div><div class="battle-history"><small>[The opposing Amber's Speed Boost]</small><br></div><div class="battle-history"><small>The opposing Amber's Speed rose!</small><br></div><div class="spacer battle-history"><br></div><h2 class="battle-history">Turn 14</h2><div class="spacer battle-history"><br></div><div class="battle-history">The opposing Amber used <strong>Protect</strong>!<br></div><div class="battle-history"><small>The opposing Amber protected itself!</small><br></div><div class="spacer battle-history"><br></div><div class="battle-history">Carvanha used <strong>Destiny Bond</strong>!<br></div><div class="battle-history">Carvanha is hoping to take its attacker down with it!<br></div><div class="spacer battle-history"><br></div><div class="battle-history"><small>[The opposing Amber's Speed Boost]</small><br></div><div class="battle-history"><small>The opposing Amber's Speed rose!</small><br></div><div class="spacer battle-history"><br></div><h2 class="battle-history">Turn 15</h2><div class="spacer battle-history"><br></div><div class="battle-history">The opposing Amber used <strong>Protect</strong>!<br></div><div class="battle-history"><small>The opposing Amber protected itself!</small><br></div><div class="spacer battle-history"><br></div><div class="battle-history">Carvanha used <strong>Crunch</strong>!<br></div><div class="battle-history"><small>The opposing Amber protected itself!</small><br></div><div class="spacer battle-history"><br></div><div class="battle-history"><small>[The opposing Amber's Speed Boost]</small><br></div><div class="battle-history"><small>The opposing Amber's Speed rose!</small><br></div><div class="spacer battle-history"><br></div><h2 class="battle-history">Turn 16</h2><div class="spacer battle-history"><br></div><div class="battle-history">Carvanha used <strong>Protect</strong>!<br></div><div class="battle-history"><small>Carvanha protected itself!</small><br></div><div class="spacer battle-history"><br></div><div class="battle-history">The opposing Amber used <strong>Rock Slide</strong>!<br></div><div class="battle-history"><small>Carvanha protected itself!</small><br></div><div class="spacer battle-history"><br></div><div class="battle-history"><small>[The opposing Amber's Speed Boost]</small><br></div><div class="battle-history"><small>The opposing Amber's Speed rose!</small><br></div><div class="spacer battle-history"><br></div><h2 class="battle-history">Turn 17</h2><div class="spacer battle-history"><br></div><div class="battle-history">The opposing Amber used <strong>Rock Slide</strong>!<br></div><div class="battle-history"><small>(Carvanha lost <abbr title="−21/21">100%</abbr> of its health!)</small><br></div><div class="spacer battle-history"><br></div><div class="battle-history">Carvanha fainted!<br></div><div class="spacer battle-history"><br></div><div class="battle-history"><small>[The opposing Amber's Speed Boost]</small><br></div><div class="battle-history"><small>The opposing Amber's Speed rose!</small><br></div><div class="battle-history"><small>Leventor1 forfeited.</small><br></div><div class="spacer battle-history"><br></div><div class="battle-history"><strong>Little Prankster</strong> won the battle!<br></div><div class="chat"><small>Leventor1 left.</small></div></div><div class="inner-preempt"></div></div></div>
</div>
<script>
let daily = Math.floor(Date.now()/1000/60/60/24);document.write('<script src="https://play.pokemonshowdown.com/js/replay-embed.js?version'+daily+'"></'+'script>');
</script>
